3940 5856
358 360 421 423 366
531 310 534 315 *
570 405 572 415 ‚
868 353 1020 413 Ptolemaei
1038 356 1194 415 Ηιιιιιοιιιι.

445 530 650 587 Τιιιιιιιιοιιιι
668 530 702 586 de
720 537 786 586 tono
808 531 837 586 in
854 539 949 593 tonum
966 539 1140 603 comparatae
1164 539 1228 588 sunt
1251 532 1447 591 mutationibus
1469 551 1574 590 morum
1591 537 1714 606 publico·

357 625 416 663 rum
440 615 469 664 et
490 609 636 664 affectuum
660 626 720 701 cap
744 610 768 664 7.
805 611 938 668 Videntur
963 620 1055 668 autem
1079 612 1233 668 coincidere
1254 612 1322 668 ista:
1353 617 1377 683 i)
1397 614 1503 683 species
1527 616 1659 684 diapason
1685 621 1714 669 ot

357 691 384 761 2)
402 689 459 744 toni
478 703 527 744 sen
544 689 617 744 modi
635 689 740 744 musici.
777 689 815 744 Et
832 706 899 746 sane
916 710 1009 750 nerum
1027 699 1081 762 est,
1106 699 1242 762 quatenus
1261 693 1319 747 toni
1342 694 1410 749 serie
1428 694 1632 750 intervallorum
1649 710 1713 749 coa·

361 769 502 823 cinnornm
529 756 669 838 differunt,
695 766 804 823 omnino
829 771 894 824 mihi
916 771 1084 839 coincidunt,
1112 777 1141 825 at
1165 777 1299 838 quatenus
1322 773 1446 827 acumine
1468 781 1495 828 et
1512 774 1658 843 gravitate,
1683 781 1714 830 nt

358 847 530 904 Ptolemaeus
547 846 609 901 illos
628 845 778 938 distinguit,
797 844 872 903 aliud
890 858 954 905 sunt
972 850 1078 919 species
1091 848 1242 940 diapason,
1261 848 1335 904 aliud
1352 850 1410 905 teni
1428 867 1477 906 seu
1495 851 1581 920 modi,
1603 852 1713 908 dantur·

358 946 412 999 que
429 929 456 981 in
473 927 569 982 eodem
588 933 685 983 tonos
672 924 778 996 species
797 923 919 983 diversae
937 929 1078 999 diapason,
1097 927 1182 997 magis
1201 943 1264 983 vero
1284 927 1410 1016 diapente
1430 935 1457 985 et
1475 928 1653 987 diatessaron.

450 1007 523 1061 Nota
541 1006 586 1063 VI
622 1006 684 1062 Jam
707 1005 742 1060 ad
760 1004 889 1063 coelestia
911 1008 1023 1077 transit;
1053 1005 1212 1061 coelestium
1236 1004 1437 1074 suppositiones
1466 1008 1588 1076 appellat
1610 1025 1643 1065 ea
1666 1026 1713 1088 sc

359 1089 431 1144 circa
448 1102 529 1155 quae
522 1086 627 1143 sidera
645 1087 775 1143 coelestia
793 1094 858 1142 sunt
875 1093 1016 1155 occupata,
1035 1091 1066 1140 ut
1084 1100 1178 1139 eorum
1196 1091 1298 1154 motus,
1319 1084 1459 1153 sphaerae,
1477 1060 1714 1160 configurationes,

358 1164 566 1221 familiaritates.
602 1167 672 1221 Nam
697 1167 757 1223 libri
777 1168 910 1237 cujusque
935 1164 1003 1219 haec
1027 1163 1070 1218 ιιι
1094 1162 1141 1216 illa
1162 1163 1322 1239 hypothesis
1345 1164 1444 1219 dicitur
1468 1182 1544 1237 esse,
1570 1178 1599 1225 et
1616 1170 1714 1229 Graeci

359 1262 472 1316 scopum
490 1244 628 1299 actionum
647 1254 836 1317 susceptarum
854 1243 994 1314 appellant
1012 1259 1106 1298 ιιιιιιι
1123 1242 1303 1312 hypothesin,
1322 1243 1399 1310 quasi
1416 1245 1597 1313 propositum.
1721 1298 1727 1315 ,

446 1323 520 1378 Νοιι
536 1324 596 1378 Vll.
633 1324 754 1387 Partitur
775 1323 966 1381 tractationem
991 1321 1092 1376 induo
1117 1321 1219 1390 capita:
1243 1321 1359 1390 primum
1381 1323 1440 1378 vult
1456 1324 1598 1393 generales
1615 1326 1714 1386 afferre

360 1401 577 1471 comparationes
597 1403 630 1457 de
649 1404 782 1474 omnibus,
801 1405 829 1460 id
842 1410 884 1460 est
895 1420 965 1473 quae
977 1402 1071 1457 ὀιιιιιι
1083 1402 1209 1472 planetas
1229 1401 1256 1455 iu
1275 1418 1373 1471 genera
1386 1403 1510 1473 attinent,
1530 1406 1573 1461 vel
1585 1406 1619 1462 de
1632 1424 1713 1477 quam

358 1481 495 1552 plurimis,
519 1483 623 1538 scilicet
642 1485 705 1551 quia
723 1501 778 1539 non
797 1500 889 1539 omnes
912 1492 1041 1553 aspectus
1067 1482 1191 1537 omnibus
1209 1481 1328 1550 planetis
1347 1488 1518 1552 competunt,
1542 1484 1600 1539 iere
1623 1493 1713 1541 tamen

359 1560 393 1614 de
412 1560 547 1616 omnibus.
584 1561 710 1617 Secundo
732 1562 791 1617 ιιιι
809 1564 842 1618 ιι
861 1561 988 1631 singuiis,
1010 1561 1133 1631 intellige
1152 1560 1284 1631 planetis,
1311 1560 1344 1615 de
1366 1560 1414 1631 iis,
1438 1579 1509 1631 quae
1527 1564 1712 1632 particulatim

359 1640 490 1709 reiquae
513 1641 573 1695 aliis
591 1641 669 1696 aliter
685 1642 776 1697 inesse
802 1641 1049 1712 deprehenduntur.
1085 1641 1179 1695 Priore
1202 1641 1246 1695 ιιι
1269 1656 1319 1709 per
1336 1641 1426 1711 capita
1444 1641 1565 1711 quinque
1584 1643 1713 1712 deinceps

360 1720 476 1790 inc'edit,
495 1720 647 1789 posteriore
665 1736 716 1790 per
736 1723 776 1777 ιι.
799 1723 838 1777 ib.
859 1722 899 1778 td.
918 1719 981 1775 libri
996 1722 1044 1774 III.
1063 1721 1189 1776 incedere
1207 1721 1371 1790 decreverat,
1390 1728 1421 1777 ut
1438 1722 1559 1777 indicant
1579 1723 1665 1794 dtuli,
1685 1731 1714 1778 at

360 1818 415 1859 nou
433 1798 563 1869 absolvit,
582 1798 647 1867 quia
664 1799 733 1853 ιιιιιι
751 1798 890 1869 ingressus
908 1807 951 1856 est
968 1800 1132 1871 imperviam.
1782 1854 1787 1859 .

446 1878 520 1932 Nota
537 1876 610 1932 VIII.
648 1877 883 1947 Comparationem
901 1880 972 1935 inter
990 1896 1019 1934 se
1038 1879 1204 1949 generalium
1223 1879 1327 1935 orditur
1340 1878 1512 1934 Ptolemaeus
1530 1894 1547 1933 a
1565 1886 1713 1950 systemate

359 1954 479 2026 perlecto
498 1961 526 2010 ιι
542 1968 559 2007 ι
576 1954 696 2010 redimo.
730 1957 801 2011 Nam
818 1958 894 2012 utin
912 1964 1060 2027 systemate
1077 1957 1198 2027 perfecto
1217 1973 1310 2013 omnes
1322 1957 1416 2013 insunt
1428 1957 1546 2013 chordae
1564 1974 1712 2027 earumque

359 2032 509 2093 intervalla.
528 2049 643 2103 genera,
662 2035 767 2104 species
785 2035 1009 2106 differentiaeque
1027 2046 1083 2092 tam
1101 2036 1351 2105 tetrachordorum,
1374 2053 1454 2105 quam
1473 2039 1711 2093 consonantiarum

360 2120 542 2180 cantuumque
567 2119 595 2167 et
611 2112 754 2169 modorum
776 2130 825 2170 ιιι
849 2122 990 2187 tonorum,
1014 2116 1054 2172 sic
1078 2117 1159 2172 otiam
1183 2116 1233 2170 sub
1251 2115 1362 2170 zodiaco
1387 2115 1518 2172 incedunt
1543 2131 1635 2171 omnes
1654 2116 1713 2186 pla·

360 2199 441 2247 netas
458 2207 520 2246 cum
538 2191 639 2261 triplici
660 2207 759 2262 genere
777 2200 908 2264 motuum,
926 2195 954 2249 in
973 2194 1092 2264 longum,
1111 2194 1196 2249 latum
1214 2201 1241 2248 ιι
1259 2195 1352 2248 altum.
1391 2194 1604 2263 Comparationis
1622 2202 1712 2249 autem

359 2279 520 2340 argumenta
543 2272 623 2327 affert
645 2271 792 2344 praecipue
815 2282 946 2342 quatuor:
970 2273 1086 2343 primum
1109 2291 1127 2328 a
1143 2280 1265 2328 motuum
1283 2271 1458 2329 similitudine
1484 2279 1513 2327 et
1530 2272 1712 2342 simplicitate,

361 2350 510 2408 secundum
529 2369 545 2408 a
563 2353 653 2409 reditu
670 2359 792 2408 motuum
809 2353 837 2407 iu
855 2369 885 2408 se
902 2354 986 2423 ipsos,
1004 2353 1114 2408 tertium
1132 2354 1167 2409 ab
1187 2351 1365 2421 oppositionis
1385 2350 1611 2423 configuratione,
1631 2351 1712 2406 simili

361 2430 527 2500 oppositioni
545 2449 633 2490 meses
651 2440 679 2489 et
697 2439 891 2503 extremarum,
918 2439 1045 2502 quartum
1070 2450 1086 2488 a
1104 2432 1235 2489 consimili
1253 2430 1436 2498 magnitudine
1454 2438 1637 2502 potestatum,
1664 2447 1712 2501 op·

362 2508 505 2577 positionis
525 2510 632 2579 quidem
651 2513 722 2570 inter
740 2512 984 2584 configurationes,
1004 2511 1135 2580 diapason
1153 2527 1217 2566 uero
1235 2510 1306 2565 inter
1323 2511 1524 2566 consonantias.

448 2589 574 2645 Primum
585 2602 771 2662 argumentum
789 2595 844 2649 hoe
862 2599 918 2647 est:
936 2591 1059 2647 dantur
1051 2607 1079 2645 ιιι
1096 2590 1207 2646 zodiaco
1226 2589 1398 2663 intervalla,
1406 2590 1505 2646 dautur
1523 2591 1630 2646 etiam
1622 2607 1649 2645 m
1669 2608 1712 2661 sy·

334 2710 338 2717 .
362 2674 477 2749 stemate
495 2670 652 2741 intervalla3
677 2681 705 2727 et
729 2672 872 2743 perillam
890 2671 998 2740 quidem
1021 2670 1123 2738 trajicit
1146 2668 1221 2724 sidus
1240 2667 1365 2738 aliquod,
1391 2684 1441 2738 per
1458 2669 1513 2724 ista
1534 2685 1597 2723 vero
1616 2676 1712 2723 cantus

362 2738 475 2817 transit,
487 2756 577 2804 motus
596 2754 778 2823 austrisque
796 2761 839 2808 est
855 2749 960 2807 localia
995 2746 1142 2803 Ιιιιιιιιιι
1165 2746 1273 2815 quidem
1291 2748 1395 2803 zodiaci
1418 2748 1510 2817 qualia
1528 2749 1594 2819 sint,
1617 2763 1666 2817 per
1683 2762 1713 2801 ιι

362 2832 447 2896 patet,
466 2834 496 2881 at
514 2828 683 2886 intervalla
675 2848 702 2887 ιιι
721 2840 868 2924 systemate
891 2829 996 2900 gemino
1014 2844 1097 2884 sensu
1115 2827 1216 2882 insunt.
1252 2828 1372 2882 Primum
1397 2829 1467 2883 enim
1491 2827 1668 2891 materialiter
1686 2835 1714 2882 et

322 2910 324 2921 '
362 2904 489 2974 organice
511 2907 614 2963 distant
638 2910 704 2965 ab
696 2913 810 2968 invicem
835 2910 966 2976 chordae,
991 2907 1032 2962 sic
1053 2913 1084 2962 ut
1101 2905 1295 2975 unaquaelibet
1319 2907 1430 2962 seorsim
1454 2906 1586 2963 aceteris
1610 2906 1714 2977 pulsari

361 2983 462 3053 possit3
486 2991 514 3040 et
531 2985 560 3040 in
582 2987 676 3043 codice
694 2989 860 3047 Ptolemaioo
879 2990 1028 3059 pinguntur
1050 2987 1168 3042 chordae
1186 2986 1340 3054 systematis
1364 2984 1441 3040 lineis
1464 2987 1560 3040 erectis
1586 2985 1658 3039 inter
1683 3001 1713 3040 se

361 3060 511 3133 parallelis,
530 3064 639 3121 ullarum
656 3067 740 3137 igitur
757 3071 827 3127 aliae
845 3070 880 3124 ad
899 3067 1036 3123 sinistram
1053 3065 1139 3135 magis
1158 3064 1302 3133 recedunt,
1321 3064 1389 3118 aliae
1408 3065 1443 3120 ad
1462 3065 1595 3133 dextram,
1613 3065 1713 3120 distan-

362 3147 404 3195 tes
421 3142 457 3197 ab
474 3141 598 3215 invicem,
615 3145 645 3201 id
663 3154 705 3202 est
722 3147 919 3203 intervallatae.
956 3145 994 3199 Et
1011 3145 1079 3200 haec
1097 3144 1225 3213 organica
1242 3142 1374 3207 distantia
1393 3144 1500 3212 peperit
1516 3159 1615 3197 nomen
1632 3145 1713 3198 inter-

363 3218 428 3274 valli
446 3222 474 3275 ιιι
491 3225 609 3295 musica,
634 3227 708 3294 quod
726 3227 824 3283 deiude
841 3225 922 3281 etiam
941 3224 977 3280 ad
995 3224 1063 3279 alias
1080 3222 1242 3280 translatum
1261 3222 1313 3276 fuit
1331 3222 1552 3290 significationes.
1589 3220 1713 3278 Secundo

362 3298 433 3352 enim
452 3316 532 3357 voces
549 3301 729 3374 intervallum,
750 3305 892 3373 distantia,
919 3311 1064 3361 sumuntur
1081 3306 1162 3358 etiam
1186 3304 1219 3357 de
1239 3302 1391 3370 differentia
1417 3303 1561 3371 potestatis
1586 3318 1714 3357 sonorum

361 3376 389 3430 in
408 3380 531 3435 acumine
550 3387 576 3434 et
595 3381 736 3452 gravitate,
756 3384 820 3453 quia
837 3380 931 3440 vocem
950 3392 1057 3440 acutam
1075 3383 1188 3439 dicimus
1207 3381 1308 3452 altam,
1327 3397 1435 3451 ςιιιιιιι
1453 3381 1631 3452 profundam,
1653 3397 1716 3436 cum

361 3456 535 3513 intervallum
554 3458 664 3529 aliquod
682 3462 822 3518 insinuent
840 3463 910 3518 inter
927 3480 956 3518 se
976 3468 1160 3531 comparatam
1181 3463 1304 3531 sequitur
1323 3470 1353 3516 ιι
1372 3463 1453 3518 etiam
1470 3462 1499 3518 iu
1517 3478 1599 3517 sensu
1611 3458 1714 3515 musico

362 3534 434 3589 inter
452 3550 548 3591 sonum
568 3537 653 3592 altum
672 3546 700 3593 et
716 3540 883 3611 profundum
902 3541 1071 3609 concipiatur
1089 3539 1262 3595 intervallum
1274 3542 1497 3611 metaphoricum
1533 3542 1612 3597 Prior
1623 3541 1715 3609 itaque

362 3615 531 3684 significatus
556 3618 631 3672 nocis
655 3618 829 3674 intervallum
852 3619 941 3673 locum
966 3618 1113 3688 praecipue
1136 3617 1219 3673 habet
1242 3619 1294 3673 hoc
1312 3628 1407 3676 octavo
1426 3621 1529 3689 capite,
1556 3619 1715 3689 posterioris

361 3693 430 3748 ratio
448 3695 536 3763 major
552 3694 698 3753 habebitur
716 3699 805 3769 capite
823 3698 948 3768 sequenti
965 3714 1046 3752 nono.
1082 3698 1121 3752 Ει
1139 3698 1203 3766 quia
1225 3715 1318 3753 nocem
1335 3714 1458 3767 graecam
1481 3716 1563 3755 unam
1581 3716 1632 3771 ego
1651 3702 1715 3755 dua·

362 3770 413 3827 bus
432 3772 525 3829 latinis
543 3776 657 3847 reddidi,
679 3777 854 3848 »pertransiri
872 3777 1063 3847 resolvique«,
1088 3791 1181 3831 earum
1197 3779 1272 3847 prior
1290 3777 1399 3848 quidem
1417 3778 1530 3848 respicit
1547 3780 1581 3834 ad
1600 3779 1715 3850 primum

362 3851 559 3922 significatum,
583 3855 720 3924 posterior
742 3871 806 3911 vero
830 3855 866 3910 ad
884 3854 1048 3922 secundum
1073 3853 1130 3908 illic
1147 3863 1236 3911 motus
1254 3866 1298 3913 est
1315 3858 1413 3926 plectri
1438 3873 1489 3929 per
1505 3857 1623 3913 chordas
1649 3858 1715 3915 locis

362 3930 508 4002 distantes,
533 3932 579 3988 hic
596 3948 660 3989 sero
682 3936 847 4005 permutatio
868 3934 960 4003 potius
983 3941 1026 3989 est
1048 3949 1176 3989 sonorum
1194 3935 1345 3989 acutiorum
1370 3953 1431 3991 cnm
1449 3935 1626 4005 gravioribus.
1661 3935 1716 3990 Ab·

362 4009 505 4066 solvuntur
528 4018 621 4068 autem
645 4029 694 4069 seu
721 4013 927 4071 constituuntur
949 4015 1010 4069 soni
1036 4029 1129 4069 omnes
1153 4014 1269 4081 primum
1292 4016 1320 4068 in
1338 4015 1521 4071 monochordo
1540 4016 1622 4071 etiam
1640 4022 1716 4071 motu

363 4090 453 4160 aliquo
473 4091 594 4162 ephippii
612 4109 661 4163 per
677 4093 849 4148 intervallum
866 4093 942 4163 illud,
961 4110 1044 4163 super
1062 4109 1115 4162 quo
1134 4098 1214 4148 tensa
1226 4100 1269 4148 cst
1282 4093 1384 4148 chorda
1396 4095 1483 4162 unica,
1502 4110 1536 4149 ex
1549 4111 1604 4164 quo
1618 4093 1715 4149 deinde
1747 4132 1756 4151 .

361 4167 540 4225 instrumento
560 4171 619 4227 soni
637 4173 738 4244 singuli
756 4174 784 4228 in
802 4173 924 4242 singulas
943 4173 1060 4228 chordas
1079 4188 1128 4242 per
1146 4172 1296 4227 tensionem
1314 4171 1421 4227 illarum
1439 4175 1649 4229 transferuntur.

448 4248 511 4303 Neu
529 4249 607 4318 ponit
622 4256 714 4307 tamen
732 4250 905 4307 Ptolemaeus
923 4253 1100 4322 praecipuam
1118 4253 1270 4320 argumenti
1282 4252 1335 4304 vim
1347 4252 1375 4305 in
1388 4268 1442 4306 uno
1460 4252 1504 4306 ιιι
1521 4251 1606 4306 altero
1619 4253 1716 4308 horum

362 4332 484 4382 motuum
500 4327 636 4398 localium,
656 4329 705 4385 sed
723 4330 843 4386 inculcat
859 4329 919 4399 ejus
938 4330 1111 4385 solitudinem
1130 4330 1282 4400 utrobique,
1301 4320 1328 4384 el
1341 4330 1447 4385 ridetur
1464 4330 1516 4385 hoc
1528 4331 1598 4385 ιιιιι
1611 4331 1716 4387 dicere:

362 4407 433 4462 sicut
449 4408 477 4461 in
494 4407 553 4478 lyra
571 4408 706 4478 plectrum
725 4409 792 4464 ιιι·
785 4427 813 4465 ιι
830 4410 1016 4466 monochordo
1036 4410 1194 4480 ephippium
1214 4425 1321 4464 sursum
1336 4409 1463 4464 deorsum
1475 4425 1569 4466 errans
1584 4408 1718 4465 diversos·
1736 4424 1740 4429 ·
1764 4470 1768 4475 ,

363 4502 417 4556 que
434 4502 516 4542 senos
531 4486 601 4543 illud
619 4487 744 4556 ιιιιιιιι,
767 4486 841 4543 istud
866 4487 1065 4557 determinans,
1090 4503 1146 4543 non
1163 4494 1254 4542 tamen
1276 4496 1364 4544 mutat
1387 4490 1542 4559 systematis
1564 4489 1608 4545 ιιι
1623 4503 1718 4545 mono·

362 4566 459 4624 chordi
476 4567 596 4636 speciem
613 4573 641 4622 et
658 4567 786 4635 figuram,
811 4565 860 4621 sed
878 4566 991 4621 eandem
1010 4580 1126 4636 semper,
1145 4574 1177 4622 ut
1193 4567 1302 4636 quoties
1313 4558 1391 4623 lubet
1409 4568 1523 4623 eandem
1540 4583 1634 4623 rursus
1654 4581 1717 4623 can·

362 4646 476 4716 tionem,
501 4648 612 4703 eosdem
630 4648 736 4704 sonitus
755 4648 853 4703 elicere
870 4647 1024 4737 possimus:
1050 4647 1089 4702 ιιι
1108 4647 1188 4702 etiam
1205 4647 1234 4700 in
1252 4646 1327 4701 coelo
1346 4646 1523 4705 translatione
1546 4645 1666 4702 siderum
1684 4644 1718 4699 de

362 4724 450 4782 loco
441 4743 472 4782 ιιι
487 4725 578 4783 lotum
595 4727 699 4783 nullam
717 4722 903 4798 corporibus
895 4726 962 4794 rpsis
979 4724 1074 4780 inferri
1091 4726 1282 4794 mutationem,
1301 4741 1390 4795 neque
1407 4726 1486 4781 iter
1477 4743 1506 4780 ιι
1523 4726 1609 4795 coelo,
1626 4723 1720 4779 zodia·

364 4819 433 4876 cum,
451 4804 538 4862 rotari
555 4805 695 4863 emoriere.
731 4806 822 4875 ιιιιιιιι
840 4805 993 4875 argumenti
1009 4804 1063 4859 sim
1079 4803 1236 4862 Macrobius
1253 4805 1281 4861 in
1299 4804 1438 4863 Somnium
1456 4804 1592 4876 Scipionis
1610 4804 1718 4863 ridetur
