3872 5846
692 429 698 433 g
746 359 832 417 iiber
847 359 894 416 lv.
910 360 1002 431 Caput
1017 357 1040 416 1.
1505 366 1568 428 919

218 538 336 617 derum,
361 545 391 600 et
411 537 499 618 plane
523 522 653 601 tabulam
676 556 782 614 mam,
804 546 840 599 ut
860 540 889 598 ln
912 557 972 618 qua
992 540 1161 617 inscriptum
1185 537 1224 596 sit
1244 534 1327 610 nlh'll,
1349 552 1386 599 ue
1404 538 1568 602 matbema-

218 627 307 686 tlcum
329 625 457 704 quidem,
479 627 599 687 inscribi
621 644 691 686 vero
713 629 828 705 possint
850 630 964 703 omnla3
986 625 1042 687 hae
1065 628 1183 703 inquam
1205 626 1235 682 ln
1256 632 1338 702 parte
1360 643 1415 687 nec
1437 630 1466 687 in
1483 627 1570 688 Chri·

217 714 316 773 stians
337 714 478 791 religione
500 712 670 774 tolerandus
693 723 738 774 εει
759 721 789 775 ει
810 716 924 775 invenit
944 723 1013 793 post
1035 713 1148 791 aliquot
1162 710 1263 773 secula
1286 730 1352 773 cum
1372 714 1446 775 alias
1461 715 1568 777 mutas

217 797 358 877 εὖθεεας,
382 809 415 862 ει
436 802 564 878 loquitur
585 801 721 877 Procius,
744 809 807 862 tum
820 801 957 863 Proclum
980 804 1075 878 ipsum
1091 798 1306 876 adversarium
1330 817 1499 880 quanquam
1520 802 1569 863 hic

218 888 408 949 Aristotelem
431 890 527 966 ipsum
549 890 667 951 nomina
688 906 746 949 non
769 891 848 965 citat,
871 888 1025 951 Platonem
1048 904 1133 962 vero,
1156 904 1244 965 quam
1266 886 1409 963 defendit,
1433 891 1569 953 nomina·

216 982 279 1039 tun
300 983 401 1053 aperte
423 975 528 1036 ducam
550 994 636 1036 suum
658 977 817 1054 proiitatur.

307 1061 405 1141 Huius
432 1066 522 1142 igitur
542 1063 640 1124 Procli
669 1063 886 1142 philosophiam
917 1062 953 1124 da
982 1062 1137 1140 speciebus
1167 1078 1262 1121 rerum
1288 1062 1568 1139 mathematicorum,

217 1166 291 1227 quaa
314 1167 371 1228 ego
393 1153 533 1211 terminos
553 1151 691 1230 prohteor
712 1151 909 1230 proportionis
930 1150 1118 1210 harmonicae
1139 1165 1231 1226 purae
1256 1155 1285 1208 et
1306 1160 1436 1210 secretae
1458 1170 1477 1213 a
1499 1169 1568 1231 een·

216 1236 335 1312 sitibus,
366 1254 474 1317 operae
505 1241 629 1316 pretium
658 1245 704 1300 ast
730 1255 765 1299 err
795 1238 859 1316 ejus
888 1236 965 1297 libro
988 1237 1011 1296 Ι.
1045 1239 1074 1295 in
1098 1234 1179 1296 Euat
1209 1234 1266 1295 huc
1295 1239 1502 1301 transscribere
1531 1239 1568 1300 de

218 1324 309 1385 verbo
332 1323 371 1384 ad
395 1325 525 1389 verbum.

301 1409 351 1473 sle
365 1411 430 1475 ille:
457 1415 602 1488 Reliquum
620 1421 663 1470 est
684 1423 715 1472 ut
732 1415 883 1487 rideamus,
909 1431 1041 1486 quaenam
1069 1415 1245 1470 subsistantia
1265 1430 1314 1470 sau
1332 1413 1453 1471 essentia
1470 1414 1569 1471 debeat

216 1494 348 1564 msigusri
370 1494 568 1552 mathematicis
594 1491 739 1562 generibus
768 1500 796 1550 et
819 1494 984 1566 speciebus?
1020 1491 1260 1549 Concedendnmne
1287 1493 1338 1558 sit,
1364 1490 1412 1547 illa
1429 1509 1446 1548 a
1464 1494 1568 1550 sensili·

181 1630 184 1635 ,
215 1570 268 1626 bus
286 1574 488 1645 subsistentiam
506 1573 637 1643 accipere,
656 1572 712 1627 sire
729 1588 779 1642 per
796 1572 1013 1637 abstractionem,
1030 1578 1062 1627 ut
1079 1586 1137 1625 moa
1156 1581 1198 1625 est
1215 1569 1353 1641 loquendi,
1371 1570 1428 1628 sire
1444 1587 1495 1642 per
1513 1574 1568 1629 col·

216 1648 359 1708 lectionem
377 1670 485 1724 eorum,
509 1668 579 1723 quae
596 1657 661 1707 sunt
677 1665 727 1720 per
742 1660 835 1722 partas
854 1652 991 1722 dispersa,
1016 1652 1043 1706 iu
1065 1666 1144 1707 unam
1172 1665 1339 1705 communem
1357 1649 1490 1705 rationem
1508 1659 1567 1715 (aen

216 1726 419 1802 definitionem),
438 1748 508 1791 anne
526 1731 608 1809 etiam
626 1737 690 1785 aute
706 1730 775 1786 haec
792 1730 859 1800 ipsis
878 1730 968 1786 danda
986 1728 1170 1796 subsistentia,
1188 1737 1219 1783 ει
1234 1728 1313 1782 Plato
1333 1732 1448 1797 usurpat
1463 1738 1491 1785 et
1509 1730 1566 1787 uni·

216 1808 352 1864 versitatis
370 1826 461 1865 rerum
478 1810 633 1881 progressio
652 1808 836 1866 demonstrat?

300 1887 420 1944 Primum
438 1891 532 1957 itaque
550 1888 574 1942 si
590 1886 771 1957 affirmamus,
799 1888 904 1963 speeies
924 1887 1127 1943 mathematicas
1145 1902 1163 1941 a
1180 1882 1324 1941 sansihbua
1343 1887 1481 1957 constitui,
1503 1886 1568 1942 dum
1664 1920 1670 1926 ·

218 1964 308 2020 aalma
324 1982 342 2022 ε
358 1967 472 2036 trigonis
496 1975 544 2022 aut
566 1966 675 2022 circulis
692 1966 877 2025 materialibus
901 1966 1020 2038 speciem
1038 1966 1197 2023 circularem
1220 1971 1268 2020 aut
1289 1964 1448 2034 trigonicam
1473 1983 1568 2023 secun·

217 2042 292 2100 daria
309 2048 426 2116 quadam
444 2048 568 2117 genitura
584 2047 613 2101 in
630 2063 660 2119 ae
678 2047 739 2118 ipsa
757 2046 868 2102 format:
896 2060 1013 2116 quaero,
1030 2045 1102 2101 unde
1119 2044 1211 2102 veniat
1228 2044 1378 2099 rationibus
1397 2045 1456 2113 (seu
1475 2045 1567 2101 defini·

219 2122 345 2189 tionibus)
363 2126 409 2182 iila
426 2133 503 2183 tanta
521 2126 654 2181 certitudo
680 2134 811 2195 tantaque
829 2125 988 2181 accuratio?
1023 2124 1084 2180 Erit
1106 2125 1176 2179 enim
1200 2130 1248 2179 aut
1264 2138 1281 2177 a
1299 2122 1444 2179 sensilibus
1468 2130 1516 2178 εει
1533 2120 1567 2177 ab

216 2202 276 2273 ipsa
293 2206 388 2261 anima.
424 2208 461 2262 At
478 2204 646 2277 impossibile
672 2204 862 2273 asensilibus3
890 2201 974 2258 multo
999 2219 1116 2272 namque
1141 2202 1228 2271 metior
1253 2199 1391 2256 subtilitas
1417 2209 1445 2256 ει
1462 2201 1568 2255 exactio

216 2283 288 2339 inest
304 2287 455 2343 rationibus
472 2287 539 2341 istis.
578 2287 618 2342 ab
636 2286 726 2343 anima
743 2284 839 2354 igitur,
858 2295 929 2349 quae
946 2280 1111 2351 imperfectis
1129 2279 1338 2350 perfectionem,
1365 2279 1474 2335 minima
1491 2296 1569 2334 aecu-

217 2354 479 2419 ratis'snbtilitatrm
496 2363 570 2418 illam
589 2369 743 2418 accuratam
769 2359 903 2415 conciliet.
939 2360 990 2414 Dic
1015 2361 1099 2429 anim,
1126 2359 1172 2416 ubi
1191 2358 1261 2413 inter
1284 2356 1395 2413 sensilia
1417 2359 1569 2414 inveniatur

216 2448 313 2498 natura
339 2443 508 2514 impartibilis
530 2437 652 2519 (punad)
678 2448 706 2497 et
731 2438 874 2494 latitudine
898 2452 993 2493 careus
1021 2432 1178 2514 (utlibet)
1208 2443 1236 2490 et
1257 2435 1442 2505 profunditate
1464 2433 1568 2516 (utsu-

221 2524 376 2607 perficies),
406 2540 453 2585 aut
471 2531 517 2586 ubi
536 2529 686 2601 aequalitas
704 2530 835 2585 linearum
854 2543 889 2582 ex
907 2533 1012 2595 centro,
1042 2535 1090 2581 aut
1111 2526 1157 2582 ubi
1173 2523 1364 2595 proportiones
1382 2540 1490 2597 semper
1507 2541 1569 2581 con·

217 2620 322 2671 stantes
343 2615 459 2672 laturum
480 2610 615 2693 (materia
635 2615 693 2674 mei
716 2613 782 2674 llbri
798 2609 835 2692 L)
858 2621 906 2670 aut
928 2612 974 2669 ubi
999 2612 1159 2682 angulorum
1182 2611 1379 2669 rectitudines?
1414 2613 1477 2669 Non
1494 2612 1569 2683 equi·

220 2690 281 2747 dem
299 2695 385 2757 rideo,
403 2704 433 2750 ει
451 2707 515 2750 sunt
531 2696 677 2751 commixta
695 2704 723 2752 et
740 2694 854 2752 coniuaa
870 2695 942 2749 iuter
960 2707 990 2746 se
1008 2692 1099 2747 omnia
1115 2691 1261 2767 partibilis,
1279 2693 1349 2749 nihil
1365 2694 1508 2757 sincerum,
1529 2692 1569 2747 ni·

216 2769 255 2825 hil
281 2786 298 2825 a
321 2774 456 2828 mutuaris
483 2789 533 2829 suo
555 2791 670 2844 purum3
695 2776 787 2830 omnia
809 2771 960 2844 partibilis,
986 2779 1014 2825 et
1037 2786 1114 2842 quaa,
1132 2771 1201 2827 loeis
1226 2771 1321 2827 dissita
1342 2781 1458 2845 atquae
1481 2771 1566 2826 unita

217 2848 359 2916 Quomodo
376 2850 460 2919 igitur
473 2848 658 2908 immobilibus
681 2854 768 2923 ipsam
788 2852 938 2909 durabilem
962 2852 1106 2906 essentiam
1131 2868 1165 2907 ex
1182 2851 1328 2907 mobilibus
1350 2853 1472 2921 abasque
1489 2850 1569 2907 aliter

215 2925 380 2983 habentibus
397 2929 620 2993 conciliabimus?
657 2930 792 3002 Quicquid
810 2931 882 2991 enim
893 2931 1096 2987 subsistentiam
1109 2946 1187 2986 suam
1203 2930 1288 2987 habet
1305 2946 1322 2985 a
1339 2931 1419 2987 motis
1437 2927 1570 2993 assentiis,

215 3003 316 3060 habere
333 3021 393 3060 eam
411 3008 569 3064 mutabilem
587 3008 740 3064 concedunt
757 3008 816 3078 ipsi.
854 3008 891 3064 lit
917 3009 1053 3079 quomodo
1080 3010 1215 3067 aceursth
1238 3016 1267 3066 at
1290 3010 1372 3065 certis
1390 3006 1533 3080 speciebus
1552 3024 1569 3065 a
1631 3044 1635 3065 s

216 3100 270 3138 non
289 3086 422 3141 mennatis
440 3088 644 3157 impetrabimus
663 3087 827 3143 securatiam
841 3088 937 3143 suam?
973 3085 1058 3143 Omna
1069 3103 1201 3160 namque,
1219 3087 1293 3160 quod
1304 3103 1387 3145 causa
1398 3084 1569 3145 estuatiouis

215 3175 323 3230 semper
339 3163 485 3229 mutabilis,
502 3165 591 3235 ipsum
607 3166 692 3223 multo
710 3166 795 3235 magia
814 3175 857 3221 est
867 3164 931 3220 tale.
967 3164 1181 3236 supponendum
1194 3167 1331 3237 sugessit,
1348 3166 1465 3225 εείεεεεε
1481 3167 1569 3237 ipsam

218 3241 374 3310 genitricem
393 3259 454 3299 ease
472 3244 722 3300 mathematicamm
747 3242 899 3315 specierum
922 3250 950 3298 et
967 3244 1110 3299 rationum.
1146 3244 1229 3315 Atqui
1252 3244 1301 3300 illa
1325 3244 1465 3299 continens
1482 3245 1511 3301 in
1530 3263 1568 3317 se,

218 3328 249 3373 ut
266 3321 353 3391 prima
371 3323 562 3393 exemplasse
579 3323 779 3393 paradigmata,
802 3320 951 3377 secundum
969 3322 1112 3376 assentiam
1132 3323 1192 3393 ipsa
1210 3321 1358 3379 subsistere
1376 3323 1454 3389 iacit,
1483 3334 1514 3378 ει
1531 3324 1570 3381 ita

217 3412 272 3467 siut
287 3410 476 3482 ςεεετειίεεεε
500 3402 700 3489 (Christianus
716 3405 863 3478 subaudit,
887 3407 996 3464 creatio
1016 3424 1112 3465 rerum
1126 3402 1294 3490 sensilium)
1307 3410 1375 3466 nibil
1388 3409 1471 3477 ahud,
1488 3425 1568 3481 quarn

217 3499 429 3571 propagationes
447 3499 613 3570 specierum,
632 3511 703 3567 quaa
719 3498 749 3552 iu
766 3496 815 3551 illa
831 3495 907 3566 prius
925 3493 1032 3550 inerant
1061 3492 1206 3568 (rationes
1238 3495 1428 3556 creandorum
1462 3512 1593 3572 corpo·.

218 3600 281 3643 rum
311 3583 535 3644 mathematicas
558 3583 623 3643 Deo
653 3589 826 3642 coaeternas
855 3579 945 3639 luisse
968 3578 1122 3656 Deumque
1149 3584 1277 3642 animam
1304 3591 1334 3644 et
1355 3590 1481 3644 mentem
1505 3600 1569 3642 esse

215 3671 496 3749 superexcellenter,
526 3673 639 3731 animas
671 3686 740 3729 vero
770 3668 914 3728 humanas
945 3681 1010 3725 osae
1033 3665 1089 3726 Dei
1119 3673 1259 3729 creatoris
1289 3673 1450 3748 imagines,
1481 3673 1570 3731 etiam

218 3762 247 3818 in
269 3758 479 3819 essentialibus
502 3775 556 3819 auo
578 3756 676 3830 modo,
699 3756 729 3815 ld
751 3759 849 3816 sciunt
863 3753 1046 3833 Christiani),
1069 3764 1137 3813 tune
1153 3757 1262 3815 Platoni
1280 3762 1480 3818 consentiemus
1502 3762 1570 3817 hoec

218 3842 346 3909 dicentes,
365 3849 394 3896 et
410 3857 477 3896 rara
493 3840 613 3897 essentia
629 3839 825 3894 anathematum
842 3837 921 3893 nobis
937 3836 1046 3891 inventa
1058 3834 1117 3890 arit
1141 3835 1202 3890 ‘Sin
1214 3845 1306 3894 autem
1317 3840 1415 3907 anima,
1436 3858 1495 3896 curn
1515 3857 1569 3897 non

216 3930 330 3986 baberet
353 3944 404 3985 uec
422 3928 497 3998 priua
515 3927 641 3983 alicunde
665 3927 815 3998 accepisset
838 3924 957 3981 rationes
979 3923 1184 3980 mathematicos
1210 3919 1255 4002 (si,
1279 3941 1345 3984 cum
1366 3944 1424 3986 non
1449 3928 1571 3989 inissent

216 4015 274 4092 ipsl
297 4010 488 4093 concreatae),
516 4014 691 4071 nibilominus
714 4011 899 4070 admirabilem
922 4012 994 4068 bunc
1017 4018 1143 4068 ornatum
1163 4014 1371 4071 immaterialium
1396 4019 1481 4087 texit,
1510 4016 1569 4087 pui-
1663 4004 1671 4021 ¹

216 4094 376 4169 uberrimam
397 4095 467 4149 hanc
494 4094 706 4164 speculationem
730 4094 855 4160 enititur,
878 4091 1013 4163 quomodo
1036 4107 1100 4163 ergo
1126 4092 1262 4149 discernet
1283 4093 1323 4149 sie
1348 4096 1452 4165 genita.
1480 4095 1569 4150 sintne

216 4181 394 4239 subsistentia
416 4191 444 4236 et
461 4184 615 4238 constantia
632 4178 747 4259 (ausano
769 4194 828 4239 non
852 4200 951 4256 yorinu
963 4173 1051 4257 lego),
1069 4195 1105 4247 au
1123 4179 1151 4233 in
1168 4186 1265 4235 ventos
1283 4181 1399 4237 evanida
1417 4189 1446 4237 et
1464 4190 1572 4254 spectra

137 4294 146 4305 „
216 4262 308 4332 potius
331 4277 412 4331 quarn
435 4262 516 4316 varai
552 4261 658 4329 Quibus
681 4261 782 4315 normis
806 4276 857 4315 osa
880 4259 1018 4315 ueritatem
1042 4274 1134 4315 eorum
1159 4259 1305 4315 metietur?
1343 4260 1402 4315 Imo
1426 4261 1571 4331 quomodo,

218 4357 279 4395 cum
297 4340 442 4395 essentiam
465 4357 557 4396 eorum
584 4357 639 4396 non
666 4340 792 4407 haberet,
819 4337 904 4407 gignit
926 4344 1029 4393 tantam
1053 4337 1213 4393 εεείειειεεε
1236 4337 1390 4394 rationum?
1425 4341 1495 4395 Nam
1518 4343 1571 4397 boa

163 4470 167 4477 ,
217 4427 298 4488 paeto
317 4417 454 4473 fortunam
472 4418 580 4473 illorum
599 4418 803 4473 subsistentiam
821 4417 951 4471 iaciemus
970 4430 1059 4486 nequa
1076 4415 1111 4470 sd
1130 4413 1217 4472 ullum
1234 4432 1346 4487 scopum
1365 4418 1408 4475 ael
1426 4421 1571 4476 terminum

218 4496 381 4563 tendentem.
418 4496 486 4551 Srmt
504 4513 567 4564 erga
586 4497 690 4553 ammae
708 4495 794 4564 ipsius
812 4491 921 4548 soboles
940 4494 1046 4561 speeies
1063 4493 1279 4568 mathematicae,
1296 4513 1347 4552 nec
1363 4498 1447 4554 babet
1463 4499 1512 4554 illa
1527 4517 1569 4556 ra·

218 4573 314 4643 donea,
332 4588 401 4645 quas
419 4574 568 4644 constituit,
588 4592 604 4629 a
621 4572 776 4642 sensilibus,
794 4573 860 4642 quin
877 4573 969 4642 potius
988 4573 1055 4645 baec
1073 4575 1108 4629 ab
1125 4573 1179 4629 iilis
1191 4582 1387 4645 propagantur,
1406 4585 1524 4647 suntque
1540 4578 1570 4632 bi
1674 4586 1683 4599 '

218 4653 314 4707 eninm
331 4652 418 4723 ipsius
437 4658 464 4705 et
481 4651 549 4705 bsea
567 4652 711 4723 puerperia
729 4652 945 4721 permanentium
963 4660 992 4708 at
1007 4650 1165 4723 perennium
1184 4650 1336 4722 spaniarum
1357 4653 1500 4710 avidentia

304 4728 430 4786 secundo
447 4730 470 4784 si
488 4730 522 4784 ab
540 4730 612 4785 inira
630 4739 658 4785 et
675 4746 691 4785 a
709 4730 855 4807 sausssihus
874 4730 1025 4803 colligimus
1048 4730 1168 4787 rationes
1185 4730 1379 4788 mathematum
1398 4736 1455 4802 (sarr
1475 4733 1569 4790 deflui-

219 4809 326 4877 tiones),
345 4806 481 4879 quomodo
499 4823 555 4864 uon
572 4809 698 4893 meliores
716 4817 796 4865 εεεει
814 4808 1071 4880 demonstrationes,
1095 4826 1164 4881 quaa
1183 4810 1352 4869 constituunt
1371 4812 1498 4882 sensilia,
1524 4811 1570 4870 de·
