3872 5846
550 430 753 487 ·Harm0niois.
788 430 870 487 Liber
886 431 934 486 111.
954 430 1042 500 (iaput
1059 431 1117 487 XV.
1459 434 1519 493 189

176 618 207 670 st
229 617 334 686 quarto
358 609 578 681 ecelesiasticis,
608 610 660 685 qni
682 608 804 687 Phrygii
824 611 988 684 veteribus,
1019 626 1103 669 verso
1126 615 1247 667 naturae
1271 606 1385 680 ordine,
1413 624 1523 684 qneru-

172 698 245 770 lnm,
267 696 389 756 fractum
413 705 442 757 et
463 696 651 756 lamentabile
672 699 822 775 quippiam
839 701 936 758 sonari
953 704 1178 757 consentaneum
1195 702 1247 755 est.
1292 696 1334 753 At
1349 712 1415 753 cum
1430 697 1520 754 semi-
1563 682 1567 703 ¹

174 788 288 844 tonium
310 793 355 844 est
375 784 441 843 loeo
463 783 568 857 medie,
592 783 704 843 medius
728 794 772 843 est
794 786 915 845 affectus
938 784 1165 860 tranquillitatis,
1188 783 1388 856 humanitatis,
1411 783 1520 859 jucnn-

175 872 276 931 ditatis
298 890 334 932 ex
356 871 511 948 colloquiis
533 880 563 930 et
584 872 816 947 narrationibus3
840 873 945 948 quibus
967 875 1028 948 apti
1051 875 1159 948 primns
1183 879 1212 930 et
1231 870 1384 944 secundus,
1407 873 1522 945 generis

176 977 217 1019 sc.
240 960 338 1018 mollis
360 968 389 1019 et
411 960 550 1030 feminini,
573 975 647 1035 quos
670 959 776 1018 Darios
800 961 869 1018 olim
892 960 985 1019 dictos
1006 968 1121 1038 putant.
1165 958 1287 1017 Dorium
1309 974 1381 1016 sane
1402 961 1446 1016 sio
1469 956 1522 1015 de-

176 1048 278 1107 scribit
300 1046 471 1105 Vincentius
494 1044 660 1118 Galilaeus,
684 1047 764 1123 quod
787 1050 825 1105 sit
846 1056 951 1106 natura
971 1047 1102 1120 stabilis,
1127 1048 1255 1122 quietus,
1287 1049 1349 1104 sine
1372 1044 1521 1118 violentia,

177 1145 265 1211 aptus
288 1133 326 1193 ad
348 1136 522 1209 gravitatem
555 1142 584 1192 et
606 1135 808 1208 severitatem
837 1134 915 1210 qnod
946 1135 980 1194 de
1004 1134 1118 1193 duobus
1140 1134 1220 1192 bisce
1248 1131 1406 1193 secundum
1428 1135 1522 1207 magis

151 1244 157 1265 ·
177 1222 325 1281 erminus
348 1238 447 1280 verum
471 1228 524 1280 est.
568 1219 643 1279 Nam
665 1237 778 1300 semper
805 1221 953 1281 molliores
975 1231 1088 1300 oportet
1111 1238 1175 1280 esse
1201 1229 1285 1279 tonos
1316 1223 1379 1295 pari
1402 1237 1521 1281 numero

178 1304 286 1383 dictos,
310 1311 419 1385 qnippe
440 1307 572 1385 plagales
594 1311 655 1367 onis
677 1310 835 1380 authentis,
859 1310 896 1368 ab
920 1312 1021 1386 impari
1045 1309 1245 1380 denominatis,
1269 1325 1304 1366 ex
1323 1324 1422 1385 mesa,
1445 1324 1522 1383 quae

175 1386 267 1473 paulo
290 1404 378 1455 antea
398 1395 453 1454 No.
476 1395 529 1453 IV.
553 1395 644 1455 allata
664 1396 728 1455 init.
773 1396 877 1472 ltaque
900 1399 988 1456 etiam
1011 1395 1162 1456 Galilaeae
1192 1393 1322 1472 plagium
1343 1397 1429 1471 primi
1451 1397 1521 1452 tacit

177 1481 358 1560 languidum,
381 1482 516 1556 flebilem,
539 1482 763 1557 meticulosnm3
784 1494 894 1542 motum
917 1487 994 1543 enim
1016 1501 1117 1543 versus
1140 1486 1242 1559 gravia
1265 1482 1428 1557 langueris,
1452 1499 1520 1541 ver-

179 1589 230 1631 sus
252 1577 340 1631 acuta
362 1572 473 1647 vigoris
495 1587 568 1630 esse.
612 1568 676 1629 Etsi
697 1572 799 1629 malim
821 1588 877 1647 ego
899 1579 929 1631 et
950 1580 1109 1649 temperare
1129 1573 1187 1629 ista
1202 1570 1332 1647 epitheta
1354 1579 1384 1629 et
1404 1586 1522 1628 eausam

182 1659 370 1734 distinguere.
414 1657 482 1717 Non
503 1665 548 1717 est
568 1675 596 1715 n.
620 1656 776 1717 Doriorum
797 1659 960 1737 proprietas
982 1658 1113 1735 languor,
1137 1659 1221 1717 fletos
1244 1666 1273 1716 et
1290 1664 1394 1730 metus,
1418 1656 1470 1716 scd
1494 1659 1521 1713 in

183 1762 291 1823 genere
312 1762 485 1804 excursuram
507 1744 546 1804 ad
568 1748 671 1821 gravia
693 1752 723 1804 et
745 1744 901 1810 descensus
926 1747 1018 1806 crebri
1040 1745 1114 1804 inira
1136 1745 1271 1804 radicem.

269 1831 326 1890 IX.
356 1831 508 1892 Hactenus
537 1831 573 1891 de
602 1834 662 1891 situ
691 1835 853 1908 semitonii;
891 1833 1015 1893 necdum
1050 1841 1148 1892 temen
1175 1833 1311 1897 omuibus
1343 1833 1420 1890 tonis
1453 1848 1521 1889 suas

182 1921 398 1996 assignavimus
420 1920 620 1995 proprietates.
665 1917 801 1995 Sequitur
830 1922 932 1995 igitur,
964 1927 994 1978 ut
1015 1923 1103 1981 etiam
1136 1920 1172 1979 de
1194 1921 1392 1978 consonantiis
1415 1921 1522 1997 imper·
1600 1940 1602 1945 ·

182 2008 266 2066 fectis
289 2014 319 2065 et
341 2006 511 2066 adulterinis
533 2006 679 2081 dieamus,
702 2009 809 2082 quibus
831 2007 1020 2067 articulantur
1042 2008 1150 2067 sceleta
1179 2014 1358 2068 octavarum.
1403 2005 1439 2064 Et
1461 2006 1521 2083 pri-

175 2111 257 2152 mum
272 2093 522 2170 quidemillarum
534 2093 626 2153 veluti
638 2097 765 2153 essentia
776 2096 830 2153 erit
839 2094 1029 2171 inspicienda,
1052 2102 1157 2173 postea
1176 2093 1284 2153 locatio
1302 2097 1331 2152 in
1346 2102 1516 2171 systemate.

263 2180 337 2239 Cum
366 2183 455 2256 igitur
481 2180 622 2239 naturalis
644 2189 674 2240 et
695 2185 846 2259 primaeva
875 2191 919 2241 est
941 2184 1110 2260 systematis
1141 2190 1264 2241 octavae
1294 2182 1460 2258 dispositio,
1492 2183 1520 2238 in
1575 2258 1577 2262 Α

176 2286 237 2345 qua
259 2285 324 2327 cum
347 2270 406 2326 ima
428 2266 537 2327 chorda
558 2268 684 2345 perfecte
706 2275 848 2328 consonat
869 2271 969 2342 tertia,
993 2278 1111 2345 quarta,
1140 2271 1240 2344 quinta
1261 2276 1291 2328 et
1312 2277 1407 2327 sexta:
1437 2276 1522 2326 tonus

175 2356 245 2415 talis
266 2357 366 2413 omnia
387 2354 439 2415 ilia
461 2357 490 2412 in
513 2358 610 2414 animo
633 2358 698 2429 ciet,
721 2373 797 2433 quae
820 2356 1104 2417 babentsecundum
1124 2364 1267 2428 naturam,
1291 2355 1387 2414 mollis
1404 2354 1521 2439 quidem

175 2445 344 2521 passiones,
374 2442 463 2500 durus
486 2445 615 2502 actiones
644 2442 692 2503 vel
723 2444 842 2502 affectus
871 2446 907 2502 iis
938 2451 1033 2521 aptes.
1078 2444 1161 2503 Haec
1191 2445 1352 2521 proprietas
1382 2444 1520 2520 competit

176 2531 269 2608 primo
292 2539 322 2589 et
344 2538 450 2588 octavo
473 2548 509 2589 ex
535 2528 561 2588 (i
584 2531 787 2606 surgentibus,
817 2548 876 2607 quo
898 2534 1017 2591 nomine
1045 2548 1102 2590 non
1130 2530 1237 2607 injuria
1259 2528 1411 2590 Galilaeae
1441 2529 1521 2588 affir-

176 2619 311 2690 maverit,
335 2625 472 2676 octavum
495 2634 560 2676 cnm
580 2619 674 2695 primo
691 2616 874 2696 ¹coincidere3
899 2618 1027 2694 intellige
1043 2626 1152 2696 minen,
1174 2624 1293 2677 servata
1312 2620 1418 2694 cuique
1434 2634 1521 2676 sexus

177 2721 229 2764 seu
252 2706 367 2781 generis
389 2707 575 2783 proprietate.
619 2705 666 2763 Ita
688 2704 793 2783 duplici
815 2707 931 2764 nomine
954 2708 1095 2783 septimus
1118 2714 1148 2765 et
1164 2712 1287 2765 octavus
1310 2709 1414 2765 ceteris
1435 2721 1523 2782 prae·
1617 2705 1622 2715 '

179 2800 249 2866 stat,
273 2799 332 2851 tam
355 2793 393 2851 eb
416 2793 504 2851 sitnm
526 2794 681 2865 semitonii,
704 2811 792 2868 qnam
815 2794 901 2853 etiam
925 2794 962 2852 ob
985 2793 1202 2869 perfectionem.

267 2878 293 2937 Ε
316 2881 468 2955 censuario,
498 2881 616 2956 quintus
639 2887 669 2938 et
691 2889 800 2954 sextus,
824 2882 926 2939 tertius
949 2888 978 2940 et
992 2887 1112 2956 quartus
1132 2878 1329 2939 consonantiis
1346 2878 1420 2936 inira
1434 2888 1522 2936 urnu-

182 2972 230 3024 tnr
257 2964 428 3027 adulterinis
456 2974 486 3027 et
516 2969 630 3039 auctis,
659 2966 708 3025 ille
732 2967 928 3040 diatessaron,
958 2967 1006 3025 bic
1035 2966 1184 3045 diapente;
1214 2983 1290 3042 quae
1313 2982 1357 3023 res
1386 2968 1445 3023 vim
1468 2965 1524 3023 illis
1569 2990 1599 3038 μ

182 3053 320 3113 conciliat
342 3056 505 3114 moestitiae
528 3061 558 3113 et
578 3053 731 3114 adoneum
753 3055 791 3114 ab
814 3053 942 3114 bumana
965 3057 1174 3132 temperatione
1189 3052 1408 3113 discedentium.
1446 3053 1521 3113 Nam

183 3143 212 3198 iu
235 3142 337 3216 quinto
364 3149 499 3201 etsexta
522 3140 702 3201 diatessaron
726 3140 843 3217 quidem
873 3150 917 3202 est
940 3136 1055 3219 ὄρθιον,
1087 3141 1212 3200 naturali
1239 3143 1297 3219 situ
1324 3143 1470 3199 semitonii
1493 3144 1523 3197 iu

181 3245 306 3302 summo,
329 3244 387 3287 non
409 3231 505 3287 minus
527 3245 611 3304 quam
635 3231 662 3286 in
686 3230 809 3305 septimo
832 3236 862 3288 et
884 3236 1006 3303 octavo,
1030 3236 1061 3288 at
1083 3228 1141 3288 duo
1163 3229 1290 3305 maJores
1305 3230 1367 3286 toni
1388 3236 1455 3285 sunt
1478 3230 1524 3284 in-

183 3313 251 3374 fimo
279 3315 362 3389 ioco,
394 3323 461 3392 pest
488 3332 540 3376 eos
567 3318 767 3390 semitonium,
799 3333 834 3375 cx
863 3318 968 3391 quibus
997 3317 1139 3376 conflator
1173 3317 1352 3376 diatessaron
1383 3323 1524 3373 commate

183 3402 346 3461 abundans.
392 3401 488 3477 Quare
511 3402 740 3479 magnitudinem
763 3406 850 3463 etiarn
872 3406 891 3461 ii
915 3404 995 3463 modi
1016 3412 1189 3482 promovent
1211 3404 1348 3475 affectas,
1379 3410 1408 3460 ut
1432 3401 1524 3461 dero-

183 3491 301 3563 tionem,
325 3489 557 3568 admirationem,
580 3490 843 3568 amplificationem,
868 3490 1014 3563 dolorem3
1037 3509 1147 3550 rursum
1163 3509 1253 3570 apem,
1274 3489 1418 3563 fiduciam,
1442 3491 1524 3565 quasi

184 3577 377 3636 elevationem
399 3581 504 3639 mentis
526 3595 615 3655 supra
636 3586 743 3638 sortem
765 3585 955 3655 praesentem.
999 3579 1033 3636 In
1057 3582 1143 3638 tertio
1167 3597 1235 3639 vero
1262 3587 1290 3638 et
1313 3584 1416 3653 quarto
1437 3595 1524 3652 prae-

184 3672 229 3723 ter
250 3666 341 3742 ipsius
372 3664 553 3725 diatessaron
584 3666 704 3723 sormam
733 3668 878 3724 inversam
905 3665 1019 3726 accedit
1048 3669 1136 3726 etiam
1165 3666 1237 3727 haee
1268 3667 1523 3743 consonantiarum

186 3751 368 3812 fermentatio
390 3759 535 3828 augetque
557 3755 702 3812 tristitiam
725 3761 754 3812 et
775 3752 931 3830 languores
953 3756 1073 3813 animi·

270 3838 380 3914 Quodsi
403 3840 472 3899 licet
493 3839 659 3916 analogiam
682 3842 817 3917 prosequi
839 3840 916 3900 ultra
937 3849 1023 3900 tonos
1046 3843 1176 3913 notatos,
1201 3838 1240 3899 ad
1262 3841 1389 3917 speciem
1410 3838 1465 3897 Ill.
1489 3856 1525 3897 ex

184 3928 265 3999 meis,
289 3934 389 3985 cantas
411 3924 516 3998 mollis,
540 3945 576 3986 ex
598 3930 626 3985 A
649 3927 836 4003 descriptam,
860 3928 1001 4004 quia'illa
1014 3918 1338 4004 semitonium'qnidem
1353 3927 1436 3999 infra,
1460 3925 1524 3985 dia·

186 4020 318 4072 tessaron
340 4029 410 4072 vero
433 4014 587 4092 perfeetum
609 4015 712 4089 babet,
744 4014 820 4073 hanc
842 4017 928 4089 igitur
951 4032 1005 4091 ego
1025 4015 1170 4092 jucundae
1201 4016 1335 4073 tristitiae
1357 4030 1524 4073 accommo-
1549 4040 1575 4073 ·.

184 4098 297 4176 darem3
324 4110 356 4158 ut
377 4117 441 4159 cum
463 4102 548 4160 nobis
569 4101 716 4180 placemus
738 4104 775 4159 ‘in
797 4102 920 4162 mollitie
942 4104 1049 4182 animi,
1079 4105 1109 4161 in
1131 4104 1276 4162 amoribus
1305 4107 1335 4160 et
1362 4100 1522 4174 desideriis,

94 4238 99 4245 .
189 4197 239 4246 ant
261 4204 327 4246 cnm
349 4185 493 4246 lacrumas
515 4189 651 4265 gandium
674 4191 816 4267 exprimit.

268 4273 353 4334 Haec
375 4274 412 4334 de
435 4278 632 4335 consonantiis
653 4280 766 4336 ratione
788 4279 848 4351 sui3
877 4294 951 4337 nnnc
972 4284 1083 4338 ratione
1106 4278 1163 4337 ioci
1195 4279 1225 4334 in
1247 4282 1419 4354 systemate,
1452 4276 1523 4352 qaid

185 4361 329 4433 efficiant,
353 4360 513 4424 videamus.
1286 4412 1289 4418 ,

271 4448 343 4508 Cum
364 4452 451 4525 igltnr
471 4472 538 4528 resq
561 4458 591 4510 et
612 4472 727 4511 narrare
749 4451 826 4509 circa
848 4457 978 4527 quartam
1008 4458 1037 4512 et
1059 4458 1170 4533 sextam
1198 4448 1320 4509 chordas
1343 4452 1524 4527 potissimum

184 4540 370 4614 occupantur,
393 4537 436 4595 sie
456 4544 490 4595 nt
510 4544 662 4615 appareat,
681 4536 860 4596 diatessaron
882 4537 947 4597 loco
969 4542 1027 4597 imo
1050 4540 1088 4598 ab
1110 4541 1147 4597 iis
1170 4540 1275 4611 smtui,
1307 4538 1455 4613 quiahoc
1479 4546 1524 4598 est

183 4622 357 4693 oenacbordi
381 4622 573 4699 intervallum,
596 4625 677 4702 quod
697 4640 797 4685 omnes
820 4632 879 4684 tres
901 4629 1107 4685 cancianorum
1138 4625 1249 4702 species
1272 4634 1316 4683 est
1339 4625 1523 4704 complexum

184 4727 275 4788 ecque
297 4712 486 4790 praecipuum
514 4720 559 4771 est
586 4713 615 4771 in
642 4712 700 4772 bac
722 4721 855 4773 tonorum
877 4715 1072 4785 animatione,
1101 4720 1171 4771 tuno
1199 4709 1272 4771 baec
1293 4711 1386 4772 forma
1409 4721 1525 4774 cantum

184 4797 221 4856 ad
241 4798 435 4857 bumilitatem
457 4801 576 4873 invitat,
608 4817 644 4859 ex
666 4816 754 4860 eausa
777 4798 878 4860 eadem
904 4816 992 4876 quam
1018 4817 1105 4878 snpra
1127 4800 1182 4859 No.
1205 4797 1258 4858 IV.
1282 4801 1428 4879 usurpavi.
1473 4800 1524 4862 ern
1604 4850 1609 4857 .

185 4894 358 4964 occupemm
379 4886 437 4947 hae
459 4894 556 4963 partes
579 4894 682 4947 cantus
708 4890 786 4948 obes
806 4889 921 4947 ternam
941 4897 972 4949 et
993 4888 1138 4965 quintam,
1161 4894 1321 4950 statuemus
1344 4887 1525 4950 diatmsaren
