3940 5856
363 404 427 467 tit
751 407 794 460 De
811 404 933 462 Motibus
950 405 1127 461 Pirustarum
1144 401 1323 459 Harmonicis.

363 578 461 646 Itaque
478 578 567 636 lector
583 582 647 647 post
664 576 775 644 unam,
794 594 865 650 quae
882 579 982 636 desinit
998 580 1038 636 sio
1055 578 1148 649 Tim,
1165 576 1305 634 adscrrbat
1320 575 1385 633 iata:
1411 593 1428 633 a
1445 592 1501 647 qua
1518 576 1542 634 si
1558 577 1667 635 autam
1684 578 1718 649 ⁴1,

362 670 412 709 seu
430 656 503 725 noym
530 662 615 711 restat
639 655 708 726 ”tw
739 657 871 715 diminuta
889 667 967 715 sexta
984 660 1081 726 mollis,
1100 673 1172 729 quae
1190 666 1233 713 est
1250 658 1321 712 inter
1337 658 1371 728 d!
1385 658 1427 713 vel
1445 675 1474 714 cc
1493 655 1537 711 vei
1555 674 1588 712 uc
1606 664 1719 713 octavae

362 732 444 869 {giam
463 734 599 805 simplicis.
624 737 663 791 Et
679 736 707 790 in
725 738 850 807 subjecta
866 740 969 795 tabella
986 740 1101 810 primam
1117 739 1216 794 linem
1235 744 1368 806 occupent
1384 738 1451 794 ista:
1475 737 1529 792 Pro
1548 735 1581 807 ⁵1,
1600 742 1643 811 eat
1661 737 1721 807 ²²1„

417 829 498 869 crena.
794 856 800 865 .
1260 854 1263 861 .
1574 837 1582 847 -

449 901 493 955 Ex
512 900 610 976 tinibus
627 909 716 973 patet,
743 905 771 958 in
793 911 941 975 systemate
960 904 1079 962 naturali
1097 904 1200 960 clavem
1217 903 1405 973 sgenuinam,
1425 909 1456 956 nt
1472 901 1522 956 illa
1538 908 1581 958 est
1598 917 1633 958 ex
1650 903 1719 959 meis

361 979 501 1050 principiis
519 981 651 1041 ordinata
669 1001 730 1038 cnm
749 984 769 1040 d
785 982 861 1039 clare
879 985 1047 1040 constituere
1064 990 1171 1040 sextam
1188 982 1296 1038 mollem
1315 979 1486 1037 deficientem
1513 994 1563 1035 sen
1589 980 1720 1037 adulteri·

361 1073 431 1113 nana
469 1058 535 1114 Cum
561 1060 643 1128 igitur
669 1062 740 1116 inter
766 1062 927 1131 peribolium
945 1064 1022 1118 lovis
1048 1063 1076 1117 in
1102 1061 1172 1117 clavi
1198 1060 1318 1131 genuina
1343 1059 1363 1115 d
1388 1058 1567 1114 constitutum
1594 1068 1622 1115 st
1647 1061 1720 1117 inter

361 1135 499 1206 aphelium
516 1139 613 1193 Martis
632 1138 668 1194 sit
693 1138 816 1208 perfecta
834 1148 914 1195 sexta
931 1139 1019 1196 mollis
1029 1138 1122 1210 'supra
1139 1138 1332 1208 disdiapason,
1352 1133 1407 1192 non'
1424 1151 1487 1192 vero
1507 1136 1651 1202 deficiens,
1669 1154 1721 1208 per

361 1229 438 1284 prop.
458 1215 501 1284 13,
519 1208 643 1286 sequitur
660 1218 776 1273 Martem
804 1217 911 1289 apbeiio
929 1227 1006 1274 motu
1033 1218 1141 1288 signare
1167 1217 1271 1281 locum,
1299 1216 1344 1285 qui
1362 1215 1397 1271 sit
1415 1232 1469 1271 uno
1487 1224 1621 1272 commate
1638 1218 1721 1275 altior

362 1290 437 1345 clave
456 1294 573 1360 genuina
588 1295 615 1365 [ς
633 1293 725 1363 itaque
739 1313 798 1350 non
817 1296 868 1352 nisi
885 1297 1097 1366 saduiterinum
1116 1295 1248 1351 obtinebit
1267 1308 1427 1364 eoqna'non
1445 1294 1534 1364 plane,
1554 1295 1603 1350 sed
1621 1296 1722 1352 saltem

362 1369 559 1438 quadamtenus
582 1371 609 1428 in
637 1360 709 1427 hanc
738 1373 840 1429 scalam
867 1375 1009 1431 consentit.
1063 1374 1291 1430 concordantiam
1327 1388 1391 1428 vero
1420 1372 1601 1428 universalem
1629 1391 1719 1445 neque

362 1465 459 1517 puram
477 1467 566 1520 neque
584 1452 763 1509 adulterinam
781 1454 939 1522 ingreditur.
976 1455 1045 1512 Nam
1063 1454 1176 1509 Veneris
1194 1451 1343 1524 pertholdus
1361 1451 1466 1506 obtinet
1477 1451 1567 1507 locum
1586 1454 1719 1509 ctenaic·

362 1526 404 1581 nis
422 1527 512 1598 hujus.
532 1533 568 1584 at
585 1530 656 1586 intor
673 1533 723 1601 as
735 1540 778 1601 est
796 1531 972 1604 dissonantia,
991 1533 1026 1587 ob
1044 1532 1218 1588 vicinitatem.
1245 1531 1376 1586 Dissonat
1393 1530 1475 1601 igitur
1492 1533 1568 1587 Mars
1586 1533 1622 1589 ab
1638 1534 1720 1590 unius

362 1603 549 1672 planetarum.
576 1626 613 1665 sc.
633 1628 650 1667 a
668 1611 780 1668 Veneris
797 1611 938 1682 peribolio.
973 1611 1028 1668 Sed
1046 1620 1074 1667 et
1092 1629 1109 1668 a
1127 1611 1226 1668 ceteris
1243 1611 1359 1667 Veneris
1378 1611 1497 1667 motibus
1515 1613 1651 1683 dissonat,
1678 1628 1721 1668 re

362 1681 507 1740 mittuntur
523 1702 551 1741 n.
569 1687 589 1742 ii
607 1705 661 1744 nno
680 1696 814 1747 commate
832 1689 936 1753 minus,
952 1705 1034 1761 qnam
1052 1705 1102 1760 per
1118 1705 1200 1745 unam
1216 1689 1317 1744 diesin:
1344 1705 1429 1758 qnare
1446 1706 1508 1744 cnm
1524 1690 1595 1745 inter
1613 1691 1720 1760 peribe-

362 1758 428 1816 lium
447 1763 560 1820 Veneris
578 1775 606 1824 et
622 1769 760 1838 aphelinm
779 1769 876 1825 Martis
895 1770 931 1825 sit
948 1769 1120 1827 semitonium
1139 1775 1167 1823 et
1185 1781 1302 1830 comma,
1320 1766 1393 1822 inter
1409 1766 1493 1838 igitur
1511 1768 1649 1837 apheliupn
1666 1770 1720 1824 Ve-

363 1839 435 1893 neris
454 1850 482 1897 et
499 1845 636 1913 aphelinm
649 1847 746 1903 Martis
764 1847 816 1902 erit
833 1848 1006 1904 semitonium
1024 1852 1052 1904 et
1065 1846 1146 1903 diesis
1159 1845 1348 1915 (dissimulatis
1362 1847 1486 1915 octavis),
1505 1847 1559 1902 boc
1577 1854 1621 1903 est
1637 1856 1719 1904 tonus

362 1919 464 1989 minor,
484 1924 556 1991 qnod
575 1926 665 1981 adbuc
682 1927 822 1983 dissonum
840 1935 883 1981 est
894 1926 1075 1981 intervallum.
1095 1927 1212 1980 Tantum
1230 1932 1321 1980 autem
1339 1924 1473 1980 inmollis
1493 1925 1600 1995 genens
1618 1926 1719 1981 scalam

362 1996 487 2065 aphelins
504 2003 600 2059 Martis
619 2005 766 2071 consentit,
791 2019 846 2059 non
864 2005 946 2060 etiam
972 2005 1000 2059 in
1018 2003 1087 2059 duri.
1124 2003 1194 2058 Nam
1222 2018 1285 2058 cum
1303 2003 1428 2073 aphatias
1446 2003 1561 2064 Veneris
1579 2005 1719 2074 conspiret

362 2073 390 2127 in
408 2081 545 2145 agenoris
564 2083 632 2147 duri,
650 2083 747 2137 Martis
765 2097 830 2136 vero
848 2082 971 2151 aphelius
997 2080 1184 2150 (dissimulatis
1202 2081 1315 2149 octaris)
1334 2081 1370 2136 sit
1389 2081 1479 2136 iactus
1505 2081 1586 2137 altior
1604 2098 1685 2152 quam
1703 2100 1718 2139 e

358 2159 428 2208 tono
445 2157 562 2221 minore,
588 2163 742 2218 necessario
768 2161 850 2232 igitur
868 2162 992 2231 aphelins
1008 2161 1106 2217 Martis
1132 2160 1161 2214 iu
1180 2160 1232 2216 hac
1257 2161 1385 2216 tensione
1402 2159 1507 2218 medina
1525 2162 1596 2218 intor
1612 2162 1627 2230 t
1642 2167 1670 2216 et
1687 2162 1717 2230 sp

363 2230 486 2306 caderet,
515 2237 617 2294 iaciens
636 2258 698 2296 cum
713 2259 732 2312 p
750 2241 845 2310 (quem
862 2242 891 2296 in
909 2241 961 2297 hac
977 2241 1102 2296 tensione
1121 2246 1238 2310 occupat
1256 2239 1381 2310 aphelins
1399 2231 1529 2311 Telluris)
1547 2240 1719 2297 intervallum

362 2307 417 2379 Ἢ
436 2312 518 2384 plana
535 2318 734 2375 inconcinnum.
752 2324 847 2375 tonum
865 2335 903 2375 sc.
923 2320 1059 2391 majoram,
1078 2319 1123 2375 cni
1140 2319 1249 2376 ademta
1267 2319 1309 2395 sit
1321 2317 1412 2373 diesis.

451 2410 555 2470 Eodem
572 2416 653 2471 modo
670 2416 846 2485 probabitur,
873 2416 971 2472 Martis
997 2416 1136 2486 aphelinm
1160 2415 1244 2472 mmm
1266 2432 1284 2469 a
1300 2414 1418 2470 Telluris
1436 2414 1557 2470 motibus
1576 2412 1717 2470 dissidere.

362 2483 432 2541 Nam
451 2491 515 2558 quia
532 2509 594 2548 cnm
612 2493 744 2565 peribelio
762 2494 876 2550 Veneris
903 2495 1075 2551 semitonium
1093 2501 1122 2550 et
1139 2509 1243 2549 comma
1259 2494 1339 2563 tacit,
1365 2511 1416 2565 per
1432 2493 1519 2571 dicta,
1541 2494 1568 2547 id
1588 2500 1630 2549 est
1650 2494 1717 2564 Ἢ

363 2567 412 2621 sed
436 2569 561 2638 perihelii
585 2571 741 2628 Terracet
757 2573 872 2628 Veneris
899 2572 1004 2628 iaciunt
1030 2581 1136 2629 sextam
1160 2573 1267 2629 mollem
1294 2573 1328 2639 ‘ia
1345 2584 1395 2628 seu
1417 2573 1472 2641 ¹⁶12,
1496 2588 1547 2642 per
1572 2589 1651 2643 prop.
1669 2574 1717 2629 27:

363 2645 460 2701 Martis
477 2648 561 2716 igitur
577 2649 702 2721 aphelins
720 2668 782 2707 cnm
799 2650 931 2721 poribelio
944 2650 1061 2707 Telluris
1080 2650 1193 2722 (additis
1210 2651 1250 2707 ilii
1268 2653 1386 2721 umoris)
1412 2652 1494 2707 faciet
1515 2653 1568 2721 “ln
1587 2668 1636 2708 san
1659 2651 1717 2720 'tm

362 2722 552 2781 inconcinnum
570 2729 756 2800 intervallum,
782 2729 882 2785 nedum
900 2730 1100 2800 harmonicum,
1127 2735 1157 2787 nt
1174 2737 1203 2788 et
1222 2732 1267 2801 ²l,.
1302 2732 1356 2787 Est
1376 2747 1405 2786 n.
1423 2731 1562 2787 dissonum
1580 2739 1608 2787 et
1624 2731 1716 2788 incon·

360 2801 472 2858 cinnum
489 2806 617 2877 quicquid
636 2816 679 2864 est
695 2814 767 2864 mter
783 2808 817 2877 li,
835 2815 863 2864 et
881 2807 928 2877 il„
956 2817 988 2864 ut
1011 2808 1056 2865 bic
1074 2811 1114 2878 ⁸!,.
1152 2809 1205 2865 Sed
1230 2826 1282 2865 nec
1304 2810 1377 2865 nlius
1402 2809 1472 2865 alins
1491 2809 1608 2865 Telluris
1626 2818 1716 2867 motus

363 2883 528 2941 concordare
546 2893 639 2956 potest
656 2902 718 2943 cum
735 2887 844 2957 aphelio
861 2888 968 2958 Martis.
1004 2889 1074 2943 Nam
1092 2888 1296 2959 supradictum,
1315 2889 1388 2958 quod
1406 2889 1430 2944 is
1448 2905 1510 2943 cum
1528 2887 1636 2958 aphelio
1655 2887 1717 2943 Tei·

363 2960 430 3016 luris
448 2962 531 3019 faciat
550 2965 604 3034 ²⁵12,
624 2967 813 3023 inconcinnum
831 2966 1022 3037 {dissimulatis
1049 2968 1179 3036 octavis):
1203 2968 1262 3037 iam
1279 2981 1343 3023 raro
1362 2983 1379 3022 a
1396 2969 1427 3035 ⁶1,
1447 2965 1490 3022 vel
1509 2965 1565 3034 Ὗ,
1583 2966 1716 3036 usquein

364 3037 421 3108 ²⁶1„
448 3043 539 3099 omnia
564 3053 629 3101 sunt
646 3046 751 3102 minora
768 3047 878 3101 minimo
896 3045 1037 3103 intervallo
1053 3046 1218 3102 harmonico.

450 3150 696 3215 corollarium
718 3154 831 3215 XLIV.
877 3155 965 3215 Patet
985 3156 1075 3231 igitur
1096 3171 1132 3214 er
1155 3154 1211 3213 hac
1232 3170 1316 3232 prop.
1331 3154 1383 3213 43.
1406 3152 1443 3213 de
1457 3151 1537 3215 Jove
1559 3161 1589 3214 et
1610 3152 1716 3231 Marte,

364 3244 394 3298 et
416 3254 452 3298 ox
476 3240 526 3303 39.
548 3240 585 3301 de
607 3242 734 3301 Saturno
757 3251 787 3302 et
809 3240 902 3316 Jove,
933 3250 962 3301 et
984 3259 1020 3302 ex
1043 3243 1093 3304 36.
1116 3240 1153 3302 de
1174 3240 1254 3301 Jove
1276 3250 1307 3301 et
1328 3239 1463 3312 Tellure,
1492 3247 1523 3303 et
1545 3258 1582 3302 ex
1605 3243 1655 3302 32.
1680 3241 1716 3302 do

364 3324 508 3399 Saturno,
532 3344 583 3389 cur
604 3347 694 3407 supra
715 3343 780 3407 cap.
799 3330 827 3388 5.
842 3329 1027 3407 planetarum
1040 3337 1138 3388 motus
1154 3336 1299 3390 oxnsmos
1321 3345 1417 3404 neque
1439 3345 1541 3389 omues
1563 3328 1603 3389 ad
1625 3347 1716 3388 unum

364 3421 495 3488 systema
517 3416 650 3477 naturaie
673 3435 726 3477 seu
749 3416 859 3476 scalam
875 3419 1016 3477 musicam
1038 3417 1247 3494 perfectissime
1263 3414 1499 3476 accommodatos
1513 3433 1588 3495 csse,
1610 3434 1714 3495 neque,

365 3502 416 3577 qui
439 3501 478 3560 ad
500 3504 629 3581 systema
652 3506 793 3565 tensionis
817 3504 949 3581 ejusdem
971 3503 1187 3564 accommodati
1209 3512 1300 3577 erant,
1335 3520 1437 3587 omnes
1459 3501 1525 3562 illos
1548 3502 1614 3563 loca
1637 3503 1714 3564 iliius

364 3588 490 3648 naturali
513 3592 625 3651 ratione
655 3590 791 3651 divisisse
820 3609 873 3651 scu
902 3595 1117 3652 successionem
1150 3594 1356 3652 continuorum
1386 3589 1607 3673 intervallorum
1637 3608 1715 3652 mere

365 3675 528 3737 naturalem
551 3677 681 3740 eilecisse
704 3678 916 3758 deprehensum
938 3681 985 3738 sit.
1031 3678 1108 3740 Nam
1135 3680 1246 3757 priores
1268 3685 1337 3737 sunt
1365 3694 1488 3752 causae,
1521 3679 1629 3754 quibus
1651 3681 1715 3738 sin·

281 3818 284 3827 .
363 3763 427 3839 guli
449 3763 587 3840 planetae
609 3766 741 3843 singulas
764 3773 834 3826 sunt
855 3768 933 3827 nacti
956 3766 1140 3840 harmonias,
1174 3767 1280 3842 quibus
1302 3773 1331 3826 et
1354 3782 1456 3826 omnes
1486 3765 1623 3843 planetae
1645 3766 1715 3825 har-

363 3854 478 3911 monias
500 3854 691 3927 universales,
715 3855 824 3931 quibui
846 3853 970 3931 denique
993 3864 1023 3913 et
1046 3852 1215 3914 harmoniae
1237 3852 1418 3913 universales
1441 3850 1500 3912 duo
1523 3870 1639 3929 genera,
1663 3853 1715 3913 du·

364 3955 429 3998 rum
454 3945 483 3998 et
505 3940 609 4000 molle:
632 3944 740 4018 quibus
763 3942 877 4020 positis,
896 3943 960 4019 jam
975 3941 1130 4019 impeditur
1144 3939 1312 4001 omnimoda
1325 3939 1557 4000 accommodatio
1572 3939 1611 4000 ad
1627 3959 1716 4000 unum

364 4026 659 4106 namralasystoma.
706 4027 818 4104 Quodsi
840 4028 909 4089 illac
933 4047 1041 4088 causae
1056 4045 1115 4088 non
1130 4030 1358 4106 praecessissent
1380 4029 1562 4101 necessario,
1593 4026 1715 4087 dubium

367 4113 479 4173 nullum
503 4123 563 4187 est,
596 4118 667 4193 quin
690 4115 737 4176 rei
761 4133 851 4176 unum
873 4124 1004 4195 systema
1027 4133 1147 4193 unaque
1176 4114 1240 4192 ejus
1263 4117 1359 4174 tensio
1382 4114 1564 4193 planetarum
1587 4117 1716 4175 omnium

365 4207 462 4261 motus
484 4210 629 4263 extremos
651 4203 836 4280 complexum
859 4212 952 4280 asset3
986 4203 1032 4263 val
1056 4205 1080 4263 sl
1111 4202 1226 4263 duobus
1257 4202 1467 4281 systematibus
1490 4218 1564 4278 opus
1586 4202 1642 4262 tuit
1663 4221 1716 4280 pro

366 4286 481 4348 dnobus
504 4298 607 4350 cantus
630 4289 805 4365 generibus,
842 4289 913 4350 dnro
927 4299 966 4351 ct
987 4289 1085 4365 molli,
1120 4307 1179 4351 non
1200 4292 1231 4348 in
1253 4289 1347 4350 altera
1370 4296 1482 4348 tantum
1504 4292 1619 4365 generis
1642 4288 1716 4364 duri,

260 4378 262 4389 ’
365 4378 418 4438 sed
441 4380 530 4437 etiam
552 4381 581 4436 in
604 4378 718 4455 reliqua
748 4379 863 4454 generis
892 4378 989 4437 mollis
1003 4380 1180 4455 ipsissimus
1209 4377 1279 4437 ordo
1309 4375 1407 4461 scalae
1439 4375 1582 4436 naturalis
1615 4377 1718 4438 inisset

366 4481 527 4544 expressus.
573 4464 676 4525 Habes
702 4467 791 4543 igitur
819 4465 868 4525 hic
897 4464 975 4525 dicto
999 4482 1062 4542 cap.
1088 4466 1117 4527 5.
1139 4468 1298 4547 promissas
1328 4480 1433 4523 causas
1457 4463 1645 4524 dissidiorum
1667 4482 1719 4543 par

366 4553 495 4626 minima,
519 4559 549 4612 et
571 4552 705 4614 omnibus
728 4551 848 4633 quidem
870 4555 1019 4613 concinnis
1042 4554 1164 4612 minora.

453 4676 670 4756 Propositio
692 4677 790 4753 XLV.
835 4675 883 4748 Ad
913 4690 1095 4735 communem
1126 4675 1267 4752 majorem
1289 4671 1413 4733 Veneris
1439 4679 1468 4733 et
1490 4672 1628 4733 Mercurii
1656 4672 1719 4734 dis-

371 4762 533 4839 diapason,
557 4782 612 4825 neo
641 4782 700 4825 non
730 4763 767 4825 ad
792 4762 928 4826 Mercurii
960 4765 1049 4823 etiam
1076 4765 1240 4840 propriam,
1271 4778 1360 4838 supra
1386 4760 1532 4838 prioribus
1555 4760 1719 4821 rationibus

339 4934 342 4947 γ
370 4867 454 4931 prop.
481 4854 518 4912 12
542 4859 572 4914 at
597 4853 646 4913 16.
669 4852 832 4930 stabilitas,
863 4849 1002 4912 accedere
1032 4852 1164 4928 oportuit
1195 4847 1383 4911 intervallum
1410 4847 1534 4927 aequam
1563 4846 1719 4910 intervallo
