3792 5860
355 439 416 504 118
886 433 929 489 De
947 431 1170 502 Propertionibns

351 612 518 676 Aristotelis
531 619 661 689 tempore
674 611 718 672 sic
732 618 919 693 numerarunt
938 609 1079 671 chordas:
1103 612 1222 691 hypate,
1245 611 1418 690 parhypate,
1442 613 1584 687 lichanos,
1606 629 1696 690 mese,

349 719 516 781 paramese,
546 703 627 773 trite,
659 705 813 777 paranete,
836 705 914 760 nete.
957 698 1092 776 Hypetes
1116 717 1173 759 uox
1195 707 1257 760 erat
1278 702 1465 775 gravissima,
1494 701 1630 777 dictaque
1653 702 1709 779 sie!

353 808 418 853 esse
440 788 555 850 videtur
584 789 682 849 asitu
704 786 759 846 siro
788 787 819 844 in
841 786 1030 847 instrumento
1053 794 1151 863 tenso,
1181 804 1248 848 cnm
1276 785 1315 845 ad
1335 787 1497 849 lude'ndnm
1517 788 1697 866 spplicatnr;

352 876 476 939 eundem
496 878 574 937 enlm
595 876 683 935 situm
705 872 865 936 hodiedum
887 874 1001 934 obtinet
1021 876 1051 933 in
1074 873 1168 952 chely,
1191 873 1325 951 pandura
1346 884 1376 934 at
1390 876 1519 954 cythara.
1565 875 1697 951 Cumque

351 964 473 1026 affirmet
504 961 695 1036 Aristoteles,
723 963 797 1023 inter
824 960 954 1039 hypaten
984 968 1014 1021 et
1043 961 1225 1040 parhypaten
1256 961 1420 1024 interfuisse
1449 963 1541 1024 diesin
1564 961 1631 1044 (hoc
1653 970 1698 1021 est

351 1052 535 1115 Platonicum
565 1050 765 1124 semitonium,
796 1051 862 1124 qni,
894 1049 1009 1108 dnobus
1041 1053 1117 1109 tonis
1145 1049 1305 1125 majoribus
1327 1049 1435 1110 ablatis
1466 1052 1697 1123 adiatessaron,

350 1139 532 1217 relinquebat
554 1132 668 1219 wlff„
701 1134 780 1211 qnod
802 1135 965 1213 appellavit
991 1133 1109 1212 diesin),
1141 1153 1210 1213 ergo
1238 1135 1347 1214 hypate
1375 1136 1478 1197 eadem
1499 1146 1576 1212 erat,
1609 1155 1698 1215 quam

351 1229 501 1303 signamus
522 1226 607 1286 litera
629 1227 666 1299 A,
688 1224 861 1302 parhypate,
885 1241 974 1299 quam
994 1223 1080 1284 litera
1101 1224 1119 1283 b
1148 1226 1254 1300 signat.
1301 1224 1378 1301 Ergo
1400 1224 1532 1286 lichanos
1554 1223 1583 1305 (a
1605 1225 1697 1301 digito

350 1314 446 1373 indice
467 1314 511 1373 sic
532 1308 622 1392 dicta)
643 1319 689 1371 est
710 1329 735 1385 c,
757 1327 841 1393 meses
858 1328 929 1372 vero
951 1318 997 1373 1ι1
1017 1311 1046 1385 d,
1069 1311 1206 1388 dictaque
1229 1318 1274 1372 est
1295 1311 1352 1372 hoc
1373 1314 1499 1387 nomine,
1523 1311 1602 1389 qnod
1623 1314 1699 1372 inter

351 1408 464 1478 septem
486 1405 549 1461 erat
570 1397 681 1471 media,
710 1414 769 1475 quo
792 1405 921 1476 tempore
950 1406 1062 1475 septem
1085 1398 1167 1459 solae
1189 1406 1272 1458 erant
1294 1398 1418 1460 chordae
1449 1401 1478 1457 in
1500 1400 1638 1477 psalterio
1668 1408 1698 1459 et

351 1506 403 1565 pro
426 1494 533 1549 octava
553 1486 726 1564 pulsabatur
747 1487 849 1563 prima
893 1486 1049 1547 Paramese
1071 1486 1162 1546 babet
1187 1486 1301 1546 literam
1322 1486 1362 1565 dp
1385 1487 1433 1548 vol
1454 1507 1484 1562 e,
1513 1486 1590 1548 hanc
1611 1491 1698 1549 setu-

352 1578 456 1636 stiores
479 1574 667 1655 omittebant3
696 1575 763 1635 trite
784 1571 899 1636 literam
920 1575 951 1651 f,
981 1573 1060 1634 diota
1081 1574 1125 1633 sic
1146 1580 1206 1649 est,
1234 1572 1314 1651 quod
1337 1581 1414 1635 esset
1436 1576 1523 1635 tertia
1545 1578 1574 1634 io
1598 1573 1698 1635 ordine

352 1663 390 1723 ab
412 1668 512 1737 acuto,
540 1663 615 1722 sient
636 1677 690 1722 nos
713 1667 827 1722 sextam
856 1661 979 1722 dicimus
1009 1678 1029 1720 a
1050 1661 1134 1737 gravi
1156 1663 1194 1721 Α.
1239 1660 1384 1722 Paranete
1405 1665 1536 1739 signatur
1561 1662 1647 1724 litera
1667 1681 1695 1739 p.

351 1750 493 1826 Riecte,
517 1750 602 1826 quasi
624 1765 700 1826 quae
721 1747 825 1809 nitima
846 1754 983 1826 tangatur
1004 1765 1023 1808 a
1044 1746 1155 1825 plectro
1179 1747 1313 1810 deorsum
1342 1756 1449 1825 tracto,
1472 1749 1547 1811 redit
1569 1749 1607 1811 ad
1628 1749 1698 1812 lits-

351 1855 414 1897 ram
434 1856 464 1898 ιι
509 1835 668 1897 Confirmat
695 1835 771 1897 hane
798 1835 1030 1897 distributionem
1060 1842 1090 1897 et
1118 1835 1189 1911 hoc,
1220 1834 1300 1965 quod
1331 1838 1406 1896 inter
1427 1843 1514 1897 neten
1542 1844 1573 1898 et
1598 1854 1698 1898 mesen

354 1923 490 2001 diapente
512 1924 676 1984 mnriuisse
698 1922 810 1985 dieitur.

438 2010 511 2071 Tale
540 2019 639 2071 autem
665 2018 795 2089 systema
820 2008 993 2071 chordarum
1021 2017 1088 2070 octo
1116 2026 1176 2070 non
1202 1958 1318 2088 poterat
1343 2008 1426 2070 aliter
1459 2011 1573 2087 utrique
1597 2012 1698 2087 generi

353 2100 486 2159 cantus
478 2101 627 2173 mannire,
649 2099 705 2158 nisi
728 2096 777 2158 rel
799 2103 879 2157 tactn
901 2095 986 2174 digiti
1008 2097 1247 2163 abbreviareniur
1267 2096 1430 2176 parhypate
1452 2097 1471 2156 b
1496 2104 1525 2157 et
1544 2114 1698 2201 paramese

352 2187 400 2263 dp,
423 2192 457 2246 nt
477 2185 579 2246 tierent
600 2184 634 2267 i),
661 2203 694 2259 e,
717 2184 766 2246 rel
789 2183 940 2245 verticillis
961 2185 1208 2246 intenderentur
1200 2203 1231 2243 ιιι
1254 2182 1340 2256 duro,
1370 2193 1420 2244 aut
1435 2187 1676 2253 remitterentur
1668 2204 1699 2244 ιιι

352 2273 433 2332 molli
455 2281 552 2334 cantu.
596 2274 634 2332 Et
654 2272 712 2332 hac
733 2273 888 2333 occasione
909 2279 981 2333 nata
1002 2279 1048 2333 est
1070 2271 1217 2332 distinctio
1240 2270 1456 2348 phthongorum
1478 2271 1648 2334 instabiles
1671 2282 1700 2333 et
1822 2360 1825 2364 Δ

352 2359 484 2434 rnobiles,
507 2363 630 2438 ipsaque
643 2358 810 2437 appellatio
833 2365 948 2429 discaco
970 2378 988 2421 a
1010 2360 1184 2420 remissione
1206 2359 1379 2419 chordarum
1401 2360 1562 2419 mobilium

438 2448 473 2507 ln
494 2449 703 2525 compositione
723 2446 850 2523 plurium
872 2454 1064 2524 systematum
1086 2445 1229 2523 diapason
1251 2448 1325 2505 ratio
1350 2454 1479 2506 veterum
1503 2447 1559 2507 init
1580 2449 1701 2507 intrica-

352 2536 424 2610 tior3
455 2533 528 2596 illud
549 2542 646 2595 tamen
669 2533 900 2607 observandum,
928 2532 1007 2610 quod
1029 2540 1229 2594 assumserunt
1253 2550 1342 2593 unam
1363 2537 1527 2607 graviorem
1555 2536 1621 2611 ipsa
1642 2534 1701 2612 hy-

353 2628 441 2697 pate,
472 2638 548 2699 qnae
578 2624 616 2682 ab
646 2620 704 2681 hoc
725 2624 789 2697 ipso
818 2621 1127 2698 proslambanomenos
1156 2628 1202 2682 cst
1229 2621 1317 2681 dicta
1361 2620 1459 2697 Hujus
1480 2624 1523 2682 rei
1544 2624 1701 2699 vestigium

353 2716 486 2785 superest
506 2711 536 2767 in
558 2709 638 2771 scala
659 2708 779 2784 musica,
804 2726 892 2785 quam
914 2707 1046 2769 ediscunt
1068 2711 1160 2769 nostri
1180 2710 1272 2785 pueri,
1296 2725 1373 2785 quae
1391 2711 1515 2769 assumit
1536 2710 1611 2770 inira
1632 2710 1701 2771 lite·

228 2852 234 2859 .
352 2813 415 2857 ram
435 2796 557 2857 latinam
578 2799 607 2857 Α
628 2796 772 2871 aliquam,
807 2814 883 2872 quae
912 2795 1058 2899 signifieat
1084 2813 1190 2856 sonum
1211 2797 1390 2870 graviorem,
1421 2814 1488 2857 enm
1510 2799 1588 2858 enim
1618 2806 1701 2867 extra

355 2883 485 2945 ordinem
507 2868 605 2960 sigrr'at
625 2900 732 2959 graece
752 2884 839 2946 litera
861 2886 899 2958 Γ;
922 2887 964 2944 ι11
986 2886 1063 2943 enim
1085 2883 1187 2961 incipit
1207 2883 1304 2944 scala.
1331 2881 1494 2958 Gammut,
1517 2886 1579 2944 Are
1601 2891 1656 2945 etc

439 2970 523 3032 Haeo
545 2971 581 3033 de
603 2972 769 3032 nominibus
791 2969 963 3032 chordarum
986 2971 1134 3032 veteribus
1156 2970 1282 3032 sufficiat
1296 2973 1427 3048 tetigisse
1443 2971 1500 3032 hoc
1514 2972 1589 3032 loco.
1625 2971 1701 3032 Nam

319 3054 326 3059 '
354 3057 428 3118 inira
451 3061 547 3136 capite
572 3061 619 3119 11.
644 3074 745 3120 omnes
767 3057 894 3120 chordae
920 3058 958 3118 15
981 3060 1149 3137 systematis
1171 3060 1326 3136 compositi
1341 3058 1564 3136 explicabuntur
1578 3061 1702 3122 vocibus

353 3147 498 3222 antiquis,
521 3144 575 3206 sed
595 3148 787 3222 posteriorum
810 3148 995 3207 musicorum.

440 3232 510 3293 Jam
535 3232 660 3294 tandem
690 3233 729 3294 ad
755 3240 886 3295 noenum
914 3241 1045 3311 systema
1078 3230 1210 3292 natmale
1243 3233 1329 3293 unius
1357 3239 1481 3294 octavae
1515 3234 1700 3310 accedamus,

353 3323 439 3397 eique
460 3318 559 3382 literas
581 3320 762 3399 applicemus
784 3339 820 3382 ex
842 3322 955 3381 musica
976 3323 1094 3381 usitata.

438 3406 544 3469 Statue
572 3409 662 3485 igitur
688 3411 855 3486 systematis
878 3407 965 3485 hujus
987 3406 1128 3468 naturalis
1157 3413 1186 3467 et
1208 3406 1428 3467 demonstrativi
1461 3424 1563 3468 rocem
1584 3409 1701 3486 ςιιιὶι-

353 3497 457 3557 simam
478 3514 544 3557 eam
565 3512 646 3571 esse,
673 3514 760 3574 quam
782 3504 897 3558 veteres
925 3495 1252 3573 proslambanomenon,
1275 3493 1357 3555 scala
1384 3495 1529 3557 musicalis
1556 3493 1703 3557 Gammut

353 3583 429 3644 solet
449 3582 613 3661 appellare,
641 3585 670 3643 ei
696 3585 830 3644 nimirum
862 3582 1045 3645 tribuendam
1074 3580 1189 3642 literam
1214 3578 1250 3641 G,
1295 3581 1409 3642 Causae
1439 3581 1496 3643 hae
1518 3590 1601 3657 sunt,
1632 3586 1703 3660 quia

355 3687 450 3743 voces,
475 3673 650 3731 constitutae
672 3687 723 3746 per
744 3673 888 3732 sectiones
899 3670 1091 3745 harmonicas,
1115 3668 1189 3728 iutra
1210 3666 1339 3745 quidem'
1353 3676 1488 3730 oetamm
1510 3669 1582 3730 talia
1604 3671 1702 3731 deter-

353 3759 465 3817 minent
486 3757 641 3818 intervalla
663 3774 729 3817 curn
751 3775 823 3820 roca
846 3758 973 3820 chordas
995 3761 1093 3833 totius,
1118 3754 1217 3833 qualia
1238 3757 1342 3817 musici
1364 3757 1507 3818 ordinarie
1523 3761 1703 3819 constituunt

353 3847 428 3905 inter
453 3841 529 3905 Get
551 3846 585 3918 b,
609 3842 641 3927 ty,
664 3863 696 3919 o,
718 3845 751 3919 d,
773 3846 828 3923 dp,
850 3867 874 3909 e.

438 3931 554 3993 Dixerit
576 3931 700 4008 aliquis,
728 3931 831 3994 eadem
853 3931 1009 3995 intervalla
1031 3929 1155 4008 intelligi
1175 3947 1264 4007 posse
1288 3932 1361 3992 inter
1383 3931 1415 3990 D
1437 3938 1467 3993 11
1489 3930 1532 4006 F,
1564 3930 1627 4008 Fp,
1665 3929 1701 4005 G,

251 4042 254 4059 ν
353 4022 391 4092 Α,
413 4019 440 4092 b,
463 4016 490 4101 ty,
513 4021 667 4080 sicariam
689 4021 801 4081 intere
823 4021 921 4096 etdp,
944 4040 968 4094 e,
990 4020 1014 4097 1,
1036 4038 1071 4096 p,
1093 4037 1148 4096 gp,
1171 4037 1201 4078 e.
1245 4019 1308 4078 Nec
1330 4017 1455 4079 diiiiteor
1478 4036 1548 4096 ego,
1572 4021 1702 4080 musicos

354 4108 508 4182 organicos
528 4105 628 4167 literas
649 4106 704 4167 has
727 4124 865 4185 usurpare
887 4107 1061 4183 generaliter
1089 4121 1144 4166 uec
1166 4104 1344 4183 distinguere
1371 4110 1401 4164 in
1429 4107 1466 4165 iis
1496 4113 1583 4166 tonos
1605 4106 1702 4182 maJ'o-

353 4211 414 4253 ram
442 4201 472 4253 et
500 4196 649 4254 minorem
694 4193 770 4254 Nam
799 4193 870 4272 quid
898 4193 965 4255 illos
994 4192 1136 4271 impediat
1165 4212 1185 4252 a
1210 4191 1267 4254 G
1259 4213 1289 4252 rn
1312 4194 1333 4254 d
1361 4201 1549 4270 transponere
1573 4202 1701 4269 cantum,

354 4282 456 4356 quiin
479 4280 596 4358 organis
617 4281 679 4341 suis
700 4286 786 4342 tonos
810 4282 892 4385 duos,
916 4281 1056 4358 majorem
1070 4276 1111 4361 31,
1126 4286 1156 4340 11
1169 4275 1340 4342 minorem⁹
1336 4279 1387 4363 ll„
1380 4281 1574 4350 ,conflatos
1566 4298 1596 4340 ιιι
1610 4299 1703 4342 unum

355 4367 541 4428 intervallum
570 4362 627 4449 41
658 4376 764 4445 postea
792 4371 924 4447 praecise
945 4370 1107 4430 bisecant
1098 4386 1129 4426 ιιι
1151 4367 1226 4429 duos
1251 4377 1337 4428 tonos
1365 4368 1502 4443 usuales,
1534 4372 1608 4428 iuter
1637 4386 1703 4431 sese

354 4454 518 4531 aequales?
561 4456 648 4516 Etsi
657 4459 820 4518 accuratior
842 4464 887 4518 est
916 4460 946 4516 in
968 4456 1024 4517 hac
1053 4459 1318 4534 contemperatione
1342 4454 1503 4518 Galilaeus.
1546 4455 1609 4516 Nos
1631 4475 1701 4518 roro

354 4549 520 4619 spectamus
542 4542 673 4604 hicnon
694 4540 832 4622 ἀτιχιιαι
853 4546 1069 4623 empiricorum,
1098 4543 1150 4604 sed
1173 4552 1294 4606 nabrrae
1318 4539 1483 4624 ἀκριβιιαι,
1512 4561 1601 4622 quaro
1633 4547 1702 4605 imi-

354 4630 411 4689 tari
439 4627 507 4690 illos
536 4647 594 4691 non
624 4648 790 4708 possumus.
835 4632 874 4693 lit
903 4633 1016 4694 literam
1047 4630 1164 4708 quidem
1187 4650 1217 4707 c,
1248 4632 1403 4707 quominus
1434 4632 1471 4691 ab
1494 4631 1545 4691 illa
1571 4640 1702 4710 systema

355 4723 478 4777 octavae
507 4718 642 4780 naturale
672 4725 845 4798 consurgat,
879 4720 928 4782 rei
952 4722 1014 4796 -ipsi
1041 4719 1201 4795 abJecerint
1218 4719 1286 4791 ,hoc
1317 4725 1505 4796 argumento:
1536 4737 1605 4779 nam
1627 4722 1702 4783 inter

354 4806 484 4880 ipsorum
504 4823 552 4883 gp,
575 4824 597 4867 ι
619 4812 664 4867 est
685 4808 880 4881 semitonium,
904 4815 934 4869 et
954 4807 1011 4869 hoc
1032 4805 1218 4869 intervallum
1241 4813 1286 4867 est
1306 4805 1372 4867 loco
1388 4809 1499 4884 quinto,
1524 4809 1594 4883 qnia
1615 4827 1635 4867 a
1656 4814 1703 4869 eat

355 4902 439 4961 sexta
460 4910 479 4954 a
500 4910 525 4961 e.
570 4893 846 4979 litiosystemats
869 4895 1221 4965 nundinatorem
1242 4895 1327 4961 uobis
1349 4893 1424 4958 diesi
1446 4911 1521 4975 opus
1535 4900 1587 4956 est
1626 4894 1701 4961 Die-
