3792 5860
338 426 399 489 tat
873 426 915 483 De
932 425 1159 498 Propertlouiliur

424 595 455 650 In
474 594 611 653 abstracto
629 597 669 657 sit
686 597 861 669 iaulugsun
877 601 953 671 quod
964 601 1084 657 circulata
1100 616 1163 659 otttn
1180 607 1261 671 parto
1276 616 1327 659 sna
1345 602 1495 659 mustituat
1505 598 1696 670 proportiones

337 679 425 728 certas
444 673 629 743 harmonicas,
656 691 739 746 quae,
764 677 791 732 in
811 679 1019 752 quibuscunque
1035 680 1208 741 iurauiautur
1230 679 1352 735 terminis
1379 680 1452 751 aliia,
1475 690 1525 734 seu
1548 678 1623 735 sonia
1646 693 1699 735 aaa

338 751 458 810 motibus
477 752 573 822 mirus,
592 768 699 823 semper
717 755 772 809 sint
789 756 971 815 harmonicae.

427 829 543 885 Additur
560 839 652 885 autem
670 833 723 887 hoo
741 835 848 891 axioma
864 837 939 899 ideo,
968 837 1032 907 quia
1052 854 1106 893 non
1125 852 1218 893 omues
1243 837 1434 907 proportiones
1460 835 1634 892 harmonicae
1651 851 1700 889 tm·

340 909 457 965 mediate
483 925 517 964 ex
535 910 595 978 ipso
614 910 715 966 circuio
740 914 864 970 oriuntur
882 915 968 983 prima
986 917 1078 971 statim
1105 916 1165 985 ejus
1188 916 1310 971 sectione
1335 931 1384 984 per
1400 914 1515 985 liguram
1539 916 1699 986 regularem,

342 988 390 1044 sed
410 988 543 1043 accedunt
560 989 668 1057 aliquae
687 982 770 1046 ex'ee
787 992 922 1062 prioribus
941 1003 1110 1065 propagatae
1129 1009 1216 1064 usqne
1234 993 1270 1049 ad
1287 1001 1389 1050 cenam
1406 1003 1519 1058 metam,
1544 1002 1575 1048 ut
1592 992 1620 1048 iu
1638 1010 1701 1063 pro·

287 1122 291 1127 .
341 1067 522 1138 positionibus
540 1067 698 1125 ridebimus.
734 1071 807 1127 Usus
825 1074 967 1130 axiomatis
986 1083 1029 1130 est
1045 1076 1072 1128 in
1091 1085 1202 1144 propos.
1221 1074 1247 1129 7.
1265 1074 1289 1128 8.

429 1144 587 1204 Axioma
612 1144 662 1203 Vl.
710 1144 784 1205 Cum
806 1146 879 1209 duae
902 1148 1029 1210 chordae
1050 1166 1140 1209 sonos
1167 1147 1311 1208 ediderint
1332 1148 1493 1219 identieos,
1518 1163 1583 1205 nor
1606 1149 1699 1218 tertia,

342 1246 506 1291 consonans
529 1248 627 1293 aarum
648 1234 717 1306 uni,
742 1236 913 1297 consonabit
935 1246 965 1297 et
986 1236 1084 1311 alteri,
1109 1235 1264 1295 dissonans
1280 1252 1350 1296 vero
1374 1237 1413 1295 ab
1435 1251 1509 1307 una,
1541 1235 1702 1294 dissonabit

336 1325 372 1405 ‘et
386 1318 424 1377 ab
448 1316 548 1390 altera,
571 1318 825 1398 qualibuscunque
847 1323 971 1383 diversis
993 1327 1083 1384 etiarn
1106 1325 1305 1383 consonantiis
1328 1322 1376 1382 rei
1399 1321 1598 1382 dissonanttis.

429 1400 509 1464 Nota,
528 1400 555 1454 in
574 1400 696 1470 subjecto
714 1404 780 1472 poni
797 1407 915 1475 speciem
931 1407 1087 1476 identisoni,
1104 1407 1134 1460 in
1152 1404 1309 1475 praedicato
1329 1420 1415 1477 genna
1434 1404 1564 1472 consoni,
1587 1410 1618 1458 ut
1635 1403 1702 1458 haee

345 1478 400 1534 duo
418 1478 613 1547 intelligamus:
637 1481 737 1551 primo,
761 1498 817 1538 nou
834 1484 926 1553 aequi:
951 1484 1023 1540 duae
1045 1492 1198 1541 consonent
1221 1485 1460 1554 qualitercunque,
1484 1496 1549 1551 ergo
1573 1489 1602 1536 et
1622 1481 1704 1536 tertia

344 1566 479 1613 consonat
495 1558 617 1627 utrique,
644 1560 688 1613 rei
706 1560 828 1617 dissonat
845 1565 879 1616 ab
899 1571 1022 1634 utraque
1059 1564 1120 1618 Hoc
1138 1564 1207 1617 euim
1234 1571 1277 1618 est
1294 1562 1394 1618 imaum
1418 1561 1453 1616 de
1471 1574 1585 1630 genere,
1611 1575 1703 1616 rerum

345 1652 410 1701 uero
428 1637 462 1693 de
480 1638 572 1708 speeie
589 1638 818 1709 identisonorum3
838 1643 934 1702 deinde
951 1658 1001 1700 nec
1019 1645 1071 1700 hoo
1090 1644 1229 1712 seqnitur:
1255 1643 1278 1696 si
1296 1639 1378 1697 tortia
1395 1646 1528 1694 consonet
1544 1638 1592 1692 uui
1608 1636 1704 1693 identi-

348 1728 477 1773 aonorum
495 1716 587 1787 aliqua
604 1727 679 1774 certa
696 1723 884 1790 consonantis,
902 1722 1066 1780 mnroaabit
1082 1729 1111 1777 et
1122 1719 1202 1776 alteri
1220 1720 1315 1775 eadem
1328 1720 1419 1790 specie
1433 1719 1633 1781 consonantiae,
1651 1717 1705 1772 hoc

347 1795 417 1851 enim
436 1812 490 1852 nort
509 1812 617 1871 semper
634 1815 726 1855 rerum
745 1807 825 1863 earet
844 1801 916 1868 quod
936 1799 1080 1856 declarabo
1099 1798 1234 1869 exemplo,
1253 1799 1316 1855 lieet
1334 1815 1369 1855 ea
1380 1798 1545 1868 auueipato:
1564 1796 1618 1852 sint
1635 1794 1706 1850 duae

346 1888 436 1941 noces,
455 1874 587 1932 iacientes
607 1878 737 1949 diapason
757 1879 782 1936 G
800 1886 827 1934 et
842 1897 874 1952 ps
898 1879 935 1934 sit
951 1878 1032 1934 tertia
1049 1878 1080 1942 d,
1097 1878 1143 1932 illa
1160 1877 1228 1933 iacit
1249 1894 1312 1933 cum
1331 1877 1356 1934 G
1374 1876 1514 1947 diapente,
1541 1890 1605 1944 erpo
1623 1873 1706 1931 αἰιω

346 1962 522 2025 peonaouat,
540 1963 569 2010 at
587 1972 640 2011 uon
658 1973 708 2029 per
725 1958 860 2030 diapente,
880 1957 929 2013 sed
946 1974 996 2030 per
1015 1957 1199 2017 metessaroa.
1232 1956 1305 2013 Usus
1325 1963 1417 2012 autem
1441 1955 1603 2026 praecipuus
1621 1953 1705 2023 htrjus

349 2028 493 2086 axiomatis
512 2039 554 2086 est
571 2050 648 2105 prop.
668 2036 693 2091 4.

437 2107 601 2167 Axioma
626 2108 692 2170 Vll.
738 2109 812 2172 (luto
840 2110 916 2173 duae
939 2110 1065 2172 chordae
1088 2110 1136 2169 vel
1159 2126 1249 2169 uoces
1272 2107 1416 2169 ediderint
1444 2125 1533 2168 sonos
1554 2105 1707 2180 identitas,

349 2207 407 2340 epp
423 2195 518 2267 tertia,
541 2199 668 2257 existens
683 2214 749 2259 oum
772 2199 886 2260 illarum
903 2217 962 2260 una
984 2199 1159 2273 identisona,
1181 2200 1271 2258 etiam
1293 2213 1357 2257 cum
1373 2195 1485 2257 illarum
1508 2194 1601 2256 altera
1623 2192 1708 2254 ideu-

349 2286 362 2338 t
413 2284 608 2343 'consonabit

437 2361 516 2432 Quod
534 2365 562 2420 in
578 2365 662 2435 priori
680 2367 816 2423 axiomata
833 2367 997 2438 generaliter
1014 2383 1069 2423 non
1086 2366 1178 2438 potuit
1189 2363 1327 2434 affirmari,
1348 2363 1449 2433 idjam
1466 2362 1494 2419 iu
1508 2365 1597 2435 specie
1616 2378 1709 2419 aerum

351 2445 393 2495 est
410 2439 443 2496 de
461 2441 677 2501 identisortautia.
714 2446 786 2503 Usus
804 2456 846 2503 est
863 2449 890 2503 in
908 2465 986 2520 prop.
1003 2450 1029 2505 3.

412 2496 484 2587 ΓΗΘ
499 2517 545 2577 hia
567 2521 656 2595 igitur
677 2524 882 2595 axiomatibus,
906 2525 1076 2601 praesertim
1098 2521 1135 2581 de
1158 2520 1287 2597 quinque
1308 2519 1460 2597 prioribus,
1483 2517 1642 2596 speculatio
1665 2526 1710 2578 cst

352 2601 493 2676 dubliffiih
516 2604 670 2668 Platonica
691 2609 817 2685 iideique
840 2610 1022 2672 Christianae
1046 2611 1182 2686 analoga,
1206 2606 1243 2666 ttd
1267 2606 1497 2684 metaphysieatu
1520 2604 1613 2680 adque
1636 2604 1711 2664 doc·

352 2692 457 2750 trinam
487 2690 523 2752 de
545 2697 643 2755 anima
674 2705 819 2774 spectans.
865 2697 1044 2759 Geometria
1062 2692 1159 2781 euimp'
1173 2694 1273 2770 'ettjus
1302 2702 1414 2771 partem
1444 2692 1501 2752 buc
1529 2700 1711 2769 spectantem

329 2794 335 2807 ·
353 2776 419 2836 iibri
436 2776 491 2838 duo
515 2781 625 2857 priores
647 2794 717 2843 eunt
739 2785 914 2867 coruprlexi,7
928 2787 995 2847 Deo
1027 2794 1183 2846 conuersa
1212 2784 1301 2857 inque
1327 2789 1425 2840 ments
1445 2779 1547 2840 divina
1570 2779 1710 2853 reltreens,

354 2866 488 2944 eaempia
507 2867 572 2928 lieo
602 2871 818 2957 suppeditarat
847 2868 934 2933 ut'in
962 2874 1051 2949 hujus
1082 2872 1149 2933 iibri
1176 2866 1367 2950 praeambulo
1396 2848 1711 2951 dietumiesomandi

328 3028 332 3039 Ι
355 2953 464 3028 nsandi,
489 2964 519 3015 ut
534 2956 557 3015 is
578 2955 662 3019 fieret
685 2962 812 3036 optimus
835 2969 864 3020 et
886 2960 1110 3039 puieherrimus,
1134 2959 1259 3034 denique
1275 2956 1421 3015 Crantoris
1435 2944 1634 3041 simillimus]
1655 2952 1712 3014 Dei

354 3056 424 3102 tero
440 3040 587 3103 Crantoris
608 3047 751 3119 imagines
773 3057 856 3128 sunt,
884 3056 1026 3125 quotquot
1047 3049 1179 3125 spiritus,
1210 3047 1342 3113 animas,
1365 3049 1476 3102 mentes
1497 3044 1558 3100 suis
1580 3041 1712 3115 singulae

329 3129 526 3205 temporibus
547 3139 616 3190 sunt
637 3134 810 3209 praelectae,
833 3144 868 3195 ut
890 3136 943 3196 iiia
963 3136 1168 3214 gubernarent,
1190 3138 1352 3204 moverent,
1377 3138 1527 3207 augerent,
1549 3142 1712 3189 conserva-

332 3220 419 3275 ·rent
440 3215 575 3293 adeoque
596 3227 627 3278 et
648 3230 853 3298 propagarent
1679 3242 1686 3255 ι

386 3316 393 3335 “
446 3301 520 3365 Cum
543 3306 631 3381 igitur
653 3316 754 3385 typum
778 3310 924 3385 quepdam
945 3311 1101 3370 creationis
1123 3309 1182 3367 siut
1204 3303 1374 3382 complexae
1396 3304 1456 3362 suis
1477 3302 1603 3374 muniis,
1626 3300 1709 3377 leges

359 3391 447 3452 etiam
470 3406 536 3451 eunt
558 3399 688 3455 creatore
710 3394 828 3456 easdem
843 3400 1001 3459 observant
1016 3399 1121 3474 operis,
1144 3412 1180 3454 ex
1195 3393 1357 3472 geometria
1376 3389 1534 3465 desumtas,
1554 3389 1703 3464 gaudent·

361 3494 418 3555 que
440 3482 678 3556 proportionibus
700 3481 813 3557 iisdem,
837 3487 945 3561 quibua
968 3485 1051 3545 Deus
1073 3490 1118 3544 est
1141 3498 1230 3554 usus,
1260 3480 1427 3555 ubicunque
1450 3476 1517 3537 illas
1538 3479 1712 3551 invenerint,

360 3567 424 3625 aire
447 3565 527 3626 nuda
548 3567 765 3644 speculatione,
796 3573 859 3633 sive
881 3574 1062 3651 interpositis
1084 3569 1236 3642 sensibus,
1267 3569 1297 3625 in
1324 3567 1411 3627 rebus
1440 3567 1540 3625 sensui
1563 3564 1714 3641 subiectis,

361 3652 425 3712 sive
448 3654 536 3713 etiam
558 3655 621 3715 sino
644 3655 776 3718 discursu
798 3663 913 3735 mentis,
936 3675 989 3737 per
1011 3658 1158 3720 occuitum
1181 3664 1211 3717 et
1233 3661 1417 3715 concreatum
1439 3655 1625 3727 instinctum,
1648 3652 1715 3711 siro

363 3738 445 3798 Deus
468 3741 530 3818 ipse
553 3746 755 3819 proportiones
778 3745 918 3809 basceio
941 3747 1111 3823 corporibus
1144 3753 1173 3803 et
1199 3738 1329 3803 motibus
1350 3743 1523 3818 expresserit
1552 3738 1716 3799 invariabi-

364 3826 441 3900 liter,
463 3830 527 3891 aire
550 3830 677 3905 quadam
699 3836 876 3908 geometrica
901 3836 1078 3895 necessitate
1100 3833 1240 3892 materiae
1269 3831 1298 3887 iu
1322 3828 1465 3887 inlinitum
1488 3826 1625 3886 dividuae
1647 3841 1715 3885 mo-

365 3921 507 3990 tuumque
534 3933 586 3993 per
610 3919 749 3978 materiae
772 3924 964 3997 quantitatem
993 3918 1219 3981 interinfinitas
1241 3918 1445 3994 proportiones
1474 3931 1533 3973 uon
1565 3914 1716 3973 harmoni·

364 4018 413 4061 cas
444 4006 618 4064 occurrerint
646 4008 733 4064 etiam
755 4004 941 4070 harmonicae
967 4008 1044 4069 istae
1067 4010 1128 4068 suis
1151 4005 1346 4083 temporibus,
1380 4004 1466 4063 etsie
1489 4018 1547 4060 non
1571 4004 1600 4060 in
1623 4016 1716 4067 ease,

293 4112 298 4119 ·
363 4087 416 4149 aed
440 4090 469 4147 in
491 4090 505 4148 i
514 4092 586 4151 ieri
608 4094 778 4153 consistant.
822 4095 884 4156 Neo
905 4103 1017 4156 tanturm
1040 4094 1168 4171 gaudeat
1190 4100 1312 4163 mentes,
1337 4091 1393 4150 Dei
1417 4091 1568 4160 imagines,
1592 4104 1717 4165 propor-

364 4177 495 4236 tionibus
518 4179 569 4250 tis,
600 4180 653 4239 sed
675 4189 796 4250 utuntur
825 4186 913 4244 etiam
936 4182 1040 4242 iisdem
1062 4199 1114 4260 pro
1138 4181 1254 4257 legibus
1279 4178 1318 4238 ad
1347 4175 1514 4255 peragenda
1539 4193 1595 4235 sua
1615 4174 1718 4234 munia

365 4268 628 4341 proportionesque
658 4269 777 4328 easdem
800 4272 829 4328 irr
852 4272 981 4331 motibus
1004 4286 1122 4329 suorum
1153 4267 1322 4345 corporum,
1355 4282 1413 4341 qua
1435 4265 1518 4334 iicet,
1550 4264 1717 4339 exprimen-

367 4350 430 4413 dar.
477 4352 619 4429 Exempla
641 4354 794 4417 luculenta
816 4358 875 4418 duo
898 4360 1045 4434 prolatent
1066 4356 1131 4417 libri
1147 4364 1314 4432 sequentes,
1336 4369 1425 4412 unum
1445 4353 1538 4428 ipsirrs
1553 4351 1608 4410 Dei
1625 4348 1718 4408 iirea-

365 4437 453 4510 toris,
485 4442 534 4517 qrri
558 4445 793 4518 proportionibus
817 4445 992 4505 harmonicis
1016 4444 1186 4522 dispertitus
1215 4451 1259 4502 est
1282 4450 1378 4500 motus
1400 4438 1561 4507 coelorum,
1594 4435 1718 4496 aiterum

367 4527 485 4586 animae
506 4527 599 4602 iilius,
632 4547 719 4606 quatu
741 4543 877 4593 usturam
900 4533 1088 4593 sublunarem
1111 4531 1206 4591 dicore
1228 4526 1374 4596 solemus,
1402 4527 1505 4587 cientis
1526 4533 1657 4584 meteone
1678 4521 1718 4582 ad

367 4615 579 4691 praescriptum
601 4621 838 4695 proportionum,
870 4614 955 4697 quae
969 4628 1122 4682 occurrunt
1154 4621 1182 4677 in
1204 4613 1414 4675 radiationibus
1446 4620 1598 4673 astrorum.
1643 4610 1718 4671 Tor·

367 4703 440 4761 tium
464 4702 553 4776 igitur
575 4712 604 4764 et
625 4705 714 4783 hujus
737 4707 802 4768 iibri
827 4712 974 4785 proprium
998 4708 1163 4785 exemplum
1191 4711 1255 4764 esto
1278 4704 1394 4761 animae
1416 4699 1561 4760 hnmanae
1583 4698 1718 4774 adeoque

367 4796 397 4849 et
425 4788 571 4866 pecudum
602 4790 827 4870 quadamtenus.
871 4796 945 4857 lilae
976 4798 1053 4855 enim
1082 4793 1226 4871 perceptis
1254 4789 1492 4866 proportionibus
1521 4802 1625 4847 seeum
1648 4785 1719 4845 bar·

267 4888 270 4901 ·
367 4878 491 4942 manicis
513 4878 652 4959 gaudent,
675 4900 733 4943 noo
755 4884 932 4947 umento·
954 4885 1120 4955 uisuntur,
1153 4878 1301 4958 aquibus
1329 4879 1445 4939 animas
1471 4872 1719 4937 artmannus
