3872 5846
812 319 895 377 Liber
912 318 959 376 lv.
978 319 1067 391 Oeput
1083 320 1105 376 1.
1571 334 1635 395 m

281 505 411 567 mosim
431 502 672 582 symphoniam
694 499 800 562 untsx
821 501 902 559 istus
922 501 953 556 iu
974 500 1075 559 auimo
1095 514 1150 560 suo
1170 499 1304 562 meditari
1320 502 1537 567 bamooiarun
1557 505 1634 568 ‹lue-

281 610 344 653 rum
365 592 530 670 pluriumve
554 606 676 664 vooom,
707 604 781 666 ques
811 596 908 648 waren
938 588 1093 646 introrsum
1123 604 1182 648 non
1204 592 1323 667 resipit,
1356 601 1388 651 at
1409 592 1461 652 ilia
1482 591 1635 655 munla

281 696 340 741 uon
362 689 409 739 est
431 678 483 739 illo
506 686 575 739 estu
597 674 731 749 sensilis,
754 691 809 734 uos
832 690 902 734 vero
925 671 961 733 de
985 673 1100 735 sensilis
1123 679 1251 736 mertia
1273 676 1429 754 loquimur.

368 765 473 840 Qualis
496 782 567 825 reso
590 771 635 824 est
656 762 709 822 illa
730 760 884 838 reooptloi
912 776 1009 820 nouos
1031 764 1112 835 soni,
1137 770 1170 822 ut
1192 765 1326 842 exemplo
1349 768 1457 827 notiori
1481 774 1547 827 utar
1567 767 1634 831 leno

281 855 428 925 omnium,
457 859 590 930 perstant
610 850 681 912 ioris
704 855 785 910 extra
816 865 903 908 aures
925 850 955 906 lu
977 852 1062 920 edre,
1091 855 1122 909 ot
1142 856 1211 910 aute
1233 867 1324 917 sonos
1351 861 1448 914 motus
1470 862 1633 931 seruorum,

282 939 321 1002 ad
344 956 468 1016 quorum
491 940 687 1017 quantitatem
708 938 772 996 soni
795 934 978 1012 sequuntur?
999 951 1098 997 nonne
1118 938 1140 994 ii
1162 946 1283 1001 manent
1305 942 1334 997 ln
1356 942 1418 1000 suis
1439 942 1634 1019 torporibus?

280 1026 432 1104 quomodo
460 1043 531 1104 ergo
559 1022 785 1103 ingredientur?
829 1020 1021 1100 despondeo,
1051 1026 1159 1100 partior
1188 1024 1318 1103 agendo,
1346 1030 1452 1105 parbm
1472 1029 1633 1105 pedend03

162 1136 166 1143 ·
281 1113 413 1192 agendo,
444 1113 824 1190 inneneuuendiun,
854 1109 974 1188 palmia
993 1118 1091 1170 motus
1113 1113 1177 1191 sui,
1205 1128 1308 1184 sonos,
1342 1114 1441 1175 lueida
1461 1115 1582 1177 luminis
1604 1126 1634 1179 et

280 1201 387 1262 eoloris
407 1203 469 1276 sui,
500 1200 616 1271 radies,
647 1209 676 1260 et
697 1200 775 1258 siout
795 1194 957 1273 loquimar,
988 1214 1054 1257 enm
1079 1198 1196 1274 objeots
1218 1198 1341 1261 dicimus
1369 1212 1490 1263 novere
1512 1219 1634 1278 sensus3

280 1304 400 1350 morus
423 1306 492 1349 vero
515 1294 561 1347 est
582 1303 685 1364 nero,
715 1283 853 1362 osdendo
884 1301 954 1345 vero
984 1301 1043 1344 non
1076 1286 1160 1361 ipsse
1186 1302 1233 1346 res
1253 1303 1305 1363 per
1327 1306 1374 1359 eo,
1403 1289 1456 1349 sed
1478 1291 1632 1367 speeiebus

280 1379 356 1449 suis,
386 1391 463 1452 qnae
493 1373 562 1434 dum
585 1374 763 1446 sentiuntur,
795 1379 1008 1444 memorantur,
1038 1382 1258 1451 eomparantur,
1290 1392 1403 1453 semper
1427 1377 1538 1454 aliquid
1568 1380 1633 1456 pati

282 1462 449 1523 debentes
471 1480 526 1522 usu
550 1460 698 1538 loquendi.
744 1460 781 1518 lit
803 1461 921 1518 omnino
947 1457 1022 1519 baso
1042 1461 1109 1536 ipsa
1130 1459 1255 1523 duorum
1282 1464 1470 1523 terminorum
1491 1464 1633 1526 adunabo

283 1552 313 1608 la
336 1553 448 1625 asmo,
477 1567 529 1629 ner
551 1565 640 1625 qum
661 1547 784 1608 resultat
806 1547 933 1607 mentia
955 1545 1124 1606 barmoniae
1147 1546 1309 1627 sensibilis,
1335 1553 1431 1627 ipsum
1453 1552 1565 1613 soilloet
1584 1569 1633 1613 re-

281 1637 348 1697 terri
377 1645 408 1697 et
437 1637 599 1715 eomparari
628 1643 674 1695 est
699 1634 788 1695 rebus
812 1633 938 1709 Junodm
959 1636 1063 1692 sumtis
1092 1631 1152 1693 tnle
1173 1638 1341 1713 quippiam,
1369 1637 1459 1714 quala
1482 1640 1632 1718 quippiam

280 1732 326 1784 eet
345 1724 433 1785 rebus
455 1723 578 1800 singulis
599 1721 701 1794 videri,
725 1719 828 1793 saltn,
852 1737 947 1796 eoque
967 1722 1063 1779 minus
1079 1723 1176 1781 etiem.
1207 1721 1296 1782 -Sunt
1316 1727 1426 1803 qnippe
1445 1724 1521 1786 baso
1534 1729 1632 1786 oruata

281 1812 435 1890 undenas
457 1810 618 1888 quaedam,
641 1808 697 1873 aad
716 1809 879 1884 aequisooe
901 1807 1012 1879 diotae,
1035 1824 1142 1883 magno
1164 1808 1385 1887 sigoideatioois
1406 1814 1529 1876 ambitu.

367 1897 427 1959 Sed
450 1901 662 1958 constituamus
683 1895 793 1972 grados
814 1896 992 1973 passionum.
1036 1893 1166 1956 Primum
1196 1899 1305 1974 patitur
1328 1900 1410 1960 verbi
1433 1916 1522 1960 ussa
1542 1916 1632 1981 aqua,

281 2002 347 2047 oum
376 1985 493 2062 egelida
522 1988 650 2045 existens
680 1984 798 2059 ignibus
825 1980 951 2042 admotis
983 1983 1115 2059 mpesoit.
1161 1982 1244 2042 Alter
1263 1985 1447 2060 significatus
1474 1987 1537 2063 peti
1559 1986 1631 2048 dieit

281 2073 440 2147 humorem,
464 2089 531 2132 oum
552 2071 664 2148 aliquid
694 2072 758 2148 agit
779 2071 855 2147 ipse,
880 2067 942 2128 soil.
965 2067 1161 2130 humectando
1188 2069 1284 2157 nida,
1313 2087 1382 2131 nam
1405 2090 1472 2151 pars
1494 2073 1558 2150 elus
1580 2091 1630 2135 ra·

279 2163 359 2236 pitar
379 2162 409 2218 in
432 2169 546 2220 medus
569 2160 708 2219 exsieoati
732 2158 818 2232 eique
840 2157 993 2227 mieoettu,
1024 2155 1103 2232 quod
1132 2166 1177 2217 est
1198 2159 1275 2235 pnti3
1304 2160 1349 2219 sle
1370 2166 1400 2218 et
1420 2160 1532 2237 patitur
1552 2177 1632 2236 aqua

281 2264 347 2307 oum
369 2253 519 2324 gustatur,
549 2254 662 2324 partem
685 2245 762 2304 euim
785 2242 910 2319 deglutit
932 2242 1100 2304 οίίίιιιίοιιιι
1123 2238 1296 2321 digeritqu‘e.
1341 2246 1416 2306 Sed,
1430 2248 1516 2307 tertio
1535 2249 1630 2319 ollem

280 2334 444 2411 significatu
468 2336 577 2410 patitur
599 2348 678 2409 aque
699 2335 729 2389 in
751 2338 879 2407 gustatu,
901 2346 967 2390 eoru
989 2348 1008 2389 a
1029 2329 1131 2406 lingua
1151 2332 1256 2392 saltem
1279 2335 1467 2407 ιοιιίίιιιιὶιιιι,ι
1487 2350 1545 2393 non
1562 2343 1630 2396 tau·

280 2428 343 2481 tem
365 2425 435 2498 qnia
456 2422 576 2499 linguae
598 2420 696 2479 calore
719 2417 824 2488 oaloilt
845 2434 913 2477 eom
935 2420 1000 2495 lpse
1020 2434 1076 2477 suo
1098 2416 1203 2495 frigore
1224 2418 1356 2494 linguans
1377 2421 1552 2496 ίιίςοίιιοίιί,
1576 2439 1630 2484 neo

279 2516 394 2569 tantum
416 2506 493 2581 ideo,
517 2510 588 2584 qaia
602 2506 703 2567 boerot
723 2502 836 2582 aliquid
857 2521 953 2581 aquae
976 2506 1004 2563 in
1026 2504 1135 2581 lingua,
1158 2498 1211 2566 aad
1225 2505 1395 2584 simplieiter
1417 2510 1488 2584 quia
1503 2512 1631 2586 ungitur

279 2596 438 2673 elingua,
466 2594 548 2672 qnod
569 2600 614 2654 est
640 2595 725 2670 quasi
748 2593 897 2653 lenissime
926 2592 1003 2652 feriri
1031 2602 1084 2651 aut
1112 2593 1222 2669 pulsari
1250 2602 1302 2653 aut
1324 2593 1449 2672 impelli,
1479 2594 1556 2657 unde
1582 2604 1631 2657 est

280 2689 379 2743 motus
399 2681 504 2744 looalis
525 2683 652 2758 pomum
680 2682 708 2738 in
732 2687 812 2754 toto;
835 2683 946 2739 moveri
968 2694 1038 2738 vero
1061 2686 1106 2738 est
1126 2682 1199 2756 pati.
1244 2678 1372 2754 Quartus
1394 2688 1457 2741 esto
1479 2683 1630 2758 signifiea-

279 2778 346 2842 tus,
363 2787 439 2847 'quo
460 2772 522 2848 peti
547 2767 653 2829 dieitur
674 2784 765 2844 aqua,
795 2782 861 2826 euni
887 2764 994 2825 emisso
1018 2781 1130 2843 repone
1151 2767 1218 2827 ierit
1243 2783 1330 2828 neres
1358 2768 1630 2846 odoratuquo‘per.
1656 2788 1660 2795 f
1748 2833 1752 2839 1

281 2859 397 2935 eluitur,
419 2857 529 2935 percipi
551 2856 650 2916 autern
673 2861 718 2914 est
738 2856 816 2931 pati,
847 2861 876 2913 et
897 2852 946 2912 blo
968 2853 1087 2929 quidem
1108 2855 1218 2928 uantur
1242 2869 1300 2911 non
1323 2854 1401 2931 lpsa',
1431 2853 1484 2914 sed
1506 2856 1629 2916 efflatas

279 2944 344 3022 ejus
368 2961 540 3022 corporeos,
569 2959 628 3018 qua
648 2942 787 3019 passione
810 2927 898 3001 atiar'u
919 2939 1082 3000 absumitur
1111 2939 1175 3014 elus
1197 2939 1317 3016 aliquid.
1363 2941 1489 3018 Quintus
1505 2943 1629 3021 gradus,

279 3048 340 3108 qno
363 3034 426 3110 pati
448 3030 624 3107 intelligitur
644 3046 730 3107 ιιιιιι,
754 3044 819 3088 enm
842 3029 981 3104 assuitus
1000 3026 1067 3104 ejus
1086 3024 1219 3086 auditur:
1243 3027 1365 3104 primum
1379 3031 1459 3089 enim
1473 3031 1631 3108 ipse-equa

263 3121 310 3177 'io
334 3127 417 3181 rnotu
439 3125 500 3192 est,
532 3115 636 3178 deinde
662 3117 776 3194 speeies
798 3116 992 3174 immateriale
1018 3129 1130 3189 equae,
1162 3123 1196 3174 ut
1221 3122 1371 3190 moratur,
1401 3116 1571 3176 diffunditur
1591 3118 1629 3178 ab

279 3209 347 3285 ipsa
376 3209 406 3265 in
437 3221 551 3265 omnem
580 3203 721 3264 nubitum
746 3204 943 3280 recipiturque
972 3204 1002 3259 in
1025 3206 1138 3260 meatus
1166 3202 1298 3277 aur-ium3
1326 3201 1415 3264 baeo-
1428 3207 1558 3283 reoeptio
1584 3213 1631 3266 eat

278 3296 382 3372 ‚pessis
405 3309 463 3353 noo
485 3294 579 3370 ipsios
601 3307 715 3370 meae,
745 3289 797 3349 sed
819 3290 926 3366 speciei
948 3288 1025 3364 ejus,
1048 3304 1101 3349 sea
1124 3287 1257 3351 dedoxos
1280 3289 1345 3365 ejus
1367 3293 1570 3366 imminuisti,
1598 3302 1631 3353 et
1687 3346 1692 3353 ,

280 3383 310 3440 in
340 3380 397 3440 bae
425 3382 593 3458 receptione
622 3377 790 3454 deperditur
818 3375 929 3452 aliquid
956 3383 1086 3451 mpure
1123 3381 1153 3434 et
1178 3376 1395 3455 multiplicitate
1420 3380 1629 3456 roosotlonunr.

279 3467 357 3527 Nem
378 3468 510 3528 obtusior
531 3473 579 3526 est
600 3480 704 3539 soons,
734 3466 785 3540 qui
806 3480 929 3540 megerae
950 3461 1145 3521 multitudinis
1172 3463 1293 3523 auribus
1322 3468 1375 3524 aut
1396 3466 1529 3529 veedbna
1550 3469 1629 3526 eooi-

280 3554 333 3626 dtt,
356 3561 408 3614 aut
429 3555 481 3631 qul
504 3554 579 3614 inter
600 3553 685 3611 eires
708 3549 875 3613 decidentes
898 3551 1047 3610 emittitur.
1092 3547 1196 3624 Sexto,
1219 3551 1306 3610 etiam
1330 3551 1523 3614 considunt
1544 3570 1631 3630 aqua,

279 3642 389 3702 datitur
410 3639 538 3716 aliquid:
562 3640 669 3699 emittit
689 3656 719 3699 n.
742 3656 760 3698 a
782 3636 934 3716 snparfioie
957 3635 1003 3696 sel
1027 3637 1122 3711 qussi,
1144 3638 1280 3697 nirnirum
1302 3638 1485 3700 senioribus
1504 3642 1577 3714 sols,
1600 3642 1631 3699 iu

281 3737 423 3807 pontum
446 3728 590 3800 colorata,
613 3725 712 3786 radios
734 3724 772 3787 ad
794 3723 925 3798 ooulnm,
949 3724 999 3799 qni
1020 3721 1094 3782 radii
1116 3730 1289 3801 tanguntur,
1314 3729 1558 3804 reperoutiuutur,
1581 3744 1630 3789 ιο-

280 3817 468 3894 qringontur,
490 3822 636 3890 eoguntur
656 3812 694 3873 ad
716 3820 865 3889 punetnm,
887 3812 1070 3889 excipiuntur
1091 3827 1110 3869 a
1129 3811 1269 3871 retliormi
1292 3815 1391 3874 tsoiea
1414 3816 1522 3886 eonati,
1552 3832 1631 3890 qaas

277 3904 390 3964 romula
403 3908 473 3962 suut
485 3902 638 3979 passiones
659 3916 717 3959 non
733 3901 824 3978 ipsisne
847 3916 951 3975 aquae,
972 3896 1026 3957 sod
1046 3898 1155 3974 spetiei
1175 3900 1387 3961 immantatus
1407 3918 1459 3961 seu
1474 3900 1629 3962 radiorum.

283 3991 322 4051 lit
343 3990 374 4049 bi
396 3989 469 4048 radii
489 3990 552 4066 jam
574 3989 603 4046 io
625 3987 681 4048 bae
704 3989 869 4064 rosontione
890 3985 962 4044 nibil
985 3982 1124 4064 pudent,
1152 4003 1247 4063 noque
1269 3985 1342 4047 loois
1363 4004 1461 4063 smne
1482 3996 1630 4067 tempore3

281 4085 394 4137 minoto
416 4078 493 4136 enirn
518 4073 599 4152 quod
623 4074 732 4150 longit,
763 4081 887 4151 pergam
916 4071 1039 4133 ulterius
1068 4073 1186 4150 penitus
1217 4072 1338 4148 illibati,
1368 4073 1462 4152 quod
1478 4092 1538 4136 non
1561 4076 1631 4136 iaeit

280 4182 379 4225 sonus.
425 4162 567 4241 Septimo,
592 4169 745 4240 outonem
768 4160 824 4221 bae
846 4163 958 4239 speeies
986 4161 1140 4236 ipsumque
1162 4158 1237 4220 adeo
1266 4178 1371 4239 eorpus
1392 4178 1488 4238 equae
1502 4164 1539 4223 lin
1564 4179 1630 4223 oon-

280 4266 371 4331 uotea
393 4266 532 4311 sensum
553 4252 745 4309 instrumente
765 4249 846 4326 prius
868 4245 980 4323 aliquid
1003 4254 1140 4323 egerant,
1163 4246 1214 4305 illa
1234 4264 1275 4307 so
1298 4249 1354 4308 sibi
1377 4249 1630 4310 conformiter-ai·

279 4340 419 4401 feserunt·
438 4338 553 4414 sibique
577 4335 792 4408 assimilarent,
822 4341 856 4393 ut
884 4342 914 4395 et
935 4333 1054 4410 linguae
1084 4339 1114 4393 et
1136 4335 1211 4393 ouda
1240 4336 1458 4396 membranulae
1487 4337 1578 4414 frigus
1600 4344 1631 4398 et
1755 4388 1758 4393 .

280 4440 424 4505 nomem,
446 4427 560 4485 unium
580 4424 700 4501 spiritus
723 4421 842 4483 odorem
864 4422 1053 4500 puwpsnut,
1075 4421 1195 4497 spiritns
1211 4421 1346 4483 auditorii
1362 4423 1427 4499 ejus
1448 4426 1547 4484 sonitu
1562 4434 1630 4501 pet·

282 4519 427 4590 mepeot,
445 4514 557 4572 riserit
588 4512 652 4587 elus
679 4509 744 4570 lues
767 4508 946 4583 eollnoaaet,
976 4509 1077 4584 itaque
1097 4515 1187 4589 ’ίγριιι
1216 4516 1246 4568 et
1273 4511 1386 4587 speeies
1406 4511 1471 4587 ejus
1499 4513 1631 4572 senaria

282 4600 369 4660 inerit
389 4600 521 4670 iornreta,
544 4614 634 4674 ouem
656 4597 733 4671 oouli
756 4603 834 4658 esne
858 4592 1091 4673 oiioomgaataut,
1115 4597 1203 4655 οίίιιιι
1225 4596 1326 4657 ablata
1340 4597 1402 4672 illa,
1424 4615 1515 4677 seepe
1536 4599 1629 4658 invito

282 4686 417 4747 homine:
437 4685 501 4762 iare
523 4684 580 4745 nae
600 4686 715 4763 speeies
736 4684 858 4746 sensiles
881 4684 919 4744 ab
942 4698 1081 4743 sonuum
1103 4682 1257 4742 vestibulis
1279 4701 1331 4744 sau
1353 4684 1471 4745 oriiidis
1485 4686 1631 4762 resipian-

286 4780 339 4865 tur
358 4776 515 4834 bibonum
541 4788 593 4850 por
615 4773 675 4831 vim
702 4773 980 4852 rennuentstivam
1011 4786 1064 4831 seu
1085 4768 1315 4849 plautastloam,
1345 4779 1561 4859 eognosoaatur
1579 4788 1633 4858 por
