3704 5962
430 306 569 381 Jqdicium
585 308 697 381 Kepleri
714 309 749 367 de
766 323 953 367 mensurarum
971 310 1141 381 aequatione.

651 577 703 639 no
725 577 845 659 caput
866 577 920 639 ov.

199 728 325 786 Stetimus
345 727 541 801 generaliorem
558 728 625 785 iacit
640 730 712 786 hanc
730 731 933 801 quaestionem,
953 728 1004 785 ‘cui
1028 728 1153 799 equidem
1177 728 1284 784 invideo
1308 729 1341 786 de
1360 727 1460 783 tradito

110 809 244 883 principio
262 822 459 880 mensurarum,
477 816 509 865 ut
526 808 592 864 mihi
610 808 718 864 videtur
735 810 917 880 pulcherrimo
936 812 964 864 et
986 807 1157 863 securissimo
1177 812 1204 862 et
1222 806 1340 862 omnium
1357 813 1460 877 tempo·

109 906 181 946 rum.
216 889 286 947 liam
303 890 375 946 idem
392 905 442 959 ego
457 889 516 959 jam
533 894 591 944 tum
607 887 759 944 meditabar
774 889 896 959 tradere,
924 905 986 944 cum
1011 887 1127 958 primum
1148 887 1234 943 verba
1257 886 1316 941 lieri
1338 887 1461 943 audirem

113 970 149 1027 de
166 969 442 1104 Ἢιῖιξιθῖξιιιιοίι
457 1046 544 1102 variat
559 1061 609 1117 per
627 1045 718 1116 aliqua
730 1044 799 1115 loca,
818 1046 931 1102 variabit
949 1045 1047 1115 atejus
1060 1045 1202 1115 drachma,
1223 1060 1253 1101 se
1272 1044 1361 1114 ipsum
1378 1044 1461 1114 igitur

18 1164 19 1171 ι
110 1125 266 1198 redarguit,
293 1125 391 1183 deinde
421 1140 548 1181 mensura
565 1140 649 1196 parva
667 1129 718 1194 eat,
737 1125 815 1194 cujus
833 1123 1056 1195 multiplicatione
1073 1125 1160 1180 multa
1172 1123 1229 1179 fleri
1241 1123 1351 1178 taudem
1365 1126 1461 1196 possit,

111 1213 143 1262 nt
159 1205 274 1260 notabili
292 1204 382 1277 ulique
401 1204 569 1260 differremus
588 1219 605 1258 a
622 1201 790 1273 ponderibus
808 1209 943 1273 veterum,
968 1204 1060 1272 itaque
1078 1204 1203 1273 gloriatio
1221 1210 1315 1257 nostra
1330 1202 1461 1259 interiret

110 1284 208 1351 Itaque
235 1285 326 1354 placet
342 1284 408 1340 mihi
425 1300 485 1340 cum
504 1282 601 1339 ceteris
621 1297 703 1351 super
720 1281 775 1336 hoc
792 1280 924 1338 consultis
943 1282 1080 1353 dubitare,
1107 1299 1124 1337 a
1145 1281 1260 1352 simplici
1286 1281 1461 1350 longitudinis

18 1426 20 1435 Α
112 1381 148 1421 an
166 1380 183 1420 a
200 1365 296 1420 cubica
313 1378 456 1419 manaurae
474 1361 637 1432 capiendum
655 1361 691 1417 ait
708 1361 833 1416 initium?
868 1360 964 1416 Placet
982 1360 1062 1415 etiam
1080 1361 1246 1431 respondere
1264 1376 1324 1415 cum
1343 1361 1461 1431 Sterino,

111 1443 185 1512 quod
203 1443 239 1498 sit
256 1442 290 1496 ab
307 1441 356 1496 illa
373 1440 564 1510 incipiendum,
583 1456 638 1496 non
658 1441 693 1495 ab
709 1439 770 1493 hac.
805 1440 895 1510 Atque
919 1439 972 1494 hoo
999 1440 1111 1508 quidem
1139 1439 1173 1494 ob
1198 1439 1388 1509 simpliciorem
1414 1455 1461 1494 ua-

110 1530 199 1578 turam
217 1522 301 1591 longi,
320 1537 401 1590 quam
418 1520 510 1588 solidi;
538 1521 620 1575 rectis
639 1519 739 1589 quippe
757 1525 834 1575 ortus
852 1518 995 1588 tribuitur,
1023 1518 1112 1574 curvis
1135 1520 1318 1588 perpetuitas:
1344 1519 1461 1588 primunr

20 1602 29 1640 ²
112 1616 176 1656 vero
193 1600 375 1655 rudimentum
393 1614 524 1668 geuemos
541 1598 568 1651 in
587 1596 664 1652 fluxu
682 1598 791 1668 puncti,
817 1599 890 1654 uude
908 1599 991 1668 linea,
1017 1596 1087 1654 ulter
1105 1596 1206 1667 gradum
1223 1598 1252 1651 in
1269 1595 1346 1652 fluxu
1363 1597 1460 1666 lineae,

113 1679 184 1734 unde
202 1678 336 1748 quadrata
348 1676 521 1747 superficies3
539 1678 636 1733 tertius
650 1678 766 1747 denique
779 1678 808 1733 in
819 1671 896 1735 flux‘n
909 1676 1063 1749 superficiei
1075 1676 1232 1746 quadratae,
1252 1677 1324 1732 unde
1336 1675 1460 1746 solidum,

18 1832 22 1839 ι
112 1774 139 1813 n.
158 1759 254 1813 cubus.

197 1837 327 1905 Agnoscit
344 1839 398 1893 hoc
418 1844 445 1891 et
463 1837 618 1893 Schonerus
637 1834 797 1904 quaestione
815 1835 924 1905 quinta:
943 1834 992 1890 sed
1009 1833 1122 1890 incessit
1139 1833 1164 1889 ei
1181 1834 1320 1906 negotium
1335 1832 1460 1889 accidens

22 1926 29 1961 ε
111 1912 209 1968 hocin
227 1930 359 1984 processu
376 1913 555 1984 inculcatum,
581 1914 655 1983 quod
676 1914 736 1970 sola
754 1915 876 1984 pondere
892 1915 1043 1970 manserint
1059 1915 1220 1971 constantia.
1257 1915 1316 1983 Ego
1343 1928 1407 1968 vero
1433 1918 1461 1967 et

111 1991 163 2047 hoc
180 1992 208 2048 in
221 1992 331 2048 dubium
349 1994 439 2050 vocari
455 1995 532 2048 video
545 2008 562 2047 a
575 1993 701 2050 Mariana
712 1993 843 2063 Hispano,
863 1994 910 2063 qui
922 1993 956 2048 de
968 1993 1133 2063 ponderibus
1147 1994 1332 2059 recentissime
1342 1992 1460 2062 scripsit,

111 2079 138 2127 et
151 2070 263 2139 jamjam
277 2072 330 2128 hoc
348 2080 459 2127 acturus
477 2087 546 2141 sum,
564 2077 595 2124 ut
612 2079 774 2142 perpetuam
791 2072 971 2139 constantiam
989 2074 1017 2128 in
1035 2089 1178 2130 mensuras
1190 2072 1366 2141 longitudinis
1378 2072 1462 2127 intro·

25 2168 30 2201 :
112 2151 215 2205 ducam.
249 2149 422 2205 Potissimum
450 2151 520 2205 enim
547 2159 735 2219 argumentum
761 2167 811 2220 pro
839 2151 939 2221 longo
966 2151 1091 2220 eligendo
1119 2157 1161 2206 est
1187 2152 1332 2207 aStevino
1360 2150 1461 2206 dictum

110 2230 230 2299 mihique
247 2238 438 2302 praereptum,
455 2229 609 2285 milliarium
628 2229 663 2286 ad
680 2230 827 2285 maximum
853 2230 984 2285 circulum
1006 2230 1080 2299 globi
1104 2230 1222 2287 Telluris
1240 2230 1457 2299 accommodatio,

113 2317 139 2364 et
157 2308 257 2378 pedum
275 2310 303 2363 in
321 2309 430 2363 milliari
447 2317 537 2364 certus
556 2324 699 2379 numerus,
726 2308 857 2379 pedisque
875 2325 930 2364 non
948 2308 1029 2379 plane
1047 2309 1296 2365 inconstantissimo
1313 2310 1459 2380 quantitas.

18 2408 29 2451 :⁴
113 2391 210 2458 ltaque
227 2388 281 2443 hoc
297 2402 441 2443 mensurae
459 2403 545 2455 genus
563 2387 650 2457 possit
668 2404 729 2445 esse
746 2397 916 2458 perpetuum.
1121 2445 1126 2451 ,

23 2492 29 2501 ·
198 2466 252 2522 Sed
271 2466 413 2536 explicabo
433 2467 628 2537 cogitationum
646 2484 766 2524 mearum
784 2469 882 2523 seriem
899 2468 1039 2537 integram
1075 2467 1145 2524 Num
1168 2467 1293 2523 Stevinus
1319 2482 1460 2525 mansuros

24 2572 29 2597 ι
111 2545 255 2601 Terrarum
273 2545 366 2600 orbem
385 2544 420 2601 ad
438 2546 632 2601 astronomiam
650 2546 767 2618 ablegat,
796 2546 869 2617 quod
886 2561 999 2602 necesse
1017 2563 1071 2601 non
1089 2554 1140 2603 est.
1176 2547 1236 2615 Ego
1263 2562 1372 2603 mensus
1398 2556 1458 2602 sum

111 2631 174 2680 aute
192 2639 278 2680 annos
297 2629 422 2693 quatuor,
442 2625 518 2680 coelo
537 2642 592 2680 non
609 2626 741 2698 inspecto,
761 2634 789 2683 et
806 2628 984 2681 instrumento
1007 2625 1157 2681 certissimo
1183 2623 1304 2694 quidem,
1329 2625 1376 2681 sed
1395 2643 1459 2682 cou-

18 2726 20 2735 ι
111 2703 186 2758 temti
211 2703 299 2772 pretii.
335 2703 368 2758 In
386 2705 496 2774 regione
514 2706 583 2761 bene
600 2706 684 2776 plana
701 2722 752 2762 nec
774 2706 866 2761 multis
890 2705 1028 2759 fluminum
1053 2704 1221 2760 anfractibus
1243 2704 1373 2774 impedita
1391 2706 1460 2763 dnos

74 2808 83 2823 ι
110 2780 180 2851 eligo
198 2788 296 2850 turres,
316 2783 430 2838 ii'circ.
450 2784 538 2839 Germ.
557 2785 717 2841 milliaribus
737 2785 877 2840 distantes.
906 2784 967 2838 Hoc
984 2782 1128 2838 intervallo
1151 2797 1217 2838 sane
1235 2790 1378 2852 utramque
1397 2785 1458 2842 ulti-

110 2861 231 2917 tudinem
252 2861 302 2917 120
318 2877 417 2932 passus
437 2878 567 2932 superare
585 2879 698 2920 necesse
717 2869 771 2918 est:
785 2878 835 2937 ,ex
853 2878 907 2931 qno
927 2861 950 2917 si
969 2860 1136 2930 impossibile
1153 2862 1266 2925 videtur,
1283 2866 1459 2933 proportione

112 2948 241 3013 spectata,
260 2940 288 2995 id
305 2940 380 3009 quod
397 2941 457 2998 lieri
475 2949 575 3013 potest,
593 2943 758 2998 aestimetur.
793 2942 916 3011 Utraque
934 2955 969 2995 ex
986 2939 1128 2995 altitudine
1154 2948 1329 3010 conspectum
1347 2942 1459 3000 ulterius

112 3022 260 3089 (nocturnis
278 3022 386 3091 ignibus
406 3022 538 3092 adJutum,
558 3024 581 3078 si
599 3036 711 3078 necesse
729 3024 784 3088 est)
811 3020 845 3075 ad
864 3020 984 3077 libellam
1000 3020 1230 3086 accuratissimam
1247 3020 1380 3077 examino.
1415 3023 1459 3078 In·

25 3146 30 3175 ,
109 3101 226 3156 notescit
243 3102 314 3155 enim
332 3118 366 3156 ex
385 3103 587 3172 comparatione
615 3118 670 3156 non
695 3104 802 3155 tantum
826 3099 943 3170 angulus
961 3096 995 3152 ad
1014 3103 1136 3152 centrum
1155 3098 1293 3167 Telluris,
1312 3114 1360 3155 seu
1379 3116 1458 3158 arcus

111 3183 277 3249 interceptae
302 3181 468 3251 superficiei,
499 3183 547 3238 sed
566 3178 805 3237 etium·diacessus
823 3179 964 3247 utriusque
983 3175 1053 3246 sigui
1072 3191 1088 3229 a
1106 3183 1199 3230 centro
1217 3175 1334 3233 Telluris
1351 3179 1379 3234 in
1396 3196 1458 3249 pro·
1557 3179 1560 3185 ’

110 3259 235 3329 portione
252 3274 292 3327 ea,
311 3275 366 3328 qua
385 3260 503 3330 spatium
521 3258 722 3327 complanatum
739 3256 811 3311 inter
834 3264 978 3325 utramque
996 3254 1165 3311 altitudinem
1183 3255 1272 3311 metiri
1289 3272 1400 3326 possum
1419 3258 1462 3315 vel

111 3336 194 3404 virga,
211 3335 255 3392 vel
273 3334 403 3405 tunicato,
429 3336 472 3391 vel
490 3351 653 3406 quacunque
671 3335 784 3392 ratione.
822 3335 918 3405 Itaque
943 3334 1144 3406 comparatione
1169 3333 1243 3390 iacta
1268 3349 1347 3391 arcus
1365 3337 1461 3394 circuli

18 3476 19 3483 ἵ
111 3413 220 3467 maximi
237 3413 272 3469 ad
289 3414 424 3470 intervalli
443 3415 638 3484 longitudinem
657 3417 732 3484 virga
749 3415 932 3486 descriptam:
952 3412 1084 3484 quidquid
1101 3415 1128 3467 1¹
1145 3429 1195 3468 seu
1215 3414 1271 3481 ¹s„,⁰
1282 3415 1419 3484 competit,
1431 3414 1461 3470 id

110 3493 140 3549 in
154 3495 221 3551 1000
233 3492 369 3548 dividatur
380 3501 482 3564 partes,
501 3508 616 3563 quarum
634 3492 772 3562 quaelibet
789 3509 888 3563 passus
905 3494 1084 3563 geometricus
1102 3497 1240 3547 correctns
1258 3499 1326 3548 esto.
1363 3493 1460 3549 Hicin

110 3572 248 3629 bdivisus
275 3574 422 3629 constituet
448 3572 546 3643 pedem
574 3581 733 3627 correctum.
768 3571 821 3627 Hic
846 3572 874 3627 in
902 3573 935 3628 12
960 3570 1045 3626 abibit
1068 3578 1202 3625 correctos
1227 3568 1334 3639 digitos.
1374 3570 1459 3626 Porro

111 3651 256 3721 digitorum
268 3652 304 3708 32
317 3667 366 3707 seu
379 3652 463 3722 pedes
480 3652 534 3721 2¹t2
552 3652 655 3708 dabunt
672 3657 823 3706 comeciam
843 3649 943 3706 ulnam.
978 3650 1058 3706 Unde
1076 3649 1271 3706 derivabuntur
1288 3658 1316 3705 et
1328 3650 1461 3719 quadrata

108 3729 211 3786 usitate
229 3737 257 3785 et
273 3730 364 3799 virgae
383 3744 509 3806 agrorum
527 3746 667 3786 mensores
685 3731 713 3785 in
730 3731 850 3785 numeris
867 3729 1002 3800 pulchris,
1029 3729 1063 3784 de
1081 3728 1179 3799 quibus
1196 3728 1316 3783 noudum
1335 3730 1459 3787 omuibus

110 3808 275 3879 deliberavi3
296 3817 424 3865 caveatur
442 3816 533 3865 eutem
551 3807 641 3866 omnis
660 3809 743 3866 nimia
760 3809 913 3866 insolentia.

197 3888 268 3944 Hinc
283 3888 341 3957 jam
359 3902 521 3959 progressus
540 3891 575 3946 ad
594 3890 693 3947 cubum
710 3889 788 3959 pedis
807 3891 865 3959 jam
888 3888 1044 3960 constituti,
1072 3888 1118 3956 qui
1141 3886 1163 3943 si
1188 3892 1318 3957 capturos
1336 3884 1379 3943 ebt
1396 3902 1459 3945 can·

108 3969 206 4025 thares
223 3967 240 4023 ὃ
257 3965 323 4036 iere,
350 3982 512 4036 quecunque
529 3969 557 4023 in
575 3968 685 4038 regione
704 3975 798 4022 tautae
816 3967 974 4036 quantitatis
992 3968 1140 4023 cantharus
1158 3969 1185 4023 in
1203 3983 1255 4023 usn
1282 3969 1333 4036 sit,
1358 3968 1382 4024 is
1400 3984 1459 4025 eor·

18 4116 20 4123 ¹
108 4052 201 4103 rectus
213 4049 273 4100 esto
286 4045 440 4115 cantharus,
461 4046 507 4114 qni
519 4053 619 4116 aequat
631 4045 753 4117 praeciae
766 4053 888 4101 octavam
901 4046 972 4102 cubi.
1007 4047 1131 4116 Denique
1148 4046 1264 4118 spatium
1278 4047 1347 4103 cubo
1360 4061 1459 4117 aeque·

109 4139 198 4193 capax
223 4124 369 4193 impleatur
394 4139 460 4179 auro
478 4141 546 4194 puro
566 4132 614 4180 aut
631 4124 743 4193 plumbo
762 4131 938 4193 auturgeuto
961 4124 1021 4180 vivo
1043 4131 1092 4180 eut
1114 4126 1235 4181 fontana.
1271 4125 1460 4182 Constituatnr

18 4192 20 4253 Ῐ
109 4211 203 4261 autem
222 4203 335 4259 seorsim
351 4202 429 4273 liora,
448 4204 527 4274 cujus
543 4204 672 4259 drachma
684 4202 720 4258 sit
737 4202 864 4272 ponderis
877 4204 989 4274 antiqui,
1007 4204 1194 4275 receptissimi,
1214 4206 1279 4274 quie
1290 4205 1319 4260 in
1330 4204 1459 4260 methodo

111 4296 318 4352 senprogresau
327 4283 496 4352 aequatiouis
506 4283 636 4339 drachma
649 4280 796 4336 honorifice
807 4281 939 4337 habetur:
958 4288 986 4336 et
1002 4282 1144 4351 explorata
1155 4285 1338 4353 proportione,
1357 4283 1381 4339 si
1392 4294 1459 4353 poa·

110 4359 164 4415 dut
176 4359 333 4431 htqiusmodi
351 4362 481 4417 librarum
499 4378 569 4433 pene
588 4362 621 4419 90
639 4361 668 4415 in
686 4360 755 4416 cubo
773 4358 885 4415 fontana
902 4361 993 4415 inesse
1010 4360 1152 4431 videbitur,
1171 4359 1240 4415 libra
1257 4361 1372 4430 ipsaque
1390 4361 1477 4416 adeot

109 4437 242 4494 drachma
257 4440 365 4496 tantulo
383 4447 517 4513 mutatur,
536 4449 566 4496 ut
583 4439 722 4510 proportio
740 4438 776 4493 sit
792 4438 914 4507 praecise
931 4434 1119 4507 nonagecuple'
1136 4438 1277 4509 scampis,
1299 4439 1459 4509 praesertim

110 4518 138 4575 si
155 4521 269 4576 mutatio
287 4519 381 4577 futura
398 4528 441 4577 eut
456 4521 486 4576 in
503 4536 559 4576 una
576 4519 705 4577 mechma
721 4516 894 4573 insensibilis.
930 4515 1058 4573 Similiter
1075 4515 1146 4571 eiad
1164 4515 1243 4572 aliem
1261 4517 1379 4586 aliquem
1397 4529 1459 4586 pro·

109 4598 265 4669 portionem
277 4597 417 4668 pulchram
430 4597 554 4657 alluserit
571 4598 678 4667 pondus
696 4597 759 4654 cubi
776 4596 912 4666 fontanae,
931 4597 1007 4653 utad
1018 4595 1209 4652 centenarium.
1246 4595 1348 4665 Quodsi
1361 4595 1458 4651 melius

110 4678 203 4734 omnia
218 4678 404 4748 processerint
421 4677 564 4734 distributo
584 4681 608 4735 1¹
626 4678 714 4747 spatio
739 4677 768 4734 in
793 4677 861 4733 1250
882 4690 999 4746 passus,
1026 4690 1114 4745 neque
1141 4673 1195 4729 hoc
1220 4675 1458 4744 praetermittatur.
1559 4753 1564 4763 ὓ

109 4755 176 4819 Non
192 4756 295 4829 dubito,
313 4755 378 4826 quin
395 4772 453 4813 rem
469 4757 541 4814 aedo
557 4756 737 4819 tractantibus
754 4754 847 4813 omnia
863 4754 900 4810 ad
916 4760 1012 4811 votnm
1027 4756 1084 4814 sint
1100 4768 1205 4812 casura.
