3704 5962
452 368 513 431 622
823 367 856 422 In
873 366 1091 454 weomentam
1108 367 1250 425 Doliornm
1266 366 1420 440 appendix.
1443 436 1453 461 Ι

538 538 571 593 In
588 538 742 595 inventione
760 540 899 598 Romanae
915 560 1058 600 mensurae
1077 542 1148 598 idem
1166 542 1261 614 procul
1280 542 1361 599 dubio
1387 557 1533 613 processus
1556 540 1612 596 fuit
1636 540 1758 596 obseratus

453 615 562 683 Alioqui
581 617 604 671 si
617 616 785 674 ,liberrimum
802 619 854 674 fuit
871 621 1018 678 inventoris
1037 622 1186 692 arbitrium,
1206 637 1289 676 causa
1305 621 1381 677 nulla
1398 622 1462 690 fuit,
1487 638 1536 678 cur
1553 621 1638 676 librae
1654 621 1726 690 potius
1739 620 1757 675 tt

452 694 554 748 solidos
572 695 683 763 pollices
701 696 830 752 iontarue
847 699 990 764 tribueret,
1009 716 1090 769 quam
1111 702 1141 756 16
1159 702 1203 754 vel
1221 701 1263 755 12.
1299 699 1425 754 Notabile
1443 699 1552 754 interim
1570 708 1600 755 at
1611 700 1667 769 hoc,
1682 700 1758 755 under

451 773 538 827 inisse
556 775 758 845 proportionem
777 778 904 846 ponderis
923 778 1069 849 amphorae
1096 779 1130 834 ad
1156 779 1272 850 libram,
1300 793 1369 847 quae
1394 778 1480 836 librae
1497 778 1533 834 ad
1552 779 1703 835 drachmam
1727 779 1759 833 set

451 859 517 921 puto
534 853 605 907 hanc
622 854 814 922 aequalitatem
833 857 905 912 ultro
923 865 1022 927 ortam,
1040 874 1095 912 non
1114 858 1273 927 quaesitam.
1309 859 1377 913 Cum
1396 860 1473 914 enim
1491 859 1704 931 deprehendisset
1716 860 1760 915 iliu

455 934 625 1000 aequationis
644 940 747 1007 auctor,
766 934 843 1005 pedis
862 937 1031 992 usitatissimi
1048 937 1147 993 cubum
1166 953 1282 1007 aqueum
1300 937 1420 1006 pendere
1434 939 1492 996 iere
1510 940 1598 996 libras
1617 940 1761 995 usitatismas

450 1010 492 1079 96,
512 1018 540 1065 et
557 1014 745 1083 perpenderet,
764 1015 879 1070 eundem
897 1030 958 1071 esse
978 1030 1119 1069 numerum
1137 1016 1325 1071 drachmarum
1349 1015 1377 1070 in
1401 1016 1470 1072 libra
1493 1018 1657 1088 antiquitus:
1681 1026 1761 1073 conten

450 1090 590 1159 paratione
608 1092 684 1162 pedis
703 1101 731 1148 et
749 1093 834 1148 librae
846 1109 902 1148 rem
915 1109 932 1147 a
943 1094 1147 1168 propinquitate
1164 1096 1300 1166 adipsum
1313 1100 1444 1165 punctum
1462 1095 1586 1164 adduxit,
1605 1097 1761 1151 constectus

437 1167 523 1228 chuno
541 1186 683 1226 numerum
701 1172 735 1228 96
753 1172 890 1241 librarum,
910 1173 968 1227 sia
991 1180 1162 1244 receptarum
1190 1174 1318 1229 librarum
1346 1191 1459 1241 numero
1484 1175 1639 1231 immaniter
1664 1174 1761 1230 abluhset

450 1247 511 1303 Hoc
528 1249 610 1317 igitur
628 1250 651 1306 si
669 1260 697 1307 et
714 1268 764 1306 nos
782 1251 937 1319 imitemur,
967 1252 1083 1309 satisfiet
1110 1254 1232 1323 proxime
1259 1254 1347 1310 tribus
1374 1255 1427 1309 illis
1452 1254 1606 1310 rationibus
1632 1256 1658 1309 in
1674 1253 1762 1309 maheu

452 1324 583 1396 allegatis,
602 1327 747 1386 drachmae
764 1346 815 1386 sna
831 1329 1002 1398 relinquetur
1019 1334 1183 1403 auctoritas,
1212 1341 1342 1403 quantum
1366 1349 1478 1389 necesse
1496 1339 1539 1388 est
1556 1343 1586 1388 et
1605 1339 1717 1403 quantun
1730 1346 1762 1384 ue

398 1480 401 1485 Ι
450 1419 543 1481 rotun
563 1405 715 1479 drachmae,
734 1409 838 1478 unciae,
857 1425 963 1465 marcae
980 1411 1141 1467 retinebitur
1157 1413 1368 1483 nomenclatura,
1386 1426 1494 1482 unaque
1512 1417 1541 1466 et
1554 1412 1689 1469 octennia
1701 1408 1762 1465 soliis

450 1491 660 1549 familiarissima
678 1489 845 1560 progressio.
1442 1496 1444 1501 ’

1005 1652 1058 1712 Aa
1081 1651 1198 1729 Caput
1220 1651 1258 1713 V.

407 1868 409 1871 ,
543 1806 691 1863 Processns
709 1804 855 1862 reducendi
873 1802 987 1859 solidum
1006 1802 1265 1874 parallelepipedunr
1284 1805 1470 1877 rectangulnm
1497 1809 1524 1861 in
1540 1808 1657 1877 liguram
1672 1807 1764 1867 coliem

455 1886 580 1957 equidem
597 1901 722 1956 magnam
740 1883 860 1940 ostendit
878 1883 1051 1955 diligentiam.
1087 1883 1186 1937 Tribus
1213 1883 1283 1938 enirn
1308 1886 1395 1941 modis
1421 1887 1449 1941 in
1476 1904 1561 1943 unum
1589 1884 1764 1957 conspirantibus

455 1974 575 2023 constat:
588 1982 708 2036 numero,
715 1966 880 2036 capacitate,
893 1963 1025 2034 pondere;
1044 1977 1095 2030 ego
1115 1969 1240 2032 quartum
1258 1962 1367 2018 modum
1379 1963 1450 2018 inira
1458 1966 1558 2020 dicam.
1592 1961 1764 2034 conquestio

457 2064 540 2103 nerus
558 2052 586 2101 et
603 2045 729 2100 Sterinus
748 2044 914 2112 quotientenr
932 2042 997 2097 lima
1014 2041 1148 2097 subtiliori
1167 2041 1363 2111 expoliserint,
1391 2041 1459 2098 nihil
1483 2044 1549 2098 mihi
1573 2044 1726 2114 reliquerunt
1736 2038 1764 2091 at·

456 2126 582 2181 dandum.
605 2123 731 2178 Numeris
751 2130 841 2177 autem
859 2136 965 2189 semper
977 2120 1062 2175 tutius
1081 2119 1183 2188 astuti,
1202 2135 1283 2187 quam
1301 2121 1389 2191 lineis,
1408 2138 1457 2193 per
1468 2124 1603 2180 mesolabi
1616 2120 1764 2179 aberratione

456 2204 482 2260 N
484 2222 519 2259 on
532 2210 610 2274 putat
621 2203 675 2258 hoc
688 2200 842 2256 Schonerus
852 2200 956 2255 vdecere
974 2206 1153 2269 geometram:
1173 2207 1202 2252 at
1219 2199 1247 2253 in
1265 2201 1318 2256 hoc
1336 2202 1557 2269 praesenti-casu
1570 2200 1765 2258 nuncubatur

455 2282 636 2353 operandum,
663 2295 714 2335 nec
739 2279 843 2347 &nosci
869 2285 961 2349 potest
987 2277 1124 2333 mesolabo
1151 2279 1283 2347 peccanti
1326 2281 1474 2349 Egregium
1500 2279 1570 2336 alias
1598 2283 1765 2337 instrumentis

455 2359 618 2429 mesolabus,
637 2358 746 2427 egregia
768 2357 942 2426 exercitatio,
971 2371 1040 2424 quae
1067 2372 1116 2426 pru
1138 2356 1243 2411 adculo
1268 2375 1324 2413 rem
1347 2360 1435 2427 ipsam
1457 2358 1508 2414 sub
1532 2374 1631 2415 manus
1654 2357 1765 2423 aunit3tl

455 2438 578 2508 prolecto
595 2455 651 2493 non
668 2458 842 2505 panpmpnsov
859 2438 920 2505 hoc,
940 2434 987 2491 sed
1006 2456 1154 2505 μηχανικον,
1173 2444 1200 2490 et
1219 2452 1282 2492 sere
1304 2436 1359 2492 tale
1385 2454 1441 2491 non
1459 2438 1518 2491 sola
1535 2437 1698 2505 ignoratione
1711 2430 1765 2487 test

456 2534 529 2588 num,
548 2518 621 2587 quod
639 2525 719 2589 putat
737 2519 871 2573 Stesinns.
907 2516 972 2586 Ipsa
988 2530 1079 2570 rerum
1098 2514 1323 2584 geometricorum
1346 2523 1444 2571 natura
1466 2533 1519 2571 non
1544 2517 1602 2571 lert
1619 2517 1684 2572 duas
1698 2512 1765 2569 medat

458 2597 546 2664 aliter,
565 2598 616 2653 nisi
629 2615 678 2668 per
695 2588 770 2667 ipsos
789 2596 874 2652 cubos
892 2611 957 2650 suos
976 2592 1156 2649 determinari.
1184 2594 1222 2647 At
1236 2610 1290 2648 non
1303 2594 1400 2650 dantur
1413 2595 1475 2650 cubi
1488 2594 1557 2650 alter
1575 2594 1685 2650 alterius
1699 2589 1765 2661 dcpls

459 2691 489 2731 re
513 2676 579 2745 ipsa
615 2677 683 2733 Nem
702 2676 726 2731 si
744 2676 880 2744 darentur,
899 2680 948 2729 aut
965 2689 980 2726 a
998 2679 1097 2727 natura
1115 2673 1244 2727 darentur
1256 2681 1304 2727 aut
1317 2675 1350 2728 ab
1363 2674 1485 2744 homine;
1506 2676 1638 2745 utrinque
1649 2690 1693 2745 per
1703 2680 1767 2731 autb

457 2772 554 2826 nempe
572 2771 622 2825 per
639 2755 713 2811 latus
731 2772 817 2819 suum,
836 2772 873 2811 sc.
891 2770 941 2824 per
958 2751 1061 2807 medias
1080 2752 1313 2823 proportionales,
1343 2769 1411 2820 quas
1436 2755 1495 2822 Jam
1519 2756 1639 2811 diximus
1664 2756 1688 2810 in
1710 2747 1766 2820 plati

455 2838 531 2894 nullo
543 2847 624 2908 pacto
642 2838 770 2892 constitui
782 2836 952 2906 geometrice,
970 2850 1059 2903 neque
1078 2834 1141 2889 sciri
1159 2849 1285 2903 nuquam,
1305 2850 1388 2904 quare
1407 2851 1458 2891 nec
1475 2838 1502 2890 in
1515 2841 1609 2888 mente
1628 2841 1687 2889 actu
1701 2831 1767 2884 intua

455 2917 551 2987 Itaque
570 2918 646 2973 cubis
664 2916 845 2988 proportionis
862 2914 962 2984 duplae
980 2913 1112 2982 denegato
1131 2920 1192 2968 ertu
1210 2913 1281 2980 (cum
1298 2922 1374 2967 recta
1391 2929 1446 2968 non
1465 2922 1526 2970 ante
1544 2914 1703 2979 consistant,
1717 2920 1767 2979 quaa

457 2997 589 3061 oriantur,
607 3012 641 3052 ne
658 2996 687 3050 in
705 3000 795 3050 mente
814 2993 944 3062 quidem),
962 2993 1167 3062 negaturetiam
1185 2991 1362 3047 subsistentia
1374 3008 1422 3047 seu
1435 2993 1506 3047 intra
1518 3009 1567 3047 seu
1587 3001 1665 3047 extra
1680 3000 1767 3045 mentm

455 3072 515 3130 Hoc
533 3076 637 3130 imitata
653 3089 744 3128 rerum
762 3080 868 3141 natura,
887 3073 1006 3128 rabones
1024 3072 1208 3137 harmonicas,
1234 3073 1380 3128 intercluso
1398 3074 1546 3129 medianum
1564 3066 1767 3143 proportionum

456 3154 581 3222 transitu,
598 3152 670 3208 intra
686 3168 827 3209 numerum
846 3152 1012 3206 octonarium
1029 3152 1173 3206 terminare
1191 3160 1287 3207 coacta
1304 3159 1352 3207 est.

543 3234 640 3301 ltaque
666 3232 749 3300 hrrjus
772 3232 902 3287 instinctu
925 3233 982 3299 jam
1009 3231 1070 3287 uilis
1101 3234 1182 3291 etiam
1209 3224 1327 3303 'agricola
1354 3249 1451 3289 vocum
1478 3236 1681 3304 proportionem
1704 3228 1767 3284 aba

458 3310 567 3368 &must
586 3317 614 3366 et
632 3319 781 3381 aversator,
800 3312 864 3380 quia
876 3310 911 3366 ad
919 3311 994 3365 illam
1012 3327 1066 3365 non
1084 3318 1177 3380 potest
1195 3313 1357 3382 geometrice
1375 3313 1518 3383 perveniri,
1538 3312 1590 3368 nisi
1608 3305 1767 3382 puisseda

458 3406 529 3460 quae
546 3394 609 3447 actu
626 3392 752 3460 nuspiam
771 3397 843 3456 sunt,
861 3406 911 3446 nec
929 3391 958 3444 in
975 3397 1065 3445 mente
1082 3391 1258 3447 adumbratae
1275 3406 1327 3449 nec
1344 3391 1372 3445 in
1389 3391 1491 3447 mundo
1510 3408 1669 3461 expressae.

544 3468 661 3538 Objiciat
672 3518 676 3527 .
687 3471 785 3541 aliquis
810 3477 904 3527 conus
929 3472 1000 3526 hanc
1017 3469 1226 3541 philosophiam,
1245 3487 1281 3527 an
1298 3489 1353 3527 nou
1366 3473 1455 3528 cubus
1470 3472 1486 3527 2
1500 3471 1602 3541 duplus
1616 3472 1652 3527 sit
1662 3466 1767 3527 adcubat

457 3549 492 3603 1?
511 3550 682 3621 Respondeo,
700 3551 813 3620 perinde
831 3551 884 3606 hoc
902 3566 1008 3619 sonare,
1036 3566 1068 3604 ac
1086 3550 1109 3605 si
1127 3551 1187 3619 quis
1206 3551 1258 3607 hoc
1277 3552 1382 3607 dicendi
1399 3567 1500 3619 genere
1523 3559 1664 3619 uteretur,
1688 3565 1717 3604 an
1736 3555 1768 3596 Μ

458 3630 545 3685 cubus
564 3630 662 3700 duplus
682 3629 717 3685 ad
735 3630 861 3700 simplum
879 3631 978 3700 duplus
997 3632 1059 3687 cst?
1094 3631 1205 3686 Numeri
1224 3631 1295 3686 enim
1314 3639 1377 3687 sunt
1394 3646 1483 3685 sermo
1502 3637 1708 3698 geometrarum,
1728 3613 1767 3709 ahl

457 3716 591 3778 praetera
629 3708 760 3779 Suntque,
780 3716 810 3765 ut
828 3717 977 3778 conceptus
994 3710 1109 3778 mentis,
1136 3710 1313 3780 applicabsses
1339 3717 1395 3765 mm
1418 3709 1487 3765 seris
1505 3725 1589 3777 qnam
1608 3706 1767 3764 conducunt

461 3784 577 3855 denique
594 3785 665 3841 fictis
684 3797 713 3842 et
729 3787 810 3857 plane
827 3786 1039 3857 impossibilibus
1058 3787 1176 3853 entibus,
1196 3788 1223 3843 h.
1242 3805 1266 3844 e.
1283 3805 1339 3844 non
1357 3790 1466 3850 entibus
1483 3795 1531 3842 ant
1549 3788 1697 3844 cumaena.

546 3864 633 3921 Aliter
651 3867 772 3938 objicias,
792 3883 826 3921 an
844 3885 898 3922 non
916 3868 1003 3937 possit
1020 3867 1134 3937 cogitari
1156 3870 1242 3923 cubus
1268 3869 1337 3923 alter
1354 3867 1467 3922 ulterius
1486 3866 1604 3936 duplus,
1631 3866 1675 3920 nbi
1697 3860 1768 3942 ulau

458 3959 503 4001 res
521 3946 590 4001 hace
607 3946 635 4000 in
653 3954 743 4004 mente
760 3948 929 4004 subsistere?
947 3947 1110 4017 Respondes
1125 3947 1262 4017 similiter;
1276 3948 1394 4016 cogitmc
1411 3948 1480 4002 enim
1493 3954 1581 4015 potes,
1601 3941 1768 4022 contradictiIi

459 4024 539 4079 simul
558 4039 619 4079 esse
635 4040 707 4095 uera,
727 4027 800 4094 quod
818 4032 909 4089 umen
926 4032 969 4082 eat
986 4026 1159 4095 impossibile.
1197 4026 1273 4081 Haec
1290 4026 1373 4094 igitur
1389 4026 1483 4079 insunt
1501 4024 1593 4079 serius
1611 4025 1640 4078 in
1656 4021 1767 4091 piscosa

459 4119 630 4173 nequaqnam
649 4104 677 4158 in
694 4113 793 4159 mente.
827 4105 897 4160 Nam
915 4104 961 4173 qui
982 4105 1021 4160 sic
1039 4104 1148 4173 cogitat,
1166 4105 1204 4159 nil
1222 4104 1273 4159 nisi
1290 4105 1374 4159 rerba
1385 4103 1487 4173 cogitat
1502 4110 1529 4157 et
1542 4119 1635 4172 sonos,
1652 4117 1685 4157 ax
1698 4094 1768 4151 scrin

459 4181 616 4238 resonantia
633 4198 682 4253 per
699 4183 816 4252 speciem
834 4182 997 4253 phantasiae
1016 4183 1078 4257 ollm
1098 4190 1316 4253 repraesentatos
1339 4180 1469 4251 sarieqn'e
1491 4183 1563 4237 inter
1586 4197 1619 4236 se
1637 4174 1767 4259 compotita

459 4260 591 4317 ffianoeae
615 4263 723 4332 quidem
748 4279 844 4333 opera,
857 4263 921 4319 sed
946 4280 1000 4318 non
1023 4264 1099 4332 justo
1123 4279 1172 4319 nac
1194 4264 1247 4317 uisi
1270 4262 1403 4317 inritatiro
1424 4276 1564 4331 processu.
1602 4260 1676 4327 Quae
1696 4260 1767 4310 raca

458 4350 558 4411 mente,
578 4357 610 4398 aa
628 4358 676 4413 per
695 4358 792 4399 causas
810 4358 874 4398 suas
892 4344 999 4411 insunt,
1027 4358 1082 4403 non
1108 4357 1158 4410 per
1180 4341 1254 4396 nuda
1281 4340 1401 4396 nomina.
1437 4338 1611 4407 Intelligatur
1627 4338 1700 4402 igitur
1714 4329 1767 4386 anis

462 4420 532 4475 alter
549 4418 661 4477 altanus
680 4421 788 4491 duplus,
807 4422 834 4477 h.
853 4438 876 4477 e.
895 4436 944 4492 per
962 4436 1071 4477 causam
1090 4435 1166 4477 suam
1184 4418 1428 4489 comprehendatur
1453 4426 1483 4472 et
1504 4418 1653 4474 concedam
1673 4408 1767 4469 quus

458 4498 559 4554 inesse.
573 4498 663 4567 'Nam
680 4515 756 4555 mens
775 4499 810 4554 ad
828 4514 924 4555 causas
941 4499 1054 4555 remissa
1064 4500 1218 4556 resolvetur
1229 4499 1265 4555 ad
1276 4498 1379 4555 medias
1392 4494 1618 4567 proportionales,
1639 4495 1767 4565 quaestim

460 4579 531 4648 cubi,
551 4585 581 4633 ut
597 4579 678 4634 tertio
696 4587 760 4635 amu
780 4581 908 4650 generati,
926 4580 1000 4648 ipsae
1018 4578 1105 4647 primo
1122 4587 1199 4648 actu,
1222 4596 1248 4634 n.
1268 4579 1363 4649 puncti
1380 4576 1470 4645 fluxu,
1489 4576 1672 4645 generandae,
1695 4574 1767 4640 pnes

460 4655 527 4710 dant
538 4671 650 4712 necesse
664 4664 714 4714 est.
737 4660 795 4714 Hae
812 4674 876 4714 scre
894 4674 949 4714 nen
961 4659 1063 4715 invenit
1080 4673 1155 4713 mens
1173 4659 1246 4713 intra
1257 4672 1295 4726 se,
1314 4656 1342 4710 h.
1360 4671 1383 4711 e.
1400 4656 1429 4710 in
1447 4653 1586 4710 scibilibus
1605 4642 1766 4723 quassans

460 4734 498 4789 Ut
515 4736 615 4791 rachus
632 4737 678 4792 hic
695 4737 818 4793 deiectus
837 4736 950 4793 duarum
967 4737 1116 4793 mediarum
1132 4736 1313 4807 intelligatur,
1337 4733 1523 4803 perpendatur
1540 4728 1709 4788 subsistentia
1722 4733 1766 4777 nea

461 4812 523 4871 talis
540 4813 621 4871 nnius
639 4815 751 4871 medias
785 4816 865 4873 Datis
883 4814 989 4873 duabus
1008 4806 1214 4886 quibuscunque
1231 4814 1319 4883 lineis,
1346 4811 1427 4868 datur
1442 4810 1569 4882 circuilus,
1587 4802 1766 4881 cunum
