3940 5856
764 404 1072 476 sentinaque.
1530 394 1595 468 aas·

240 581 350 637 habeut.
385 581 424 636 lit
442 579 557 636 observa
574 578 792 649 ambiguitatem,
818 580 854 634 ab
870 592 957 648 eaque
974 593 1051 636 cave:
1079 579 1186 635 minae
1202 585 1267 633 runt
1292 576 1452 646 corporibus
1470 583 1595 633 sumeres

239 667 331 716 motus
349 660 453 730 localis,
471 659 532 714 ideo
551 667 580 715 et
597 661 674 729 ipsae
691 660 720 714 in
738 659 795 714 suls
812 656 930 729 propriis
948 659 1122 727 motionibus,
1140 666 1209 728 puta
1226 657 1260 712 ad
1273 656 1402 726 gaudium
1420 656 1462 713 vel
1474 656 1595 712 dolorem

239 745 267 794 el
285 738 397 806 similia,
423 738 545 794 mtiones
563 737 733 793 harmonicas
752 736 849 792 insitas
866 735 983 804 babent,
1010 753 1061 793 nec
1077 736 1201 807 indigent
1217 735 1310 801 attritu-t·¹
1324 734 1464 801 rationali,
1486 743 1516 790 ut
1533 750 1594 804 pen·

241 825 355 885 ennent,
379 824 510 873 contentu
526 816 702 873 ecmannus
721 814 880 885 corporibus
900 824 928 871 et
945 815 1027 871 unica
1044 815 1147 869 Solaria
1165 814 1241 883 globi
1263 814 1404 883 gyratione
1426 812 1499 868 eirca
1516 829 1596 873 snum

239 910 335 962 axem,
364 905 397 952 ut
426 896 608 953 demonstravi
635 898 662 951 in
682 894 886 953 Commentariis
904 895 1000 950 Martis
1025 894 1099 949 etin
1117 890 1252 964 Epitomis
1270 893 1461 949 Astronomiee
1484 893 1595 971 liblll.

240 984 267 1029 et
285 976 317 1031 V.
336 983 440 1045 repeto.
475 977 512 1030 Et
530 985 622 1032 tamen
640 976 760 1044 ipsorum
779 983 868 1028 motus
887 973 1069 1029 conformatos
1088 990 1149 1029 esse
1168 977 1203 1030 ub
1222 974 1320 1043 opifice
1343 974 1377 1028 ad
1397 974 1516 1029 rationes
1535 973 1597 1028 har-

238 1053 359 1109 mouicas
378 1055 547 1123 demonstro,
567 1055 670 1109 nullam
688 1054 722 1108 ob
742 1052 929 1107 excellentiam
947 1052 1106 1108 coelestium
1124 1052 1195 1107 inter
1213 1061 1317 1120 cetera,
1343 1051 1418 1106 velut
1440 1068 1455 1106 e
1474 1067 1594 1120 numero,

239 1134 287 1187 sed
306 1135 378 1204 quia,
399 1136 446 1201 qui
464 1150 580 1204 corpora
599 1133 881 1198 coelestiauominet,
905 1133 929 1187 is
946 1140 1036 1187 totum
1053 1134 1174 1187 nominat
1190 1133 1345 1186 universum
1365 1137 1392 1183 et
1409 1128 1522 1183 involvit
1539 1142 1594 1185 una

239 1206 352 1267 Terram
370 1214 484 1282 ejusque
501 1214 644 1268 motiones.
681 1213 751 1267 Sunt
768 1213 851 1282 igitur
868 1212 922 1266 ista
940 1228 1009 1281 opus
1027 1228 1155 1267 manuum
1166 1211 1226 1281 liei,
1246 1209 1319 1278 quod
1337 1225 1353 1263 a
1370 1207 1502 1278 principio
1521 1222 1595 1262 crea-

239 1300 296 1346 tum
316 1300 370 1361 est,
397 1308 459 1348 cum
476 1292 543 1346 nihil
562 1293 765 1362 praecessisset,
786 1290 860 1360 quod
878 1291 966 1345 Deum
984 1291 1140 1361 impediret,
1165 1307 1221 1359 quo
1239 1291 1328 1345 minus
1352 1288 1517 1357 exprimeret
1533 1302 1595 1356 pro·

239 1370 378 1439 portiones
400 1371 427 1425 in
453 1386 546 1426 eornm
565 1372 694 1426 extremis
711 1370 839 1423 motibus.
876 1369 1061 1424 Veruntamen
1083 1384 1134 1437 ego
1156 1368 1320 1424 rationalem
1342 1367 1515 1430 facultatem,
1543 1366 1596 1420 hoc

240 1454 322 1517 pacto
339 1450 513 1504 exsorberem
536 1465 571 1505 ex
588 1449 709 1503 motibus
727 1446 878 1513 cuderam,
904 1446 960 1521 qlia
982 1445 1091 1516 gemine
1116 1446 1160 1501 vin
1177 1446 1263 1503 veluti
1289 1444 1457 1515 postliminio
1478 1443 1595 1502 educo:

240 1526 326 1595 primo
345 1528 420 1595 quia,
446 1530 469 1584 si
489 1545 545 1584 uon
562 1530 590 1585 in
607 1527 739 1597 planetis,
763 1533 794 1582 at
815 1526 912 1581 sutem
934 1527 963 1582 iu
981 1526 1044 1581 Sole
1067 1542 1128 1581 cum
1155 1526 1356 1595 simplicissima
1378 1524 1518 1587 rotatione,
1537 1520 1595 1589 ejus

241 1606 363 1675 corporis
382 1606 453 1662 circa
464 1624 551 1667 axem
568 1609 722 1677 coniuncta
734 1612 777 1662 est
794 1606 884 1662 anima
902 1614 990 1662 motus
1009 1605 1085 1661 illius
1102 1606 1278 1676 peronnensis
1296 1606 1325 1660 in
1342 1619 1456 1674 corpore
1469 1600 1550 1675 dolia
1569 1608 1598 1655 et

240 1693 439 1753 consequenter
456 1687 485 1740 in
504 1688 623 1743 omnium
641 1687 811 1757 manaturum
830 1686 989 1755 corporibus
1007 1692 1116 1754 auctor,
1143 1702 1225 1756 quem
1241 1685 1403 1741 rationalem
1421 1698 1482 1737 esse
1499 1681 1595 1751 probe·

240 1758 294 1813 bile
312 1760 378 1817 iacit
396 1765 548 1835 exemplum
567 1774 681 1822 naturae
699 1764 870 1835 sublunaris,
896 1781 966 1834 quae
985 1773 1027 1820 est
1045 1764 1135 1821 anime
1161 1766 1189 1820 in
1208 1766 1308 1820 Terrae
1327 1763 1477 1821 visceribus
1495 1760 1595 1828 abdita,

240 1838 343 1893 habeus
362 1841 516 1898 instinctam
534 1842 667 1899 lationem
693 1844 750 1898 sine
766 1843 899 1900 discursu.
936 1842 1005 1897 Vide
1023 1840 1068 1896 lib.
1088 1840 1181 1897 Herm.
1194 1844 1240 1899 iv.
1261 1860 1319 1914 cap.
1334 1844 1358 1897 7¹.
1393 1842 1511 1909 Iterum,
1531 1838 1596 1909 quia

240 1917 263 1971 si
281 1932 336 1972 nou
353 1919 381 1975 in
399 1922 480 1989 globo
498 1924 559 1992 ipso
578 1924 661 1993 Solis,
685 1930 715 1978 et
735 1921 831 1977 saltem
849 1923 878 1977 iu
896 1923 1042 1993 creaturis,
1067 1922 1178 1992 globum
1196 1920 1272 1979 illuni
1291 1921 1488 1989 incolentibus,
1516 1916 1593 1977 ntei-

240 1996 328 2053 lectus
346 1999 418 2054 inest
435 2002 529 2073 ntique
545 2002 754 2067 harmoniarum,
773 2016 842 2071 quas
859 2009 950 2057 motus
967 2002 1141 2071 planetarum
1159 2001 1285 2071 nuspiam
1303 2000 1356 2056 nisi
1369 2000 1397 2054 in
1411 1998 1474 2054 Sole
1487 2010 1595 2067 reprae-

241 2082 358 2144 sentant.
395 2078 464 2136 Vide
481 2080 630 2151 Epilopnnt
647 2081 700 2136 mei
715 2080 778 2136 libri
796 2081 829 2136 V.

815 2337 956 2410 CAPUT
983 2337 1021 2408 V.

242 2500 413 2572 Quomodo
436 2498 662 2556 consonantia
683 2499 877 2555 intervalla
900 2500 1132 2572 respondeant
1152 2502 1327 2572 primariis
1349 2501 1480 2575 animae
1495 2499 1597 2559 aitte

635 2587 772 2657 rentiis,
797 2604 866 2643 cum
885 2590 954 2644 suls
973 2588 1163 2658 speciebus.
1181 2591 1202 2640 lt

328 2752 422 2827 Igitur
445 2751 555 2827 primae
579 2750 671 2810 veluti
693 2760 792 2829 partes
815 2753 931 2812 animae
953 2760 1023 2811 sunt
1052 2760 1125 2810 tres:
1153 2751 1373 2826 intellectualia,
1405 2753 1548 2815 sensitiva
1569 2759 1599 2811 et
1625 2756 1630 2777 ¹
1658 2730 1682 2797 ,⁴
1709 2770 1716 2781 ·

243 2839 404 2901 habitualis
418 2832 463 2921 11).
508 2838 626 2899 Primae
648 2855 719 2898 vero
747 2837 980 2899 identisonorum
1002 2847 1032 2898 et
1053 2848 1248 2899 murenarum
1278 2841 1392 2917 speeies
1414 2838 1516 2899 itidem
1540 2850 1598 2898 tres
1688 2870 1693 2883 =

242 2936 324 2987 sunt:
348 2927 573 2996 identisonnm,
593 2932 759 2998 teneone,
791 2943 922 2987 consona
946 2943 1015 2987 veto
1039 2930 1173 2987 omnmo
1204 2938 1233 2986 et
1256 2933 1469 3003 tmmepom
1499 2935 1533 2987 nt
1555 2930 1597 2987 ita

242 3014 386 3092 diapason
410 3004 530 3088 quidem
552 3011 744 3075 intellectuali
768 3013 945 3091 respondeat
966 3013 1135 3094 (plurimum
1158 3016 1235 3074 euim
1263 3024 1293 3073 et
1315 3014 1363 3073 hio
1390 3021 1421 3072 et
1441 3013 1504 3075 illic
1524 3016 1597 3073 sim-

244 3102 384 3179 plicitatis
405 3101 656 3177 aequalitatisque
679 3107 709 3160 et
732 3100 942 3161 indifferentiae
966 3098 1036 3180 est),
1060 3100 1197 3178 diapente
1221 3118 1292 3159 vero
1313 3102 1493 3175 sensltlvee,
1515 3102 1597 3162 item·

244 3207 302 3266 que
326 3189 508 3248 diatessaron
532 3187 676 3248 habituali
689 3185 743 3264 1¹¹).
787 3186 864 3247 Nem
894 3198 924 3247 ct
952 3187 1165 3264 bisdiapason
1196 3191 1357 3264 proximius
1384 3197 1438 3249 est
1460 3188 1597 3268 diapente

243 3287 333 3353 quam
356 3276 549 3349 diatesseron,
581 3277 690 3353 quippe
713 3274 787 3333 illud
810 3280 1019 3335 consonantias
1048 3286 1092 3336 est
1114 3275 1265 3352 habetque
1286 3293 1438 3337 excessum
1461 3277 1598 3354 aequali·

245 3368 298 3424 tati
321 3366 544 3441 proximiorem
574 3371 605 3423 et
626 3363 687 3422 illic
714 3361 905 3422 intellectuali
929 3363 1063 3425 facultati
1091 3366 1214 3423 vicinior
1243 3372 1288 3424 est
1316 3366 1476 3437 sensitiva,
1507 3381 1597 3440 quatu

245 3451 405 3511 habitualis
418 3446 462 3530 lv)
476 3446 525 3529 v),
558 3468 593 3510 eo
623 3449 703 3526 qnod
735 3457 765 3508 et
797 3452 862 3526 ipsa
893 3453 1037 3529 particeps
1070 3452 1109 3509 sit
1141 3451 1409 3528 comprehensionis
1438 3451 1596 3529 aliqualis3

244 3549 395 3618 praeterea
417 3541 504 3598 sicuti
527 3539 555 3595 in
579 3538 687 3614 quihus
709 3546 755 3597 est
776 3537 905 3609 habitus,
928 3540 1017 3599 iniis
1040 3555 1097 3599 nou
1121 3542 1241 3599 omnino
1265 3556 1368 3599 sensus
1390 3540 1475 3613 inest,
1501 3550 1597 3616 neque

243 3630 272 3684 in
295 3629 402 3703 quihus
424 3643 544 3699 sensns,
579 3629 607 3682 in
631 3627 667 3683 iis
689 3632 735 3685 est
757 3643 857 3698 mens,
890 3629 1055 3686 coliversim
1076 3644 1162 3699 vero,
1195 3628 1354 3701 inquibus
1381 3630 1595 3698 aurneinan,

244 3718 274 3773 in
297 3714 402 3774 iisdem
425 3716 545 3774 omnino
568 3722 612 3774 eet
634 3713 763 3784 babitus,
785 3721 815 3773 et
837 3715 866 3771 in
891 3714 998 3789 quibas
1020 3731 1112 3787 meus,
1136 3717 1166 3771 in
1182 3713 1287 3775 iisdem
1309 3722 1370 3773 tam
1389 3731 1493 3774 sensus
1507 3730 1597 3791 qnam

244 3801 364 3862 habitus
376 3797 438 3882 Ἦ),
462 3803 505 3861 ita
527 3802 577 3861 ubi
601 3799 784 3860 diatessaron
806 3816 864 3859 nou
888 3801 955 3860 ideo
979 3803 1020 3861 ibi
1043 3810 1073 3863 et
1095 3801 1241 3878 disponite,
1265 3818 1361 3877 neque
1383 3802 1432 3860 uhi
1449 3801 1597 3880 diapente,

204 3896 210 3905 ¹
246 3888 355 3950 ibidem
378 3893 479 3950 atatim
503 3898 548 3948 est
571 3887 724 3965 diapason,
748 3891 866 3948 omnino
892 3906 961 3948 vero
984 3892 1158 3961 conversim,
1177 3890 1231 3949 nbi
1249 3888 1395 3966 diapente,
1419 3890 1461 3948 ibl
1479 3900 1510 3950 et
1532 3889 1598 3948 dia·

245 3985 392 4049 tessaron,
426 3985 455 4037 et
477 3977 601 4035 omnine
624 3976 675 4035 nbi
697 3973 856 4050 diapason,
886 3974 995 4037 ibidem
1025 3985 1054 4036 st
1077 3976 1214 4052 diapente
1241 3986 1271 4035 et
1294 3977 1492 4050 diatessaron,
1525 3976 1597 4035 illud

245 4067 323 4124 enim
344 4069 494 4142 proprium
516 4072 561 4123 est
583 4062 829 4139 imperfectiorum
852 4070 883 4122 ot
897 4063 1108 4123 cantilenarum
1132 4071 1162 4124 et
1176 4066 1430 4140 compositionum,
1454 4064 1512 4123 hoc
1527 4080 1597 4123 vero

245 4147 523 4230 perlectioranfl).
569 4150 605 4208 Et
627 4149 747 4226 quidem
768 4148 930 4211 habitualis
953 4152 1068 4211 animae
1090 4150 1239 4212 iacultatis
1270 4160 1327 4212 nes
1351 4149 1504 4212 commode
1526 4168 1596 4228 spe-
1626 4198 1631 4207 ,

144 4256 150 4275 ·
245 4241 305 4299 cies
328 4241 491 4303 enumerari
513 4245 653 4317 possunt,
674 4236 780 4297 eudem
802 4254 921 4298 numero
945 4256 1010 4309 eum
1033 4238 1190 4316 speciebus
1213 4239 1412 4301 diatessaron:
1442 4256 1501 4298 una
1522 4256 1598 4315 aup-

245 4325 353 4406 menti,¹
370 4327 464 4388 altere
486 4327 596 4403 vigoris
619 4332 648 4384 et
670 4326 896 4399 consistentiee,
920 4328 1005 4386 tertia
1029 4327 1246 4401 diminutionis,
1272 4326 1330 4385 bae
1349 4335 1421 4385 suut
1443 4329 1520 4389 enirn
1543 4327 1598 4386 he·
1630 4378 1635 4389 .

246 4413 365 4474 bitnalis
387 4415 541 4495 primariae
564 4411 729 4473 facultates.
775 4408 886 4473 sonem
910 4414 998 4473 modo
1021 4415 1180 4476 suuitivae
1203 4413 1355 4478 munitatis
1382 4422 1510 4489 quuuor
1530 4421 1600 4475 sunt

242 4504 372 4579 species,
408 4501 527 4578 aequali
556 4516 676 4559 numero
708 4500 863 4576 speciebus
894 4504 1106 4565 consonantiae
1138 4502 1293 4579 diapente,
1312 4519 1391 4563 ·uua
1422 4503 1518 4577 visus,
1548 4520 1599 4562 ae·

245 4589 344 4650 cunda
364 4589 496 4661 auditam,
528 4589 615 4647 tertie
646 4587 802 4660 odoratus,
833 4596 940 4664 quamn
965 4584 1163 4668 gustnnVffl),
1191 4587 1338 4665 mquidem
1364 4596 1477 4649 tuatim
1507 4588 1599 4649 raleii
1647 4654 1651 4671 ,

136 4738 144 4750 ,
246 4693 429 4738 mmmuuem
451 4670 587 4735 otn'nibus
609 4684 737 4751 quatuor
758 4676 915 4735 statuimus
924 4672 982 4757 ¹¹),
1005 4679 1114 4755 quippe
1137 4693 1237 4736 annes
1260 4675 1331 4738 illae
1357 4676 1506 4753 tamuda
1529 4694 1599 4738 sau·
1670 4748 1674 4755 ⁴

246 4763 344 4824 sibilie
359 4782 414 4826 sua
436 4762 717 4840 quomodoounqne,
740 4762 784 4822 sie
807 4767 989 4840 receptiones
1010 4764 1127 4825 illorum
1149 4762 1302 4822 muniant.
1328 4765 1484 4841 ·Deuiqne
1499 4763 1599 4824 'intel-

246 4850 383 4931 lectualis
404 4850 554 4913 lacunatis
575 4857 688 4927 septem
709 4861 780 4914 sunt
799 4851 970 4913 duarenus
989 4853 1119 4929 meles,
1139 4850 1316 4927 meoiehtu·
1328 4852 1474 4931 dmm
1501 4868 1598 4930 aeque
