3840 5854
721 399 757 458 de
772 399 928 458 flumenta
1245 446 1249 455 ·
1458 408 1518 479 bl,

151 578 303 658 potuisse„
325 585 360 640 ut
388 594 445 640 nec
473 576 639 657 Porphyrii.
682 576 759 640 Ecce
781 578 828 639 Τιι
849 575 1015 658 ἥρω’ωὶὶιί
1043 575 1151 639 librum
1179 583 1262 649 ante,
1275 542 1384 641 multos
1406 598 1499 644 annos
1529 547 1533 555 Ι

151 667 350 742 consuluisti,
383 674 452 728 sont
481 675 580 728 autem
609 664 792 728 Aristoxenis
820 665 1066 728 Harmonicorum
1097 666 1307 729 elementorum
1335 668 1402 730 libri
1431 678 1498 746 tres,
1526 723 1530 731 .
1597 675 1602 681 ’

150 753 308 815 Ptolemaei
331 753 577 817 Harmonicornm
597 753 665 815 lihri
681 755 710 829 3,
734 754 901 817 Aristotelis
923 754 958 818 de
981 753 1160 816 audibilibus
1183 763 1213 816 et
1233 755 1434 836 Porphyrii
1457 758 1498 823 ds

150 841 265 903 decem
288 842 631 918 Praedicamentis,
655 842 784 903 Antonio
808 841 963 921 Gogasino
980 840 1136 905 Gravieml
1157 845 1323 921 interprete.
1361 846 1408 906 Da
1422 845 1497 906 Por-

148 929 247 1008 phyrio
271 948 335 991 non
359 933 477 993 memini
498 930 709 992 Hermonicnm
731 930 803 1008 qnid
825 938 948 993 exstare.
986 930 1062 992 Sunt
1082 938 1112 993 et
1132 931 1263 992 Euclidis
1285 939 1316 993 et
1336 931 1499 996 Ptolemaei

149 1015 327 1080 Harmonice
355 1022 553 1098 manuscripta
581 1018 692 1080 Graece
721 1020 751 1077 in
779 1019 959 1079 bibliotheca
986 1018 1113 1080 Conrsdi
1141 1018 1320 1099 Dasppodil,
1348 1029 1417 1082 sote
1439 1029 1499 1084 tres

149 1122 235 1165 sonos
256 1110 379 1183 mortui,
409 1108 596 1186 feranturque
618 1106 738 1168 venales
761 1107 829 1168 iisse
850 1107 929 1168 illius
950 1107 1017 1169 libri
1039 1108 1069 1165 ln
1090 1107 1184 1167 lorum
1207 1108 1387 1169 scutarium.
1421 1109 1497 1170 Dedi
1573 1162 1577 1174 ,

149 1195 296 1270 negotium
320 1198 424 1256 amicis
447 1196 637 1274 Argentioam
658 1195 804 1272 proiectis,
827 1202 861 1255 nt
882 1193 918 1256 de
939 1197 977 1256 iis
998 1211 1046 1255 me
1070 1198 1220 1256 certiorem
1241 1194 1373 1272 reddent,
1397 1215 1503 1258 rerum·

148 1285 275 1359 respomi
305 1282 382 1342 nihil
408 1284 530 1361 accipio.
575 1282 719 1361 Equidem
747 1284 809 1344 sine
839 1280 952 1343 Graeco
981 1282 1139 1360 exemplari
1170 1282 1291 1362 despero
1313 1285 1497 1347 Aristoxenis

149 1377 175 1428 et
200 1369 370 1431 Ptolemaei
403 1382 530 1432 mentem
563 1388 599 1431 ex
636 1369 784 1447 Geganiui
818 1372 1074 1449 interpretamento
1115 1374 1264 1449 percipere
1300 1371 1497 1451 undiquaque.

148 1455 178 1517 Si
197 1455 238 1517 tt.
261 1458 300 1517 Τ.
323 1459 397 1519 mihi
418 1461 599 1538 prospexerit
621 1458 657 1519 ds
679 1457 800 1520 Graecis
822 1462 908 1519 trium
931 1459 1073 1520 dictorum
1095 1467 1245 1520 auctorum
1273 1460 1496 1539 exemplaribus,

148 1549 317 1621 praesertim
340 1548 518 1623 Ptolemaei,
551 1549 602 1624 qni
630 1545 726 1608 editus
753 1564 818 1608 csse
844 1547 1012 1625 perhibetur
1039 1549 1070 1606 in
1096 1546 1198 1624 Italia,
1226 1555 1298 1626 puto
1321 1546 1423 1609 Urbini
1446 1556 1498 1610 sut

148 1631 320 1695 Pmceutiae
354 1644 406 1696 aut
433 1636 615 1711 Florentiae,
652 1643 682 1695 et
714 1635 798 1712 cujus
832 1634 1006 1715 Gogavinns
1037 1634 1151 1714 aliquot
1185 1636 1362 1714 exemplario
1394 1637 1499 1698 habuit

149 1737 181 1781 ex
211 1721 396 1785 bibliothece
425 1721 587 1786 Vaticanas
619 1722 776 1807 polliceor,
807 1724 872 1786 Deo
904 1725 1100 1802 permittente,
1136 1725 1343 1787 commentaris
1371 1725 1402 1786 ln
1430 1743 1497 1788 eum

147 1825 307 1888 perspicua.
623 1861 627 1867 .

245 1896 436 1976 Seripssrnnt
466 1897 501 1959 de
531 1897 721 1975 qurnonicis'
745 1897 888 1960 Boethius
917 1907 948 1961 et
975 1897 1145 1960 domandos
1163 1915 1272 1985 ,exque
1299 1901 1336 1960 iis
1363 1898 1496 1962 Jacobus

148 1983 239 2044 Faber
260 1984 463 2064 stapulensis,
495 2002 582 2062 quem
609 1985 715 2047 habeo.
770 1985 842 2047 Vidi
864 1993 893 2048 et
914 1989 1069 2062 musicam,
1099 1993 1132 2046 ot
1152 1993 1240 2064 puto,
1269 1985 1352 2049 estut
1374 1986 1496 2049 Calvisii

149 2076 270 2133 cantoris
293 2073 467 2151 Lipsiensis,
491 2076 541 2151 qui
567 2080 696 2135 ueterum
717 2077 860 2137 rationem
882 2078 984 2153 tangit
1028 2074 1134 2136 Habeo
1157 2082 1187 2137 et
1209 2075 1321 2135 Annali
1341 2075 1411 2137 Itali
1434 2074 1496 2137 dle·

149 2176 243 2220 cursus
266 2160 393 2223 Italicos
408 2162 444 2222 de
459 2162 674 2239 imperfectione
697 2162 855 2224 hodiernae
878 2167 1020 2224 musicae:
1041 2162 1094 2223 sed
1115 2160 1188 2221 nihil
1211 2160 1280 2223 dnm
1301 2162 1370 2241 legi.
1413 2162 1494 2224 Har-

147 2251 258 2310 monioa
292 2267 361 2311 msa
391 2267 449 2327 quo
481 2249 547 2310 loco
579 2251 651 2325 sint,
684 2253 787 2329 scripsi
815 2259 883 2313 ante
911 2251 1026 2329 riiiqnot
1047 2267 1148 2312 annos.
1193 2249 1350 2329 Cuperem,
1381 2253 1408 2311 sl
1428 2251 1495 2313 Deo

148 2338 237 2396 risum
259 2337 366 2413 inerit,
398 2341 479 2416 prius
508 2337 663 2400 absolvere
685 2341 888 2401 astronomica
932 2338 1082 2415 Mirabile,
1116 2337 1247 2416 disposui
1268 2340 1364 2417 ipsos,
1397 2341 1496 2418 prius·

149 2441 229 2501 qoam
253 2427 321 2487 vidi
343 2425 554 2500 Ptolemaeum,
577 2426 637 2487 iere
659 2426 698 2487 ad
720 2427 845 2490 enodem
866 2426 1001 2504 modom,
1025 2443 1084 2504 quo
1106 2425 1293 2488 Ptolemaeus
1316 2444 1381 2488 sna.
1424 2427 1496 2487 Feci

147 2510 231 2573 libros
265 2515 416 2591 quinque,
454 2516 580 2591 primum
615 2512 652 2575 de
682 2514 784 2603 liguriq
813 2519 1010 2595 geometricis,
1043 2513 1121 2574 unde
1152 2515 1337 2576 harmonicss
1367 2516 1495 2575 rationes

149 2601 288 2676 oriuntur,
312 2600 472 2662 secundum
494 2601 531 2663 de
553 2603 716 2663 rationibus
736 2620 790 2666 sen
809 2607 938 2667 numeris
952 2603 1137 2678 harmonicis,
1161 2605 1278 2664 tertium
1292 2602 1329 2663 de
1343 2602 1495 2664 harmonia

148 2689 175 2744 'm
202 2690 346 2763 vocibus,
377 2697 513 2765 quartum
545 2689 581 2752 de
609 2689 761 2753 harmonia
788 2694 819 2751 in
847 2692 1028 2770 aspectibus,
1063 2693 1196 2768 quintum
1226 2689 1263 2751 de
1292 2689 1444 2751 harmonia
1465 2693 1495 2750 ln

21 2852 22 2859 ἵ
148 2776 274 2838 motibus
307 2775 491 2838 cudentibus.
537 2777 613 2840 Ecce
642 2795 719 2839 nunc
746 2778 956 2841 Ptolemaeum
1000 2778 1130 2838 Primum
1152 2780 1177 2838 is
1200 2779 1350 2839 constitnit
1371 2794 1495 2839 concor-

149 2861 277 2941 dmtins,
308 2863 413 2926 deinde
435 2881 542 2943 genera
563 2864 620 2949 (res
642 2866 730 2927 hodie
752 2885 827 2945 pene
850 2871 966 2945 ignota,
989 2874 1019 2927 et
1040 2869 1071 2925 ni
1092 2865 1178 2927 inhor
1198 2873 1320 2943 optaras
1340 2883 1400 2927 non
1421 2883 1495 2927 con·
1605 2926 1608 2931 .

21 3012 30 3023 ..
147 2967 229 3028 sona,
260 2961 298 3013 ut
319 2954 376 3013 tria
396 2954 455 3013 sint
480 2971 601 3031 genera:
631 2952 823 3031 diatonicum,
854 2956 1062 3017 chromaticum
1083 2959 1113 3014 et
1135 2950 1380 3036 enharmonium),
1408 2956 1495 3015 tertio

21 3030 23 3101 ῗ
147 3046 237 3101 tonos.
285 3040 359 3101 Inde
382 3049 532 3119 comparat
552 3042 722 3104 harmonica
744 3061 809 3104 cum
831 3043 1023 3120 coelestibus,
1045 3040 1176 3103 ordinem
1197 3057 1303 3102 uocum
1324 3059 1390 3103 cnm
1411 3048 1494 3103 moto

21 3122 23 3199 l
146 3127 297 3189 stellarum
325 3130 356 3188 in
384 3127 519 3206 longum,
549 3148 658 3207 genera
686 3147 751 3191 cum
780 3138 862 3191 motu
891 3149 991 3194 earnm
1018 3131 1181 3192 sccentrlco
1202 3130 1233 3188 in
1255 3130 1348 3190 altum
1371 3136 1401 3192 et
1421 3145 1493 3208 pro·

146 3215 281 3294 fundum,
314 3223 399 3278 tonos
429 3235 496 3277 oum
523 3228 606 3279 motu
635 3235 735 3279 earnm
765 3221 795 3278 in
823 3219 929 3296 iatum,
961 3218 1145 3280 tetrachorda
1171 3234 1238 3279 enm
1264 3218 1432 3297 aspectibus
1454 3216 1494 3280 ad

21 3330 22 3345 ι
147 3301 258 3367 Solem:
286 3311 318 3364 ut
339 3322 394 3382 ego
417 3305 637 3367 concordantias
661 3323 727 3367 cnm
749 3308 916 3385 aspectlbm
937 3306 1122 3385 planetamm
1141 3309 1262 3367 mutuis.

251 3392 363 3470 Accipe
397 3391 445 3453 hic
478 3394 681 3471 compendium
713 3394 952 3457 harmonioomui
978 3412 1122 3471 meorum,
1164 3400 1308 3473 quatenus
1340 3390 1494 3455 harmonia

147 3480 346 3541 consideratur
378 3483 409 3541 in
441 3482 572 3542 vocibus.
628 3480 761 3558 Qustuor
789 3491 858 3543 sunt
888 3490 995 3561 partes.
1048 3483 1148 3543 Prima
1180 3481 1309 3543 ostendit
1342 3482 1492 3558 originem,
1541 3514 1551 3523 -

147 3582 263 3643 causas,
296 3569 492 3644 quantitatem
521 3578 551 3630 et
579 3587 729 3630 numemm
758 3570 981 3632 harmoniarum.
1025 3569 1162 3632 Secunda
1190 3570 1345 3646 originem,
1377 3585 1491 3645 eausss,

146 3658 339 3729 quantitatem
361 3663 391 3717 et
412 3674 563 3717 numerum
584 3657 802 3724 intervallorum
822 3663 967 3734 omnium,
1001 3662 1090 3720 etlam
1118 3675 1178 3720 non
1206 3657 1440 3718 harmonicorum
1462 3659 1491 3715 in

147 3752 230 3803 cmtu
262 3744 405 3821 naturali,
440 3754 472 3805 nt
502 3747 578 3821 toni,
612 3748 758 3807 semitonii
790 3754 844 3808 etc.
907 3747 1008 3808 Tertia
1037 3740 1128 3808 habet
1162 3744 1359 3807 definitionem
1390 3750 1492 3806 cantus

21 3838 23 3909 l
145 3830 286 3892 naturalis
317 3830 439 3911 ejusque
473 3834 571 3894 varios
599 3834 704 3896 modos
736 3851 789 3895 ssu
821 3834 1011 3910 differentias,
1055 3852 1129 3912 quos
1155 3834 1244 3896 hodie
1277 3836 1295 3894 8
1327 3840 1413 3894 tonos
1445 3831 1492 3891 di·

146 3920 244 3979 cimns.
285 3916 397 3994 Quarta
420 3921 547 3982 ostendit
567 3939 672 3984 causas
694 3921 793 4000 legum
822 3926 852 3983 in
875 3923 1085 4000 compositione
1108 3944 1279 4004 oopqoosroos
1300 3938 1353 3982 scn
1375 3927 1491 3982 contra-

20 4020 22 4083 t
145 4016 326 4082 pmctorum
378 4008 462 4071 Haec
482 4027 550 4086 pers
567 4009 631 4086 j'sm
654 4012 756 4088 incipit
778 4028 842 4072 esse
863 4014 1006 4089 practica,
1036 4011 1136 4088 itaque
1154 4031 1177 4071 a
1198 4028 1246 4072 me
1267 4008 1394 4088 perlecto
1416 4006 1491 4068 tradi

144 4109 200 4155 m
220 4102 343 4244 phtish's
372 4186 498 4262 prima.
542 4184 616 4246 Cum
637 4200 729 4246 sonus
750 4187 790 4246 sit
812 4204 831 4247 a
852 4193 949 4262 motu,
980 4192 1076 4247 motus
1101 4167 1176 4247 'vero
1209 4187 1268 4245 sint
1294 4200 1347 4260 per
1374 4183 1490 4259 lineam,

147 4267 268 4332 dnomm
290 4287 359 4349 ergo
382 4288 521 4334 sonorum
542 4267 745 4354 cippossonos
764 4291 818 4335 sen
840 4275 1071 4352 congruentium,
1092 4292 1157 4334 *seu
1179 4273 1415 4346 consonantium,
1437 4287 1492 4331 ssu

147 4358 389 4435 concordantium,
412 4359 546 4422 lineasa
567 4361 652 4424 nobis
675 4360 852 4423 considerari
874 4369 1002 4439 oportet,
1026 4368 1059 4421 ut
1081 4378 1185 4422 causas
1207 4358 1376 4419 harmonlm
1399 4360 1491 4419 inter·

21 4448 23 4519 ξ
146 4445 256 4509 nedae
285 4449 360 4509 inter
387 4448 473 4510 binos
501 4465 590 4510 sonos
618 4451 811 4511 inveniamus.
856 4448 948 4510 Linea
978 4457 1077 4510 autem
1106 4456 1159 4509 aut
1188 4446 1335 4508 circularis
1364 4453 1408 4507 est
1438 4452 1491 4506 ant

21 4578 22 4599 t
146 4541 230 4595 rests.
275 4534 370 4596 Recta
397 4545 496 4613 partes
522 4537 613 4599 habet
638 4538 781 4614 infinitas,
814 4555 937 4615 quarum
964 4537 1099 4615 aptitudo
1129 4533 1168 4598 ad
1189 4552 1221 4597 se
1243 4541 1344 4596 mutuo
1366 4532 1491 4613 intelllgi
1521 4564 1525 4577 ·

145 4624 259 4698 nequit,
285 4625 349 4683 -nisi
369 4622 460 4701 plana
481 4631 511 4686 st
536 4626 627 4687 cubos
656 4625 695 4687 ad
718 4643 768 4687 eas
797 4625 1010 4702 adsciscamus,
1044 4641 1120 4703 qnae
1142 4630 1210 4684 sunt
1231 4640 1251 4683 a
1272 4628 1355 4682 motu
1377 4621 1514 4686 alienae,

146 4714 331 4785 qnmtttstes
370 4710 524 4774 (lironlsris
539 4720 585 4774 est
598 4731 659 4774 noa
672 4714 820 4791 habetque
835 4721 934 4792 partes
950 4714 1115 4791 apartibus
1135 4711 1292 4791 plurimum
1315 4709 1489 4771 didmentes.

144 4793 221 4858 lllhil
242 4807 344 4861 autem
365 4798 486 4863 interest
505 4803 580 4863 iuter
601 4800 813 4882 longitudinem
835 4801 1005 4875 circularem
1034 4807 1064 4862 et
1090 4808 1214 4876 rectam,
1244 4796 1325 4877 qood
1353 4799 1490 4859 tinnitum

145 4890 329 4951 scn'sonum
357 4890 474 4966 attinet,
505 4889 661 4955 dummodo
691 4890 830 4973 aequales
861 4892 921 4954 sint
954 4896 983 4953 et
1015 4889 1151 4967 utrinqne
1183 4895 1285 4953 tensae
1317 4883 1489 4991 ιοιιιιιΙῐῐοιξ
