3792 5860
394 462 454 523 108
826 464 869 518 De
885 461 1044 533 ligneorum
1062 463 1289 522 Harmonicarum

475 638 532 697 Pro
554 638 643 699 latere
665 638 862 716 hendecageni
885 640 1163 703 circumferentem
1188 642 1357 724 descriptior
1381 649 1410 706 lu
1433 647 1540 709 circulo
1562 651 1601 710 ab
1625 649 1728 711 eodem

390 734 498 800 puncto
522 726 548 783 Α
578 726 698 785 ducatur
719 726 796 787 latus
818 730 960 804 tetragoni
984 730 1035 789 Ac
1057 728 1095 789 ad
1117 747 1204 791 unam
1226 742 1337 811 partem
1360 736 1613 811 circumferentiae,
1635 740 1728 815 trigo-

520 862 560 911 ,Ἲς
584 860 614 903 ¹3·
748 816 845 875 nicnm
878 816 934 875 tn
961 816 998 875 ad
1033 821 1222 893 contrariam,
1259 820 1470 898 hexagouicum
1507 822 1574 897 AB,
1607 825 1658 883 Al*
1689 826 1727 885 ad

562 893 566 901 ⁴
749 909 909 979 utramque,
937 910 966 964 et
981 903 1103 964 duomm
1117 905 1231 966 iilomm
1247 907 1491 985 heragouicomm
1509 910 1726 987 anquirensis

749 989 938 1049 subtendatur
969 991 1027 1050 ulio
1050 993 1191 1067 trigonico
1213 993 1303 1055 latere
1327 997 1390 1070 BF,
1415 997 1493 1073 quod
1514 998 1626 1058 secabit
1646 1001 1727 1075 prius

748 1079 920 1153 trigonicum
936 1077 992 1135 AD
1015 1080 1045 1137 in
1070 1077 1115 1155 ῦς
1139 1078 1260 1140 dueatur
1281 1085 1370 1142 etiarn
1391 1101 1410 1143 a
1430 1085 1487 1145 line
1509 1087 1680 1162 tetragonioi
1702 1087 1726 1146 C

749 1163 887 1225 diameter
910 1164 958 1224 GE
979 1182 1030 1242 per
1050 1165 1067 1224 Ι
1086 1174 1215 1226 centrum
1237 1175 1266 1228 et
1292 1189 1310 1229 a
1340 1171 1396 1249 iiue
1428 1172 1519 1231 altero
1546 1172 1678 1232 diametri
1700 1174 1726 1231 E

748 1269 800 1327 per
821 1254 977 1313 sectionem
1000 1254 1204 1329 trigonicorum
1233 1253 1261 1314 G
1288 1256 1410 1318 dueatur
1431 1266 1511 1320 recta
1534 1259 1596 1334 lie,
1623 1277 1726 1320 secans

748 1330 959 1415 tetragonicum
979 1339 1030 1399 lc
1052 1342 1082 1397 in
1104 1339 1149 1399 H:
1172 1341 1250 1402 linea
1272 1341 1330 1402 GH
1352 1348 1425 1405 inter
1446 1346 1500 1405 lias
1522 1347 1595 1407 dues
1617 1349 1726 1408 sectio-

747 1442 800 1485 nes
822 1426 927 1486 dicitur
948 1442 1011 1488 esse
1032 1425 1110 1488 latus
1124 1427 1326 1507 undeeauguli.
1362 1433 1415 1492 Est
1434 1451 1504 1494 reru
1518 1436 1605 1494 nimis
1626 1435 1725 1513 longa,

749 1514 798 1574 vel
818 1514 985 1574 mechanica
1008 1514 1137 1575 docente.
1182 1516 1222 1575 At
1251 1518 1342 1577 solers
1364 1529 1512 1595 geometra
1538 1524 1664 1599 spectem
1686 1523 1726 1582 li-

749 1618 823 1662 neae
845 1600 1020 1676 considerat,
1050 1619 1125 1678 quae
1155 1608 1319 1665 necessario
1342 1610 1535 1671 communicat
1556 1609 1666 1686 aliquid
1688 1628 1725 1670 ex

387 1694 527 1769 trigonico
550 1700 579 1753 et
601 1692 779 1769 tetragonieo
801 1688 954 1763 lateribus,
983 1692 1169 1765 quantumvis
1198 1700 1308 1753 remoto
1330 1694 1431 1771 gradu.
1478 1698 1568 1773 Atqui
1589 1714 1726 1758 numerus

390 1782 437 1852 ii,
460 1782 568 1855 primus
591 1783 735 1852 existere,
766 1776 847 1836 nullu
868 1774 955 1835 modo
977 1773 1016 1836 ad
1037 1775 1091 1835 has
1113 1777 1220 1854 figuras
1243 1779 1337 1853 ducit,
1366 1798 1430 1840 cunr
1453 1785 1492 1841 sit
1511 1786 1629 1861 primus,
1651 1784 1726 1843 nihil

387 1885 452 1926 cnm
476 1870 549 1927 3'et
571 1885 635 1927 cum
659 1870 679 1926 4
702 1881 852 1926 commune
874 1864 994 1924 habeus.
1039 1860 1163 1924 Secums
1185 1867 1274 1942 igitur
1295 1876 1339 1927 est
1352 1878 1509 1945 geometra,
1533 1871 1636 1930 ideam
1659 1889 1725 1933 esse

386 1953 607 2030 descriptionem
630 1962 659 2014 et
680 1959 777 2031 potest
797 1950 881 2012 iacile
903 1948 1091 2027 supersedere
1112 1951 1213 2012 labore
1236 1955 1431 2031 computandi.
1567 2034 1570 2047 Ι

470 2041 572 2101 Manet
593 2044 682 2119 igitur
702 2059 753 2118 per
775 2056 875 2100 omnes
897 2039 1090 2114 objectiones,
1119 2056 1170 2114 per
1197 2056 1297 2101 omues
1320 2045 1448 2103 omnium
1471 2045 1647 2105 lmstreueos
1669 2064 1723 2106 co-

386 2124 480 2202 natus',
503 2128 597 2189 latera
620 2131 775 2205 figurarum
797 2124 963 2203 hujusmodi
984 2131 1087 2201 suapte
1110 2133 1213 2186 natura
1235 2145 1299 2188 esse
1322 2132 1423 2205 ignota
1444 2138 1474 2191 et
1495 2132 1649 2193 inesibilia
1682 2135 1725 2198 Ut

386 2214 457 2273 nihil
480 2219 581 2275 mirum
605 2218 650 2291 sit,
674 2216 703 2275 id
726 2214 804 2292 quod
819 2216 848 2271 in
863 2213 1021 2290 archetypo
1034 2212 1133 2285 mundi
1157 2231 1215 2273 non
1237 2220 1334 2291 potuit
1355 2219 1493 2294 inveniri,
1518 2236 1612 2297 neque
1634 2224 1723 2285 miani

321 2338 325 2343 -
385 2319 552 2381 expressum
575 2321 639 2364 esse
662 2306 689 2360 in
713 2302 940 2363 conformatione
962 2300 1052 2377 ipsius
1074 2298 1174 2359 mundi
1196 2306 1331 2378 partium.

471 2459 581 2519 XLVI.
605 2459 828 2536 Propositio.
872 2457 969 2518 Sectio
992 2457 1091 2517 circuli
1119 2474 1203 2518 arcus
1226 2440 1424 2539 cujuscunque
1447 2464 1475 2521 in
1498 2466 1634 2543 aequalia
1656 2472 1722 2548 tria

386 2547 530 2622 quinque,
562 2556 672 2624 septem
694 2554 749 2607 etc.
774 2554 803 2606 et
824 2547 854 2604 in
876 2561 1048 2623 quecunque
1069 2547 1196 2620 ratione,
1227 2563 1303 2621 quae
1325 2565 1383 2608 nen
1409 2553 1448 2608 sit
1469 2553 1723 2620 antedemonstra-

385 2641 479 2693 tarum
501 2639 635 2695 continue
651 2633 751 2712 dupla,
774 2650 832 2693 non
855 2642 901 2694 est
922 2632 1173 2711 de'pnssibiiitate
1194 2638 1369 2710 geometrica
1390 2637 1451 2712 tali,
1473 2658 1549 2716 quae
1570 2651 1723 2715 amentiam

404 2729 510 2782 enaret

383 2737 405 2797 g
472 2804 562 2862 Se‘ctio
580 2820 658 2859 arcus
675 2805 703 2859 in
721 2804 774 2859 duo
792 2811 820 2859 et
837 2808 952 2873 quatuor
969 2811 997 2860 et
1014 2809 1075 2858 octo
1094 2811 1161 2871 etc,
1179 2798 1305 2857 continue
1324 2805 1427 2863 scilicet
1443 2808 1541 2886 dupla,
1560 2822 1725 2888 gemm

384 2899 449 2940 sane
467 2892 510 2939 est
527 2884 631 2953 luitque
650 2886 782 2942 hactenus
800 2883 929 2938 adhibite.
963 2884 996 2938 ln
1013 2882 1065 2937 tria
1082 2880 1213 2952 contingit
1230 2881 1316 2936 secari
1334 2890 1361 2938 et
1372 2891 1458 2942 totum
1470 2891 1599 2951 circulum
1614 2914 1663 2967 per
1673 2902 1723 2956 tri·

383 2981 495 3034 genum,
521 2972 549 3018 et
567 2964 772 3033 semicirculum,
789 2970 821 3017 ut
837 2963 865 3017 in
882 2962 1038 3032 hexagono,
1065 2967 1093 3017 et
1111 2968 1234 3045 quartam
1250 2968 1371 3031 partem,
1390 2973 1421 3019 ut
1437 2966 1467 3023 in
1483 2970 1669 3044 dodecaguuo,
1693 2987 1724 3035 et

383 3043 512 3114 quintam,
531 3051 562 3098 ut
579 3044 606 3098 in
624 3043 913 3113 peutelraedecsgouo,
931 3050 959 3097 st
975 3058 1067 3098 arcum
1088 3042 1135 3097 135
1147 3043 1167 3110 ⁰,
1187 3040 1263 3094 utin
1280 3052 1421 3115 octogono,
1440 3056 1468 3103 et
1485 3065 1577 3107 arcum
1596 3055 1671 3123 ipso,
1689 3066 1724 3113 u,

382 3116 410 3173 in
429 3120 575 3191 decagono.
610 3124 642 3177 ln
660 3125 778 3193 quinque
796 3137 858 3177 vero
877 3121 1008 3190 contingit
1025 3120 1110 3176 secari
1126 3108 1250 3174 imiliter
1267 3129 1295 3177 et
1306 3132 1392 3181 tutum
1411 3126 1548 3198 circulum,
1565 3147 1615 3200 per
1625 3141 1722 3202 penta·

383 3214 495 3270 gonum,
514 3207 542 3253 et
559 3201 767 3268 semicirculum,
786 3198 861 3254 utin
879 3200 1031 3268 decagono,
1055 3205 1082 3253 et
1099 3198 1206 3253 tertiam
1224 3201 1317 3257 circuli
1335 3211 1454 3274 partem,
1480 3212 1511 3262 nt
1527 3207 1555 3261 in
1572 3211 1723 3277 peutelrae·

384 3278 530 3344 decagono,
547 3286 575 3332 et
592 3294 683 3333 arcum
703 3280 777 3348 150⁰,
797 3278 872 3332 utin
890 3276 1036 3346 decagone.
1072 3276 1146 3329 Idem
1164 3292 1255 3332 rernm
1275 3288 1317 3336 est
1334 3281 1368 3336 de
1385 3282 1481 3339 hurum
1498 3282 1609 3341 arcuum
1627 3291 1722 3346 semis·

383 3358 457 3414 sinus
475 3356 722 3430 quadrantibusque
746 3366 772 3412 et
800 3355 896 3411 ceteris
914 3355 1237 3425 partibusproportionis
1263 3360 1389 3415 continue
1411 3362 1570 3433 subduplae.
1604 3366 1643 3421 At
1667 3368 1723 3425 lroc

382 3453 435 3490 nou
453 3435 485 3490 fit
502 3445 614 3506 propter
631 3437 792 3494 trisectlonis
810 3443 838 3491 et
856 3433 1057 3504 quinisectiunis
1065 3435 1209 3505 ingenium,
1229 3435 1276 3490 sed
1289 3452 1337 3505 per
1348 3439 1474 3495 accidens
1490 3448 1518 3496 et
1528 3450 1641 3511 propter
1652 3446 1723 3502 allas

382 3513 527 3583 figurarum
545 3518 737 3587 proprietates,
756 3516 904 3588 dequibus
922 3515 1061 3571 hactenns.

467 3594 504 3647 At
520 3595 699 3663 promiscuam
716 3596 898 3652 trisectionem
916 3601 964 3648 ant
981 3595 1126 3650 sectionem
1149 3595 1177 3649 in
1194 3594 1248 3649 alis
1264 3613 1425 3668 quecunque
1443 3601 1724 3676 rationerproposita,

382 3687 451 3741 quae
468 3688 523 3726 non
541 3675 576 3727 sit
593 3675 720 3729 continue
737 3675 829 3744 dupla,
845 3673 1036 3743 impossibilem
1054 3690 1122 3740 esse,
1139 3685 1216 3745 patet
1233 3696 1265 3735 er
1277 3680 1479 3750 comparatione
1490 3680 1646 3738 bisectionis
1656 3702 1722 3754 pos·

382 3750 474 3807 sibilis.
510 3752 541 3806 In
560 3767 592 3807 ea
608 3753 725 3809 medinm
742 3755 876 3810 marcum
894 3761 929 3819 et,
946 3768 1025 3821 quem
1037 3752 1082 3808 ille
1094 3765 1239 3826 mensuret,
1253 3760 1380 3829 angulum
1392 3757 1574 3830 biemandum,
1594 3768 1637 3815 est
1648 3761 1723 3819 linea

381 3837 463 3898 recte,
481 3832 612 3887 subtensa
629 3834 715 3903 arcui,
735 3850 803 3905 quae
820 3835 848 3888 in
866 3832 919 3887 duo
938 3830 1061 3902 aequalis
1078 3835 1163 3889 secari
1180 3844 1271 3906 potest
1287 3838 1465 3908 geometrice,
1491 3853 1552 3893 cum
1570 3840 1721 3909 aequalita-

381 3918 435 3965 tem
453 3910 549 3965 harum
565 3913 681 3980 partium
708 3921 836 3983 sequatur
862 3911 1009 3981 aequalitas
1034 3913 1150 3981 partium
1179 3932 1258 3973 arens
1276 3919 1459 3988 cujuscunque
1484 3917 1540 3971 sive
1558 3918 1634 3987 parri
1662 3920 1721 3977 sive

381 3988 469 4058 magni
485 3997 611 4058 respectu
629 3991 713 4047 totins
730 3992 837 4063 circuli;
855 4008 888 4048 ex
906 4007 960 4061 quo
978 3989 1053 4045 fonte
1071 3997 1098 4046 et
1116 3992 1168 4048 lroc
1186 4003 1241 4065 est,
1260 3996 1332 4067 quod
1351 3997 1378 4049 in
1391 3994 1528 4065 triangulo
1547 3996 1580 4050 ab
1598 3996 1721 4068 aequali·

381 4076 438 4123 tate
454 4069 568 4125 latemm
586 4068 649 4125 licet
666 4072 847 4141 argumentari
864 4071 898 4125 ad
914 4069 1101 4141 aequalitatem
1115 4072 1272 4141 angulorum
1285 4075 1477 4144 oppositorum.
1513 4073 1572 4128 Hoc
1589 4091 1652 4131 vero
1663 4094 1720 4133 me·

373 4144 453 4203 'dium
472 4165 522 4204 nos
538 4148 566 4203 in
585 4149 682 4205 ceteris
700 4150 863 4205 sectionibus
881 4149 987 4205 deserit.
1022 4147 1092 4202 Nam
1110 4151 1161 4204 etsi
1178 4160 1260 4220 recta,
1279 4152 1353 4207 arcui
1369 4151 1506 4219 subtensa,
1525 4152 1610 4207 ae'cari
1627 4162 1722 4224 potest

380 4229 408 4283 in
425 4237 518 4299 partes
537 4229 669 4298 quotlrtet
686 4228 767 4299 idque
785 4227 953 4300 geometrice,
973 4232 1002 4281 at
1018 4242 1073 4281 non
1090 4227 1151 4283 ideo
1169 4237 1197 4285 et
1214 4231 1414 4301 proportionem
1427 4229 1507 4284 ullam
1520 4230 1638 4298 partium
1655 4232 1721 4288 sub·

380 4317 474 4364 tensae
490 4312 564 4379 (post
581 4310 782 4379 proportionem
799 4307 982 4379 aequalitatis)
1001 4309 1123 4376 sequitur
1139 4310 1278 4377 propertio
1293 4309 1410 4378 partium
1428 4322 1524 4375 arcus3
1546 4309 1721 4375 quemadmo-

380 4387 443 4442 dum
461 4403 549 4458 neque
567 4390 595 4442 in
612 4387 747 4457 triangulo
764 4388 829 4444 licet
845 4402 862 4442 a
880 4387 1054 4457 proportione
1070 4386 1183 4442 laterum
1201 4403 1360 4458 quacunque
1378 4389 1494 4455 (praeter
1517 4403 1597 4443 unam
1618 4404 1720 4459 aequa·

379 4466 473 4533 litatis)
491 4467 671 4536 argumentari
695 4466 729 4527 ad
751 4466 864 4521 eandem
887 4463 1088 4535 proportionem
1112 4465 1299 4534 oppositorum
1316 4465 1483 4534 angulorum.
1518 4465 1588 4520 Nam
1615 4464 1719 4521 daub-

380 4556 457 4601 tensa
476 4562 554 4602 arcus
572 4547 645 4601 verbi
663 4562 746 4601 causa
763 4547 791 4600 in
806 4546 860 4600 tria
877 4541 1001 4613 aequalia
1022 4549 1144 4612 secetur,
1170 4543 1193 4598 si
1211 4559 1280 4614 quae
1303 4552 1409 4610 secant,
1435 4543 1672 4613 perpendiculares
1689 4546 1720 4600 in

380 4627 535 4682 subtensam
553 4624 667 4693 fuerint,
689 4625 778 4681 media
794 4639 858 4695 pars
877 4637 955 4678 arcus
973 4620 1025 4676 erit
1042 4621 1128 4687 minor
1145 4619 1314 4690 latershlrus3
1340 4621 1381 4674 sin
1398 4636 1433 4675 er
1451 4628 1543 4676 centro
1561 4637 1641 4677 arcus
1659 4622 1718 4678 iue-

380 4704 434 4759 riut
451 4718 576 4772 egressae
594 4703 735 4770 rectrices,
761 4702 849 4758 media
865 4717 927 4771 pars
946 4715 1024 4754 arcus
1043 4698 1094 4753 erit
1110 4699 1197 4767 major
1212 4699 1379 4754 lateralibus.
1414 4699 1502 4769 Igitur
1525 4700 1596 4757 inter
1614 4700 1717 4757 distan-

379 4784 444 4838 tiam
461 4781 593 4837 infinitam
610 4790 638 4837 et
656 4790 777 4838 centmm
795 4781 887 4837 circrdi
904 4787 1033 4849 puuctum
1050 4784 1106 4845 est,
1125 4793 1158 4833 ex
1176 4794 1229 4848 quo
1247 4778 1360 4833 eductae
1378 4776 1447 4833 duae
1464 4779 1591 4833 sectrices
1608 4788 1636 4835 et
1656 4781 1719 4837 sub·
1793 4822 1797 4837 .

380 4870 484 4918 tensam
502 4868 529 4916 et
546 4875 638 4914 arcum
655 4860 715 4929 ejus
732 4861 760 4915 in
778 4861 831 4916 tris
848 4857 972 4928 aequalia
988 4862 1119 4912 secarent
1153 4856 1186 4912 id
1197 4871 1260 4911 vero
1276 4864 1407 4927 punctum
1420 4872 1526 4928 semper
1537 4866 1613 4914 tauto
1630 4875 1718 4917 remo·

379 4940 433 4996 tius
449 4946 492 4997 est
509 4938 543 4994 ab
561 4953 625 4995 arcu
642 4937 742 5008 circuli,
760 4945 860 5009 quanto
877 4937 964 4991 minor
981 4950 1059 4990 arcus
1077 4935 1170 4990 eireidi
1186 4936 1354 4992 trisecaudus
1367 4943 1416 5005 est,
1434 4937 1609 5033 proportione
1626 4943 1718 4994 mnan
