3882 5862
382 390 446 450 388
897 380 1048 438 Ptolomaei
1060 382 1217 438 Harmonia

381 561 490 630 periore
506 559 544 627 D,
562 558 599 625 Ε,
618 555 654 625 F,
674 555 699 611 θ
716 563 745 609 ει
762 557 789 625 d
807 573 830 625 a,
847 559 869 626 f,
885 575 905 627 p
920 556 955 612 ab
971 556 1145 612 inferioribus
1165 560 1194 625 Γ,
1212 558 1249 625 A,
1267 559 1303 627 B,
1324 559 1391 614 Oet
1403 558 1436 628 0,
1453 576 1481 627 a,
1500 561 1526 628 b,
1543 576 1559 615 c
1576 559 1738 629 sejungunt:

382 638 477 694 eadem
503 645 594 692 mmen
619 635 751 705 diapason
776 634 921 690 intervalla
937 644 1054 705 possunt
1072 637 1153 690 etiam
1182 638 1221 691 sic
1240 639 1424 707 considerari,
1452 648 1483 693 ut
1500 640 1555 694 sint
1572 641 1638 696 bina
1654 648 1740 694 tetra·

380 718 484 774 chorda
499 712 528 771 in
545 716 579 770 iis
597 714 756 782 coniuncta,
775 713 879 769 Graeoe
896 730 1083 785 synemmena,
1110 716 1132 768 si
1151 715 1275 770 nimirum
1294 726 1358 771 tono
1377 718 1510 787 cnjusqne
1528 719 1621 773 infimo
1639 735 1740 772 munus

379 796 437 851 toni
455 792 612 864 disjunctivi
629 792 864 853 mansacmbamus.
889 794 927 849 Ut
945 793 970 848 si
988 796 1018 863 Γ,
1036 796 1065 848 A
1083 794 1119 849 sit
1136 802 1217 849 torvus
1236 795 1433 866 disjunctionis,
1452 806 1534 853 erum
1550 798 1587 865 A,
1605 797 1641 865 B,
1662 798 1691 865 0,
1709 798 1741 852 D

380 884 409 932 et
425 875 463 944 D,
481 875 518 944 D,
536 874 572 943 F,
593 872 690 943 Gdnp
707 872 883 927 tetrachorda
905 874 1051 941 conjuncta
1070 879 1098 926 et
1115 873 1145 927 D
1164 874 1215 927 crit
1233 874 1336 929 chorda
1360 892 1408 931 εειι
1426 890 1511 930 sonna
1530 875 1738 944 conjunctionis,

379 966 446 1012 tnnc
463 961 593 1023 sequetur
612 952 645 1021 G,
664 951 771 1017 ualter
782 960 864 1007 tonus
877 951 1064 1021 disjunctivus,
1085 958 1112 1005 ct
1130 969 1155 1020 a,
1175 955 1200 1021 b,
1219 970 1241 1020 c,
1260 954 1318 1007 det
1335 954 1362 1021 d,
1382 972 1403 1022 e,
1420 956 1442 1023 f,
1458 973 1478 1025 p
1495 955 1550 1010 dno
1562 954 1739 1009 tetrachorda

378 1035 525 1104 conjuncta
540 1033 569 1087 in
586 1033 719 1101 diapason
738 1033 880 1101 superiori,
899 1038 926 1086 et
944 1032 963 1086 d
980 1031 1066 1085 altera
1084 1031 1245 1085 chordarum
1265 1046 1314 1085 sen
1332 1048 1415 1088 sonus
1433 1033 1640 1101 conjunctionis.
1674 1033 1738 1096 (Re-

344 1169 350 1191 ,
378 1114 453 1184 liqna
469 1129 504 1169 ex
521 1112 671 1182 praemisso
695 1113 834 1168 schemate
853 1120 932 1167 erunt
949 1112 1042 1175 clara.)
1077 1111 1160 1165 Vides
1178 1112 1223 1166 hic
1241 1113 1331 1166 redire
1348 1111 1420 1166 idem
1436 1110 1644 1179 incommodum,
1664 1110 1739 1179 quod

378 1193 460 1247 edem
478 1206 563 1263 snpra
580 1191 707 1260 capite&
726 1189 888 1245 disturbavit
906 1190 1143 1259 comparationem,
1163 1206 1200 1245 sc.
1215 1192 1239 1243 Γ
1255 1199 1283 1244 ει
1298 1209 1325 1261 q,
1344 1189 1398 1247 dau
1416 1190 1477 1244 soni
1494 1189 1737 1258 perdisdiepason

378 1272 527 1338 mantes,
555 1270 658 1324 cadunt
683 1270 711 1325 in
737 1270 808 1325 idem
836 1278 967 1338 punctum
993 1269 1088 1324 circuli
1115 1268 1326 1337 apparitionum.
1363 1268 1460 1338 ltaque
1487 1267 1531 1322 vel
1553 1284 1588 1322 ειι
1606 1268 1660 1323 hoc
1677 1267 1737 1323 solo

379 1356 507 1420 apparet,
526 1357 649 1403 coactam
667 1363 728 1402 esse
746 1346 984 1416 comparationem.
1010 1390 1015 1403 .
1149 1412 1154 1427 1

463 1435 538 1491 Nota
554 1435 588 1490 V.
624 1436 686 1490 Vox
706 1449 845 1489 ‹rursum›
865 1433 962 1489 alludit
979 1434 1013 1489 ad
1032 1450 1091 1503 cap.
1114 1434 1154 1501 to,
1173 1434 1337 1502 quinetiam
1355 1433 1392 1486 ibi
1411 1441 1489 1487 ortus
1508 1446 1572 1495 (uon
1590 1443 1622 1490 ut
1639 1435 1684 1489 hio
1701 1450 1737 1488 ex

377 1514 460 1571 radiis
478 1514 558 1583 Solle,
575 1514 623 1569 sed
641 1529 676 1569 ex
694 1511 833 1567 horizonte
852 1513 998 1579 mundano)
1017 1512 1227 1582 comparabatur
1244 1528 1315 1566 sono
1333 1513 1388 1566 imo
1406 1521 1434 1566 et
1451 1512 1620 1580 gravissimo.

465 1606 537 1661 Nota
554 1605 601 1660 VI.
635 1605 691 1659 Pro
708 1603 789 1658 trium
815 1604 988 1671 superiorum
1014 1610 1042 1657 et
1061 1603 1155 1657 Lunae
1175 1602 1402 1658 occultationibna
1421 1599 1535 1672 singulis
1554 1608 1620 1657 snat
1637 1601 1738 1656 Veneri

379 1693 407 1741 et
423 1684 559 1740 Mercurio
577 1684 666 1750 binae,
686 1699 757 1751 quae
775 1681 830 1736 sitn
847 1681 1018 1751 planetarum
1036 1682 1065 1736 in
1082 1697 1187 1737 summa
1197 1683 1239 1736 vel
1258 1683 1313 1736 ima
1330 1680 1427 1751 apside
1438 1681 1644 1751 distinguuntur
1661 1680 1736 1734 inde·

379 1780 432 1833 que
451 1763 667 1818 denominantur.
702 1761 810 1815 Dicitur
837 1776 902 1830 ergo
930 1762 1050 1816 secunda
1068 1761 1213 1818 occultatio
1240 1761 1344 1831 primae
1373 1760 1530 1831 ‹opposita›
1550 1776 1605 1815 non
1631 1768 1737 1815 tantum

376 1850 488 1911 propter
506 1841 588 1896 situm
605 1840 679 1896 hunc
696 1840 792 1895 sideris
810 1839 837 1895 in
866 1840 993 1910 opposita
1011 1839 1104 1896 circuli
1122 1848 1214 1909 parte,
1242 1839 1291 1895 sed
1308 1838 1395 1894 mvrlto
1413 1839 1499 1908 magis
1517 1848 1630 1909 propter
1647 1840 1735 1908 ipsam

377 1921 560 1976 conditionem
579 1919 778 1975 occultationis.
814 1920 883 1975 Nam
902 1922 930 1975 in
948 1922 1037 1991 prima
1055 1920 1227 1976 occultantur
1253 1920 1390 1981 matutini,
1418 1924 1561 1986 emergunt
1578 1916 1734 1985 vespertini,

377 2008 408 2054 nt
424 1998 514 2070 Lnna;
532 2001 561 2055 in
574 1999 694 2057 soconda
706 2012 769 2055 vero
788 1999 961 2056 occultantur
972 1999 1127 2069 vespertini,
1145 2006 1287 2067 emergunt
1299 1998 1434 2067 matutini,
1453 2003 1484 2052 nt
1496 2005 1552 2051 tres
1570 1994 1734 2064 superiores.

441 2166 445 2171 Ι
463 2097 537 2152 Nota
554 2097 614 2152 VII.
651 2095 854 2151 Dubitationem
878 2096 977 2162 habet,
1003 2112 1059 2164 qua
1084 2110 1115 2149 re
1144 2096 1272 2150 metiatur
1293 2091 1463 2147 latitudinem
1487 2093 1556 2146 situs
1574 2091 1731 2161 aaronychi:

377 2192 440 2232 nam
458 2176 566 2231 videtur
582 2175 693 2246 planeta
710 2192 764 2231 una
782 2182 810 2230 et
828 2173 922 2228 eadem
942 2172 985 2227 die
1003 2172 1038 2238 (ai
1057 2173 1203 2227 latitudine
1220 2176 1303 2238 caret)
1331 2180 1359 2227 et
1376 2173 1441 2227 oriri
1457 2173 1485 2226 in
1504 2187 1558 2227 uno
1577 2170 1666 2227 noetis
1684 2185 1730 2222 ex·

375 2264 472 2325 memo,
490 2271 528 2309 sc.
548 2254 576 2308 in
595 2254 655 2322 ejus
672 2252 814 2322 principio,
832 2260 860 2304 et
879 2251 1003 2306 occidere
1021 2251 1048 2305 iu
1068 2251 1188 2319 eiusdem
1207 2252 1262 2306 fine
1281 2266 1329 2306 seu
1349 2259 1470 2307 extremo
1489 2251 1587 2306 altero.
1614 2251 1652 2304 At
1669 2248 1732 2303 Pto·

375 2332 497 2389 lemaeus
515 2331 687 2387 intervallum
705 2331 977 2407 ponitavespertino
996 2340 1057 2384 ortu
1075 2347 1162 2400 usque
1180 2331 1214 2385 ad
1232 2330 1394 2385 matutinum
1408 2330 1569 2386 occubitum.
1589 2329 1731 2397 Quomodo

376 2420 466 2468 autem
484 2411 581 2469 horum
599 2408 710 2478 aliquod
728 2417 771 2463 est
794 2408 988 2467 intervallum?
1024 2411 1156 2465 Nimirum
1183 2410 1291 2477 vesperi
1317 2417 1383 2463 tnnc
1409 2410 1561 2464 censendus
1589 2415 1632 2461 est
1658 2407 1731 2473 oriri,

376 2508 437 2547 cnm
456 2489 503 2545 Sol
521 2496 627 2544 tantum
642 2489 700 2557 jam
719 2488 859 2542 demersus
878 2496 929 2557 εει,
948 2496 980 2544 ut
997 2491 1088 2543 oriens
1106 2487 1218 2558 planeta
1236 2488 1327 2543 statim
1346 2488 1375 2543 in
1392 2489 1453 2557 ipso
1465 2497 1528 2544 ortu
1545 2488 1620 2543 cerni
1634 2488 1731 2556 possit,

376 2569 450 2640 quod
468 2568 580 2623 stante
598 2575 753 2634 accuratam
771 2566 987 2636 oppositionem,
1015 2567 1127 2636 planeta
1145 2576 1221 2621 motu
1247 2568 1405 2634 retrogrado
1423 2567 1513 2623 εάιιιιο
1531 2568 1605 2622 ultra
1622 2567 1731 2636 opposi-

375 2651 478 2705 tionem
494 2648 523 2701 in
541 2646 770 2716 consequentibus
788 2653 923 2702 versante.
960 2647 1086 2703 Vicissim
1104 2655 1170 2701 tenc
1187 2662 1266 2700 mane
1285 2645 1438 2701 censendus
1457 2653 1500 2700 est
1517 2646 1649 2714 occidere,
1668 2662 1729 2700 cnm

376 2727 423 2783 Sol
441 2726 531 2782 adhuc
547 2732 626 2782 tanto
645 2727 734 2795 spatio
753 2726 803 2781 sub
822 2726 990 2781 horizontem
1008 2726 1148 2780 demersus
1168 2732 1226 2790 est,
1254 2733 1285 2779 nt
1302 2724 1414 2793 planeta
1430 2725 1459 2779 in
1476 2724 1613 2794 ipsissimo
1632 2742 1731 2781 occasu

375 2807 540 2863 constitutus
558 2806 632 2860 cerni
650 2804 749 2874 possit,
776 2804 849 2873 quod
867 2805 899 2859 lit
916 2812 980 2874 post
996 2810 1151 2859 accnmtem
1169 2802 1386 2873 oppositionem,
1415 2803 1533 2873 planetis
1552 2813 1627 2860 motu
1645 2812 1730 2859 retro·

374 2884 458 2955 grado
481 2884 540 2953 jam
557 2891 622 2939 ante
640 2883 712 2939 Solis
732 2882 887 2954 oppositum
905 2884 1019 2941 delatis..
1049 2884 1133 2938 Notet
1151 2898 1214 2937 vero
1241 2880 1330 2936 locum
1354 2882 1426 2938 hunc
1444 2899 1478 2937 ex
1497 2883 1653 2939 Ptolemaeo
1672 2892 1730 2937 stu·

375 2963 470 3019 diosus
495 2962 677 3020 astronomiae
703 2963 881 3033 conteratque
908 2980 969 3019 cum
996 2965 1045 3030 iis,
1071 2978 1142 3033 quae
1167 2962 1196 3016 in
1213 2961 1355 3031 Epitomes
1375 2963 1564 3018 Asuonomiae
1591 2963 1660 3018 libro
1679 2961 1728 3016 111.

361 3051 470 3100 ¹contra
487 3043 624 3111 ordgarum
642 3057 721 3103 nsum
738 3036 814 3099 vocis‘
830 3044 997 3115 aoronychos
1016 3042 1165 3112 disputavi:
1183 3041 1293 3105 videbit,
1312 3042 1346 3097 ad
1362 3049 1480 3097 mentem
1499 3041 1650 3096 Ptolemaei
1667 3055 1730 3096 esse

375 3123 473 3177 omnia.
509 3123 650 3179 Potuisset
667 3123 749 3178 etiam
766 3123 819 3177 hoo
837 3124 971 3193 spatium,
989 3123 1063 3193 quod
1080 3129 1146 3175 tono
1164 3120 1328 3189 disjunodvo
1346 3121 1479 3191 vindicat,
1497 3121 1586 3175 metiri
1604 3137 1670 3175 arcu
1686 3136 1730 3174 re·

373 3202 597 3271 magradationis,
625 3203 676 3258 nisi
694 3184 739 3257 hic
757 3202 870 3258 disemis
897 3201 1017 3271 planetis
1034 3199 1157 3254 diversus
1184 3208 1258 3254 esset
1285 3209 1313 3253 et
1330 3199 1383 3254 nisi
1400 3201 1493 3256 Venus
1511 3202 1728 3270 Mercuriusque,

375 3290 565 3352 praeterquam
584 3281 657 3352 qnod
677 3289 741 3338 sunt
758 3282 918 3352 retrogradi,
937 3280 990 3335 hoc
1008 3279 1125 3350 spatium
1145 3279 1226 3333 etism
1245 3279 1428 3335 occultatione
1445 3281 1594 3348 signarent.
1634 3306 1640 3319 s

462 3371 535 3426 Nota
552 3371 625 3426 VIII.
650 3371 768 3427 Pulchre
785 3371 830 3426 hic
848 3378 959 3440 argutus
977 3376 1028 3437 est,
1048 3366 1129 3437 qnod,
1148 3383 1209 3422 cnm
1221 3368 1315 3422 Venus
1333 3373 1361 3421 et
1372 3366 1525 3423 Mercurius
1542 3366 1621 3421 binas
1639 3364 1728 3422 occul-

332 3440 337 3459 ‘
373 3450 492 3505 tationes
509 3450 643 3517 habeant,
661 3450 758 3520 reliqui
775 3456 880 3506 tantum
899 3447 1034 3519 singulas,
1054 3447 1167 3503 alterius
1186 3446 1244 3503 vioe
1264 3447 1293 3501 in
1310 3447 1436 3509 Saturno,
1453 3447 1530 3515 Jove,
1550 3448 1639 3501 Marte
1657 3444 1727 3502 situs

373 3529 551 3598 aeronyehios
568 3529 659 3597 ponit,
685 3528 714 3583 in
741 3529 820 3583 Luna
845 3522 1036 3598 pleniluninm3
1063 3525 1187 3580 tribuens
1214 3524 1302 3580 ethis
1325 3525 1540 3594 apparitionibus
1558 3526 1639 3579 unius
1657 3524 1728 3592 signi

372 3606 558 3676 latitudinem,
577 3623 626 3675 per
644 3623 725 3676 quem
743 3606 900 3662 indifferens
918 3616 1009 3661 manet
1027 3605 1171 3675 apparitio,
1190 3620 1240 3660 uec
1258 3605 1390 3658 intactum
1407 3619 1458 3658 neo
1476 3603 1544 3659 ulau
1562 3602 1726 3672 relinquens,

373 3686 445 3755 qnod
457 3685 545 3755 Luna,
563 3691 693 3754 quantum
706 3686 829 3755 acquirat
840 3686 948 3741 luminis
965 3685 994 3739 in
1012 3684 1141 3740 distantia
1158 3683 1238 3738 unius
1258 3683 1327 3750 signi
1345 3697 1363 3734 a
1380 3681 1452 3751 Sole,
1471 3688 1578 3737 mutum
1596 3680 1728 3752 deperdat

370 3765 399 3818 in
417 3764 547 3821 distantia
563 3766 644 3821 nnius
662 3766 731 3835 signi
751 3781 767 3820 a
786 3765 857 3820 Solis
881 3765 1021 3834 opposito:
1050 3763 1125 3833 quod
1149 3770 1290 3831 comparat
1317 3777 1378 3815 oum
1404 3760 1616 3833 identisopantis
1641 3761 1728 3830 ipsius

372 3841 511 3912 diapason
530 3844 606 3900 utin
625 3860 680 3913 qua
697 3852 740 3899 est
757 3845 838 3901 etiam
855 3844 884 3898 in
902 3844 1035 3912 oppositis
1053 3843 1166 3897 vocibus
1185 3841 1320 3911 quaedam
1337 3842 1435 3897 unitas.

459 3938 532 3993 Nota
549 3939 595 3993 IX.
632 3937 811 3994 confitentem
829 3941 969 3998 babemus.
979 3939 1178 4005 Ptolemaeum,
1205 3951 1237 3992 se
1254 3937 1470 4006 comparationes
1489 3934 1598 3990 tradere
1615 3936 1725 3990 minime

372 4024 527 4087 aeonmas,
556 4033 618 4073 cnm
636 4025 730 4073 utatur
755 4035 821 4075 voce
842 4037 938 4090 «quam
957 4019 1105 4089 proxime».
1141 4018 1179 4072 Et
1205 4030 1250 4070 res
1268 4016 1328 4084 ipsa
1345 4015 1478 4085 loquitur,
1506 4031 1567 4070 enm
1586 4016 1641 4071 siut
1657 4016 1726 4071 haec

372 4098 583 4155 occultationnm
600 4096 744 4153 intervalla
771 4099 799 4153 in
816 4098 929 4155 diversis
955 4098 1073 4168 planetis
1092 4094 1288 4163 diverdssima,
1314 4095 1342 4148 in
1360 4094 1465 4159 Venere
1490 4092 1628 4149 interdum
1645 4093 1726 4165 plane

371 4177 462 4246 nulla,
481 4174 581 4232 sithoc
600 4193 671 4232 anno
693 4179 768 4234 1619.
787 4177 950 4243 Februario,
978 4192 1039 4231 oum
1056 4175 1132 4244 prius
1151 4181 1194 4229 est
1212 4180 1273 4229 orta
1290 4188 1383 4242 mane,
1412 4189 1493 4241 qnam
1511 4172 1647 4228 occideret
1665 4189 1725 4229 ves·

373 4257 447 4325 peri3
475 4255 558 4323 igitur
585 4255 766 4310 occultatione
793 4256 887 4312 carnit.
924 4254 1027 4325 Quodsi
1051 4270 1127 4310 meae
1145 4252 1364 4322 comparationes
1380 4268 1465 4321 aeque
1484 4251 1653 4321 negligentes
1671 4253 1726 4309 sint

370 4350 556 4390 mensurarum
570 4336 738 4405 quantitatis,
757 4351 811 4390 nou
823 4350 917 4403 renuo,
936 4333 1000 4403 quin
1019 4332 1112 4388 eodem
1126 4332 1187 4387 loco
1204 4328 1365 4397 habeantur,
1385 4349 1439 4401 quo
1452 4331 1633 4387 Ptolemaicae
1645 4331 1724 4389 istas.

458 4430 582 4497 Notaii.
618 4429 840 4488 subaudiendum
865 4430 911 4485 hic
937 4435 991 4483 est:
1019 4427 1247 4497 quemadmodum
1272 4428 1362 4483 tonica
1389 4425 1532 4504 intervalla
1557 4427 1724 4497 respondent

371 4509 547 4565 duodecimae
564 4512 637 4579 parti
654 4508 749 4565 circuli
768 4517 796 4565 et
812 4517 878 4565 sunt
895 4506 1055 4565 duodecima
1072 4522 1137 4575 pars
1154 4507 1288 4563 intervalli
1316 4507 1431 4578 perfecti
1451 4507 1605 4578 systematis
1624 4505 1724 4562 disdia-

369 4604 470 4659 pason3
489 4588 517 4644 id
534 4589 606 4643 enim
623 4588 799 4645 tradiditille
816 4587 905 4657 eapite
923 4589 949 4644 9.
968 4595 996 4641 ει
1013 4602 1063 4642 nos
1082 4587 1119 4641 ibi
1137 4587 1358 4657 examinavimus,
1378 4594 1496 4655 ostenso,
1514 4585 1587 4654 quod
1609 4601 1722 4655 propor-

370 4668 470 4723 u'onem
489 4665 600 4737 duplam
618 4666 703 4736 ipsius
722 4666 852 4737 diapason
872 4683 924 4720 non
943 4666 1048 4737 possint
1072 4675 1168 4721 exacte
1187 4667 1352 4723 constituero
1370 4666 1576 4735 sesquioctavae
1593 4666 1723 4733 integrae.

456 4762 529 4818 Nota
546 4762 594 4817 XI.
631 4761 726 4831 capite
746 4763 771 4819 9.
789 4770 942 4832 tetragono,
960 4768 991 4816 ut
1008 4761 1141 4831 aspectui,
1161 4763 1214 4818 tria
1230 4763 1338 4832 integra
1350 4762 1660 4831 siqnaaooensebantua
1678 4759 1724 4816 hic

370 4841 465 4910 eidem,
483 4850 514 4897 ut
531 4840 618 4914 phari,
637 4840 750 4898 semisse
768 4842 867 4915 mnus,
885 4841 912 4897 id
931 4857 994 4899 vero
1013 4838 1140 4898 affectate
1158 4841 1193 4898 ob
1212 4841 1390 4911 diatessaron,
1407 4842 1436 4898 in
1454 4858 1508 4911 qno
1526 4847 1609 4898 tonus
1626 4838 1722 4913 major,
