3872 5846
430 378 438 407 s
534 416 538 423 ,
626 356 1114 430 -11bsr111.1ttgrssstopoiitiea
1322 366 1358 397 ’ἵ
1504 367 1569 428 aba

215 533 493 615 ,ffugi-anm
513 526 687 611 diffundens,
711 538 730 597 Β
752 537 924 612 ιιιιιῑιιιιι,
948 539 967 596 4
991 535 1229 616 concupiscibilis
1250 535 1422 613 ιιιιιΙιιιιι,
1442 554 1568 616 tium
1605 498 1610 512 ’

217 625 305 685 etiam
327 622 464 683 aedesio
489 624 623 698 cerebro,
656 625 685 682 in
709 632 840 702 pectore,
874 626 901 683 in
925 632 1026 685 ventre
1055 625 1143 685 Plato
1166 624 1343 683 harmonicis
1363 627 1455 685 etiam
1476 629 1569 687 intem

214 709 306 770 edla.
323 709 485 771 disloeuas
508 709 697 771 imitat
714 727 872 786 carumque
894 712 1006 787 pnmao
1033 714 1202 789 imperimn,
1236 711 1383 772 secundae
1405 714 1567 791 confilium,

215 799 321 858 tertiae
342 797 477 858 militaris
498 797 588 867 ardo,
610 794 736 874 quartae
754 798 839 875 piam
861 798 1059 858 assimilantur
1083 800 1207 875 ejusque
1228 796 1386 875 plurimum
1407 800 1567 877 photidam·

217 883 295 945 Hine
316 893 446 963 quatu«
465 902 591 961 rarump.
613 883 783 960 columae,
811 885 944 962 jutitia,
972 885 1143 963 prudentia,
1175 884 1332 961 tortitudo,
1364 891 1567 964 temperantia,

193 963 286 1032 'rora
306 972 445 1032 mrdlnon
462 972 542 1046 dicti,
565 973 672 1049 cuique
693 971 788 1033 ordini
810 990 866 1033 sua
886 976 1070 1049 potissimum
1086 971 1298 1043 emmeandata
1343 974 1487 1051 Adeoque
1501 993 1568 1035 mn*

216 1062 296 1119 stom
317 1069 365 1120 ast
385 1058 481 1120 iactus
503 1058 645 1133 neuma,
668 1058 789 1120 dimissa
809 1063 1024 1136 geometriam
1046 1058 1238 1134 namnetica,
1261 1068 1293 1119 ut
1315 1076 1353 1121 aa
1369 1060 1568 1123 oramentis·

214 1162 280 1206 rum
301 1147 420 1224 dnldom
439 1148 528 1208 uerit
551 1147 676 1222 oblitum
701 1147 785 1222 cnjus
805 1149 848 1208 rai
869 1148 925 1209 suli
948 1148 1074 1225 imagine
1096 1148 1211 1217 suadet,
1233 1146 1376 1207 interdum
1399 1150 1488 1209 etism
1510 1153 1567 1210 im·

124 1262 128 1271 ,
213 1235 320 1299 monto
349 1234 440 1294 aliosi
466 1237 667 1313 magistratus,
704 1234 832 1294 honmca
860 1244 1016 1311 ιιιιιιιιιι
1046 1238 1196 1296 autunum·
1217 1237 1349 1311 praemis
1376 1253 1436 1295 non
1449 1260 1453 1267 ·
1467 1239 1566 1314 iniquo

216 1322 315 1381 urimo
336 1323 520 1399 permittere,
551 1323 624 1398 qnia
645 1332 679 1381 ut
698 1336 735 1382 ex
759 1323 943 1398 oppositione
975 1323 1061 1384 unius
1089 1322 1287 1383 dinonmtiaa
1314 1332 1475 1384 conaentus
1494 1324 1567 1385 reiis

214 1424 294 1485 qrnrs
314 1416 399 1469 muto
419 1408 525 1469 malins
548 1408 728 1486 dignoscitur
750 1415 890 1485 ustoque
912 1408 1029 1471 auidius
1051 1409 1193 1484 hauritur,
1216 1409 1260 1470 sic
1280 1412 1446 1487 quicunqne·
1468 1411 1566 1472 ioanni

218 1495 383 1565 huiusmodi
407 1496 625 1556 commodomm
647 1498 717 1572 reip.
750 1498 898 1555 intuentur
920 1505 1174 1573 extenuaturque,
1201 1499 1331 1556 anivani
1355 1500 1375 1557 ii
1398 1500 1472 1581 ahia
1492 1516 1566 1571 aaa»

218 1581 325 1642 similia
345 1583 456 1663 lugere,
480 1586 600 1644 virtutes
623 1585 728 1643 soctan
750 1585 844 1660 magis
866 1591 953 1659 atque
976 1586 1070 1662 magis
1093 1590 1294 1644 consuescant

305 1669 425 1730 XXIV.
449 1670 581 1730 Tandem
597 1669 728 1730 Bodinus
750 1687 871 1747 regnum
895 1689 913 1728 a
935 1688 966 1730 sc
989 1673 1184 1749 conscriptum
1205 1669 1315 1730 mundo
1330 1673 1386 1749 ipsi
1409 1681 1567 1750 comparat,

220 1756 392 1831 asmodeus,
423 1757 571 1833 quomodo
595 1758 676 1817 Dens
698 1763 827 1835 creator,
852 1756 963 1835 junctis·
990 1758 1157 1837 aequalium
1189 1764 1219 1818 et
1240 1756 1378 1817 similium
1406 1760 1569 1820 rationibus

220 1847 251 1902 in
274 1862 363 1903 unum
387 1854 558 1905 concentum
581 1845 796 1915 harmonicum,
824 1861 897 1921 opus
920 1840 992 1903 illud
1014 1862 1100 1905 sunm
1124 1847 1317 1905 exomaren't.
1361 1845 1396 1904 lu
1419 1849 1568 1925 proposito

220 1930 263 1990 illi
289 1934 432 1992 ementior
459 1941 492 1991 ut
521 1932 571 2009 qni
600 1934 741 2006 maxime3
769 1948 904 2008 quaeque
932 1933 996 2009 ipse
1026 1941 1079 1991 ant
1105 1931 1313 2009 praecedentes
1334 1932 1503 2011 philosophi
1532 1951 1568 1996 no

220 2019 379 2095 attigerunt
401 2020 535 2095 quidem,
565 2018 602 2080 de
624 2020 793 2079 harmonica
815 2021 1081 2095 contemperatione
1103 2020 1323 2079 accuratissima
1351 2030 1482 2080 motuum
1505 2038 1569 2082 cer·

222 2112 339 2180 torum,
365 2124 401 2167 ea
424 2105 506 2166 libris
529 2107 718 2184 sequentibus
745 2122 799 2183 ego
822 2106 945 2183 suppleo
968 2105 1323 2182 demonstrationibusque
1349 2106 1516 2168 clarissimis
1538 2111 1568 2167 in

222 2193 317 2253 ineam
338 2194 463 2270 protero.
507 2193 574 2253 Non
597 2194 698 2254 desino
721 2203 828 2267 tamen,
852 2211 888 2253 ne
911 2195 939 2252 in
963 2193 1043 2255 calce
1065 2193 1192 2270 quidem,
1220 2192 1339 2269 obloqui
1364 2193 1479 2254 Bodino
1501 2195 1569 2255 bal·

221 2278 377 2356 luciuant13
406 2297 464 2340 uon
487 2283 615 2342 existunt
643 2283 719 2341 enim
743 2297 829 2341 verae
851 2280 1023 2342 harmoniae
1053 2299 1089 2342 ex
1111 2283 1210 2341 mixtis
1237 2280 1405 2357 aequalium
1434 2291 1464 2343 et
1485 2285 1568 2342 dmin

223 2367 293 2426 lium
315 2367 494 2441 rationibus,
525 2378 557 2427 ιιι
579 2370 707 2445 saepius.
720 2368 837 2428 dictum
884 2368 961 2444 Ergo
983 2368 1132 2442 Bodinus,
1165 2369 1332 2428 hannoniae
1354 2372 1382 2427 in
1406 2370 1514 2429 mundo
1535 2387 1567 2433 ca

223 2452 419 2515 demonstrare
441 2464 563 2533 putans,
587 2454 759 2515 medietates
782 2456 880 2531 potius
904 2457 1095 2532 geometricas
1119 2456 1297 2516 demonstrat
1324 2463 1354 2516 et
1375 2457 1568 2533 aequalitates

223 2549 252 2601 et
273 2541 487 2602 similitudines.
535 2537 568 2625 l)
592 2541 785 2602 Harmonicss
807 2541 924 2618 quidem
947 2545 977 2602 in
991 2542 1181 2603 facultatibus
1196 2546 1326 2617 animae;
1349 2550 1380 2601 at
1398 2543 1465 2603 illas
1487 2561 1568 2623 sym-

142 2632 146 2643 ’
223 2629 336 2689 bolicas
358 2637 486 2704 autum,
508 2629 590 2689 nulia
613 2628 891 2689 demonstrationum
914 2629 1061 2690 evidentia
1086 2632 1113 2688 in
1135 2630 1259 2690 solidam
1281 2628 1410 2706 aliquam
1433 2630 1567 2709 olflgiem,

223 2722 256 2775 nt
276 2716 483 2777 mathematica
505 2725 618 2790 amant,
641 2733 807 2795 expressas,
837 2719 946 2794 quippe
970 2734 1036 2777 cum
1054 2715 1182 2794 intelligi
1204 2735 1262 2777 non
1284 2719 1396 2794 possit,
1420 2718 1567 2793 quomodo

223 2804 312 2863 insint
334 2805 364 2861 in
386 2806 483 2863 anima
504 2806 691 2880 quantitates,
714 2805 876 2883 proximum
899 2812 929 2865 ct
953 2802 1149 2865 immediatum
1165 2805 1379 2865 harmoniarum
1394 2804 1567 2880 subjectum.

223 2892 267 2965 (ln
286 2894 380 2962 quavis
393 2910 432 2950 se.
445 2895 503 2965 ejus
515 2894 646 2951 laenitate
658 2909 785 2959 numerus
800 2893 847 2948 ille
859 2894 926 2964 ipse,
943 2910 1026 2964 quem
1038 2894 1063 2950 ei
1075 2894 1198 2949 Bodinns
1210 2895 1354 2963 assignat.)
1393 2891 1423 2970 2)
1447 2892 1568 2969 Aequa·

222 2977 335 3038 litatem
364 2982 439 3040 inter
467 2977 566 3039 muudi
598 2995 702 3057 corpus
735 2984 765 3037 et
792 2978 957 3037 universam
987 2980 1047 3036 vim
1076 2979 1224 3038 materiae.
1276 2979 1311 3057 3)
1342 2976 1567 3039 similitudinem
1603 2988 1606 2997 ’

224 3064 444 3142 (qualitativam
467 3068 565 3146 potins
588 3083 624 3126 ex
645 3065 756 3142 figuris,
779 3081 868 3142 quarn
895 3064 1049 3125 relativam
1074 3073 1248 3141 quantorum
1271 3067 1471 3141 terminorum)
1494 3068 1569 3126 inter

224 3152 414 3232 archetypum
443 3162 593 3214 aeternnm
625 3163 654 3212 et
681 3151 780 3211 mnndi
810 3152 947 3226 sormam,
976 3169 1035 3230 qno
1058 3151 1123 3212 loco
1146 3151 1278 3212 Bodinns
1305 3152 1476 3230 praecordia
1497 3152 1567 3213 mihi
1668 3202 1672 3217 .

224 3243 329 3316 tangit,
345 3243 468 3301 materia
482 3241 615 3319 Mysterii
630 3241 688 3299 mei
704 3238 950 3316 cosmographia,
974 3256 1141 3316 quanquam
1158 3256 1210 3317 per
1224 3241 1426 3316 ignorantiam,
1449 3247 1569 3302 attacta.

220 3342 223 3349 ’
313 3325 431 3404 Quanto
454 3346 524 3388 raro
538 3327 725 3405 plausibilius
748 3330 776 3385 in
792 3342 875 3386 meae
890 3327 1041 3405 Epitomes
1056 3328 1174 3387 Astron.
1191 3326 1406 3405 Gopemicanae
1427 3328 1501 3389 libro
1515 3327 1569 3387 IV.

227 3413 303 3474 haec
325 3414 492 3493 aequalium
516 3423 546 3476 et
566 3415 705 3474 similium
726 3415 893 3474 commixtio
924 3412 959 3473 de
982 3412 1082 3473 mnndi
1104 3414 1235 3492 partibus
1264 3416 1428 3495 praecipuis
1451 3424 1496 3475 est
1517 3414 1571 3475 dc·

227 3510 406 3576 monstrata,
437 3502 473 3563 de
501 3509 613 3563 maiore
635 3501 720 3574 Sole,
749 3502 864 3561 locante
890 3500 1015 3579 sphaera
1044 3499 1181 3576 fixarum,
1214 3509 1243 3561 ιι
1272 3502 1461 3576 intermedio,
1491 3500 1570 3578 quod

229 3589 384 3649 mobilibus
415 3605 593 3651 concessum.
639 3587 811 3666 Aequalitas
834 3590 911 3648 enim
940 3589 1035 3649 estin
1058 3589 1190 3667 partibus
1218 3592 1357 3650 materiae
1379 3596 1507 3664 statuta,
1538 3596 1572 3648 ot

229 3676 398 3737 tantundem
424 3678 463 3737 sit
484 3677 549 3754 ejus
579 3678 608 3734 in
631 3676 716 3747 Sole,
745 3681 885 3752 quantum
919 3674 966 3735 vei
993 3676 1023 3733 in
1046 3676 1171 3745 extimae
1198 3674 1341 3752 sphaerae
1364 3677 1434 3736 orbe
1463 3676 1510 3736 vel
1541 3678 1573 3734 in

229 3765 325 3841 spatio
345 3763 527 3824 intermedio.
571 3763 713 3823 Materiae
736 3779 820 3836 vero,
842 3770 875 3821 ut
896 3762 1025 3840 populo,
1050 3761 1172 3823 debetur
1192 3762 1376 3825 arithmetica
1397 3762 1573 3838 aequalitas,

229 3851 357 3910 vicissim
386 3853 565 3929 geometrica
578 3851 786 3928 'proportionis
816 3848 976 3910 similitudo
1007 3852 1038 3908 in
1061 3848 1205 3909 densitate
1233 3852 1320 3909 trium
1342 3849 1446 3910 horum
1467 3866 1573 3927 corpo·

227 3953 300 4012 rum,
324 3945 355 3999 ιι
368 3955 482 3998 rursum
497 3939 559 3999 alia
570 3940 644 3998 inter
660 3937 815 3997 diametros
830 3936 908 3996 Solis
923 3939 1053 4010 motoris,
1073 3939 1200 4014 nogiomo
1215 3936 1366 3997 mobilium
1387 3943 1417 3996 et
1432 3937 1573 4014 sphaerae

228 4023 349 4086 nlhmae
371 4023 496 4093 incautis
518 4024 685 4085 immobilis.
730 4027 765 4100 4)
788 4023 961 4084 Medietates
981 4040 1067 4101 porro
1081 4025 1274 4102 geometricas
1289 4022 1518 4100 quodammodo,
1542 4032 1575 4083 ut

231 4113 308 4172 inter
330 4111 389 4172 duo
411 4130 519 4189 genera
540 4119 681 4186 moinum,
705 4111 829 4171 alterurn
850 4113 1000 4185 inertum,
1023 4108 1145 4171 alterum
1163 4113 1193 4170 in
1209 4127 1354 4185 occmum,
1377 4114 1493 4171 tertium
1515 4118 1576 4169 tre·

228 4197 389 4275 pidationis
410 4208 536 4273 motum,
559 4199 612 4261 sed
634 4217 670 4258 ex
693 4199 798 4275 quibus
821 4197 880 4257 duo
903 4199 1078 4275 posteriores
1100 4197 1165 4259 sola
1191 4200 1272 4259 vlsrm
1295 4199 1502 4274 imaginatione
1524 4213 1574 4256 se·

229 4285 357 4346 cundum
386 4285 538 4365 (iopemici
570 4286 680 4364 placita
708 4292 850 4345 coustant.
898 4281 933 4367 b)
961 4285 1040 4346 Inter
1070 4294 1174 4346 terram
1205 4293 1234 4346 et
1263 4285 1401 4361 tophum,
1433 4282 1574 4361 argillam

231 4367 267 4455 6)
288 4373 370 4435 Inter
391 4375 511 4435 metalla
534 4382 563 4434 et
585 4372 707 4451 lapides,
731 4390 849 4432 acrosas
871 4372 983 4448 glebas.
1030 4368 1066 4454 ’1)
1087 4372 1169 4434 Inter
1189 4374 1294 4450 stirpes
1316 4381 1345 4433 ιι
1366 4370 1496 4449 lapides,
1524 4383 1577 4430 co·

230 4460 323 4521 raille.
364 4456 399 4544 8)
422 4460 501 4522 Inter
516 4462 655 4522 animalia
671 4466 701 4521 ιι
713 4462 828 4538 stirpes,
851 4459 1009 4537 neophyta.
1048 4460 1082 4534 9)
1104 4459 1184 4520 Inter
1201 4458 1406 4537 quadrupedes
1428 4464 1458 4518 et
1471 4458 1576 4536 pisces,

232 4547 392 4627 amphibia.
440 4549 492 4625 10)
516 4548 597 4611 Inter
618 4565 689 4610 aves
711 4554 742 4608 et
762 4548 875 4624 pisces,
908 4546 1042 4607 volantes
1063 4548 1167 4623 pisces.
1215 4550 1269 4623 11)
1290 4545 1370 4607 Inter
1395 4544 1526 4605 homines
1548 4551 1578 4603 et

229 4635 324 4710 bmta,
347 4636 456 4710 simias,
479 4634 688 4696 animaliores
710 4651 746 4694 ex
769 4633 901 4694 Platone.
949 4634 1005 4711 12)
1028 4631 1106 4693 Inter
1128 4634 1238 4694 beatius
1261 4639 1291 4693 et
1312 4633 1449 4709 angelos,
1477 4630 1577 4691 homi·

106 4726 115 4739 ‘
230 4737 306 4797 nem,
328 4721 479 4783 monalcm
502 4738 622 4799 corpore
637 4730 671 4781 ut
685 4721 761 4795 illas,
784 4719 976 4781 immortalem
991 4720 1089 4779 animo
1104 4719 1213 4780 nthos.
1261 4715 1317 4801 1³)
1340 4719 1419 4780 Inter
1438 4717 1576 4780 coelestia
1665 4718 1669 4729 '

232 4807 387 4869 beatorum
407 4809 576 4870 habitacula
599 4818 628 4870 ιι
650 4809 855 4870 elementarem
877 4809 1034 4884 regiomm,
1058 4807 1172 4868 coelum
1185 4792 1342 4868 ιιιΙῙιιιιιιιι.
1390 4800 1444 4890 14)
1465 4803 1579 4882 &ilina

283 4917 378 4970 aaran
390 4917 505 4972 onear.
1386 4914 1426 4972 lt
