<?xml version="1.0" encoding="UTF-8"?>
<!DOCTYPE html PUBLIC "-//W3C//DTD XHTML 1.0 Transitional//EN"
    "http://www.w3.org/TR/xhtml1/DTD/xhtml1-transitional.dtd">
<html xmlns="http://www.w3.org/1999/xhtml" xml:lang="en" lang="en">
 <head>
  <title>
</title>
<meta http-equiv="Content-Type" content="text/html;charset=utf-8" />
  <meta name='ocr-system' content='tesseract 3.04.00' />
  <meta name='ocr-capabilities' content='ocr_page ocr_carea ocr_par ocr_line ocrx_word'/>
</head>
<body>
  <div class='ocr_page' id='page_1' title='image "./joanniskepleria29frisgoog_0118.png"; bbox 0 0 3792 5860; ppageno 0'>
   <div class='ocr_carea' id='block_1_1' title="bbox 628 457 1502 533">
    <p class='ocr_par' dir='ltr' id='par_1_1' title="bbox 628 457 1502 533">
     <span class='ocr_line' id='line_1_1' title="bbox 628 457 1502 533; baseline 0.01 -18"><span class='ocrx_word' id='word_1_1' title='bbox 628 459 875 516; x_wconf 86' lang='lat' dir='ltr'><strong>Demonstratione.</strong></span> <span class='ocrx_word' id='word_1_2' title='bbox 910 457 993 514; x_wconf 86' lang='lat' dir='ltr'><strong>Liber</strong></span> <span class='ocrx_word' id='word_1_3' title='bbox 1011 460 1033 514; x_wconf 88' lang='lat'><strong>1.</strong></span> <span class='ocrx_word' id='word_1_4' title='bbox 1074 490 1077 499; x_wconf 72' lang='lat'>‚</span> <span class='ocrx_word' id='word_1_5' title='bbox 1443 473 1502 533; x_wconf 80' lang='lat'><strong>103</strong></span> 
     </span>
    </p>
   </div>
   <div class='ocr_carea' id='block_1_2' title="bbox 153 636 1534 1267">
    <p class='ocr_par' dir='ltr' id='par_1_2' title="bbox 153 636 1534 1267">
     <span class='ocr_line' id='line_1_2' title="bbox 153 636 1503 722; baseline 0.005 -25"><span class='ocrx_word' id='word_1_6' title='bbox 153 639 227 697; x_wconf 87' lang='lat' dir='ltr'><strong>sicut</strong></span> <span class='ocrx_word' id='word_1_7' title='bbox 248 637 343 713; x_wconf 86' lang='lat' dir='ltr'><strong>prima</strong></span> <span class='ocrx_word' id='word_1_8' title='bbox 366 646 414 699; x_wconf 87' lang='lat' dir='ltr'><strong>est</strong></span> <span class='ocrx_word' id='word_1_9' title='bbox 436 639 475 699; x_wconf 88' lang='lat' dir='ltr'><strong>ad</strong></span> <span class='ocrx_word' id='word_1_10' title='bbox 497 640 629 713; x_wconf 77' lang='lat' dir='ltr'><strong>tertiam,</strong></span> <span class='ocrx_word' id='word_1_11' title='bbox 651 636 782 700; x_wconf 86' lang='lat' dir='ltr'><strong>secunda</strong></span> <span class='ocrx_word' id='word_1_12' title='bbox 803 636 842 699; x_wconf 88' lang='lat' dir='ltr'><strong>ad</strong></span> <span class='ocrx_word' id='word_1_13' title='bbox 864 646 1013 715; x_wconf 89' lang='lat' dir='ltr'><strong>quartam,</strong></span> <span class='ocrx_word' id='word_1_14' title='bbox 1036 639 1079 699; x_wconf 88' lang='lat' dir='ltr'><strong>sie</strong></span> <span class='ocrx_word' id='word_1_15' title='bbox 1101 641 1141 700; x_wconf 89' lang='lat' dir='ltr'><strong>ait</strong></span> <span class='ocrx_word' id='word_1_16' title='bbox 1163 646 1192 700; x_wconf 90' lang='lat' dir='ltr'><strong>et</strong></span> <span class='ocrx_word' id='word_1_17' title='bbox 1214 641 1300 703; x_wconf 89' lang='lat' dir='ltr'><strong>tertia</strong></span> <span class='ocrx_word' id='word_1_18' title='bbox 1322 641 1359 703; x_wconf 89' lang='lat' dir='ltr'><strong>ad</strong></span> <span class='ocrx_word' id='word_1_19' title='bbox 1382 661 1503 722; x_wconf 87' lang='lat' dir='ltr'><strong>compo-</strong></span> 
     </span>
     <span class='ocr_line' id='line_1_3' title="bbox 153 727 1502 804; baseline 0.007 -20"><span class='ocrx_word' id='word_1_20' title='bbox 153 727 238 784; x_wconf 89' lang='lat' dir='ltr'><strong>sitam</strong></span> <span class='ocrx_word' id='word_1_21' title='bbox 263 742 299 784; x_wconf 80' lang='lat' dir='ltr'><strong>ex</strong></span> <span class='ocrx_word' id='word_1_22' title='bbox 322 728 462 787; x_wconf 79' lang='grc'><strong>11111111</strong></span> <span class='ocrx_word' id='word_1_23' title='bbox 487 735 608 803; x_wconf 88' lang='lat' dir='ltr'><strong>quarta,</strong></span> <span class='ocrx_word' id='word_1_24' title='bbox 642 743 717 803; x_wconf 89' lang='lat' dir='ltr'><strong>quae</strong></span> <span class='ocrx_word' id='word_1_25' title='bbox 740 728 903 803; x_wconf 87' lang='lat' dir='ltr'><strong>composita</strong></span> <span class='ocrx_word' id='word_1_26' title='bbox 929 727 963 786; x_wconf 87' lang='lat' dir='ltr'><strong>lit</strong></span> <span class='ocrx_word' id='word_1_27' title='bbox 991 743 1111 788; x_wconf 91' lang='lat' dir='ltr'><strong>numero</strong></span> <span class='ocrx_word' id='word_1_28' title='bbox 1143 730 1253 804; x_wconf 84' lang='lat' dir='ltr'><strong>quinta.</strong></span> <span class='ocrx_word' id='word_1_29' title='bbox 1298 730 1411 790; x_wconf 87' lang='lat' dir='ltr'><strong>Horum</strong></span> <span class='ocrx_word' id='word_1_30' title='bbox 1433 750 1502 794; x_wconf 80' lang='lat' dir='ltr'><strong>vero</strong></span> 
     </span>
     <span class='ocr_line' id='line_1_4' title="bbox 155 813 1503 892; baseline 0.004 -19"><span class='ocrx_word' id='word_1_31' title='bbox 155 829 274 873; x_wconf 72' lang='lat' dir='ltr'><strong>menum</strong></span> <span class='ocrx_word' id='word_1_32' title='bbox 296 821 366 873; x_wconf 91' lang='lat' dir='ltr'><strong>sunt</strong></span> <span class='ocrx_word' id='word_1_33' title='bbox 388 813 510 887; x_wconf 87' lang='lat' dir='ltr'><strong>infiniti,</strong></span> <span class='ocrx_word' id='word_1_34' title='bbox 535 823 595 875; x_wconf 85' lang='lat' dir='ltr'><strong>tam</strong></span> <span class='ocrx_word' id='word_1_35' title='bbox 618 818 648 872; x_wconf 90' lang='grc'><strong>11</strong></span> <span class='ocrx_word' id='word_1_36' title='bbox 670 816 800 874; x_wconf 89' lang='lat' dir='ltr'><strong>terminis</strong></span> <span class='ocrx_word' id='word_1_37' title='bbox 823 813 1136 875; x_wconf 73' lang='lat' dir='ltr'><strong>commensurabilibus</strong></span> <span class='ocrx_word' id='word_1_38' title='bbox 1159 832 1247 892; x_wconf 90' lang='lat' dir='ltr'><strong>quam</strong></span> <span class='ocrx_word' id='word_1_39' title='bbox 1269 818 1299 876; x_wconf 90' lang='grc'><strong>1(</strong></span> <span class='ocrx_word' id='word_1_40' title='bbox 1321 819 1503 880; x_wconf 87' lang='lat' dir='ltr'><strong>incommen-</strong></span> 
     </span>
     <span class='ocr_line' id='line_1_5' title="bbox 153 898 1501 982; baseline 0.004 -23"><span class='ocrx_word' id='word_1_41' title='bbox 153 898 342 963; x_wconf 84' lang='lat' dir='ltr'><strong>surabilibne.</strong></span> <span class='ocrx_word' id='word_1_42' title='bbox 379 901 418 961; x_wconf 81' lang='lat' dir='ltr'><strong>Et</strong></span> <span class='ocrx_word' id='word_1_43' title='bbox 440 904 611 962; x_wconf 92' lang='lat' dir='ltr'><strong>nominatim</strong></span> <span class='ocrx_word' id='word_1_44' title='bbox 634 901 939 961; x_wconf 87' lang='lat' dir='ltr'><strong>commensurabilium</strong></span> <span class='ocrx_word' id='word_1_45' title='bbox 961 903 1150 963; x_wconf 88' lang='lat' dir='ltr'><strong>terminorum</strong></span> <span class='ocrx_word' id='word_1_46' title='bbox 1172 912 1258 963; x_wconf 83' lang='grc'><strong>(((111</strong></span> <span class='ocrx_word' id='word_1_47' title='bbox 1280 904 1402 964; x_wconf 89' lang='lat' dir='ltr'><strong>totidem</strong></span> <span class='ocrx_word' id='word_1_48' title='bbox 1423 916 1501 982; x_wconf 85' lang='lat' dir='ltr'><strong>sunt,</strong></span> 
     </span>
     <span class='ocr_line' id='line_1_6' title="bbox 155 987 1534 1069; baseline 0.004 -23"><span class='ocrx_word' id='word_1_49' title='bbox 155 994 224 1063; x_wconf 90' lang='lat' dir='ltr'><strong>quot</strong></span> <span class='ocrx_word' id='word_1_50' title='bbox 246 990 451 1065; x_wconf 72' lang='lat' dir='ltr'><strong>proportiones</strong></span> <span class='ocrx_word' id='word_1_51' title='bbox 475 987 765 1066; x_wconf 71' lang='lat' dir='ltr'><strong>superparticulares,</strong></span> <span class='ocrx_word' id='word_1_52' title='bbox 788 988 901 1048; x_wconf 88' lang='lat' dir='ltr'><strong>scilieet</strong></span> <span class='ocrx_word' id='word_1_53' title='bbox 922 998 996 1067; x_wconf 90' lang='lat' dir='ltr'><strong>quot</strong></span> <span class='ocrx_word' id='word_1_54' title='bbox 1018 989 1153 1065; x_wconf 89' lang='lat' dir='ltr'><strong>quadrati</strong></span> <span class='ocrx_word' id='word_1_55' title='bbox 1174 994 1286 1052; x_wconf 87' lang='lat' dir='ltr'><strong>numeri</strong></span> <span class='ocrx_word' id='word_1_56' title='bbox 1308 992 1444 1069; x_wconf 90' lang='lat' dir='ltr'><strong>impares.</strong></span> <span class='ocrx_word' id='word_1_57' title='bbox 1531 990 1534 1001; x_wconf 86' lang='lat'>&#39;</span> 
     </span>
     <span class='ocr_line' id='line_1_7' title="bbox 528 1072 1155 1135; baseline 0.003 -10"><span class='ocrx_word' id='word_1_58' title='bbox 528 1077 578 1128; x_wconf 83' lang='grc' dir='ltr'><strong>ΒΤ.</strong></span> <span class='ocrx_word' id='word_1_59' title='bbox 631 1072 655 1127; x_wconf 88' lang='grc'><strong>9.</strong></span> <span class='ocrx_word' id='word_1_60' title='bbox 691 1075 732 1127; x_wconf 86' lang='lat' dir='ltr'><strong>Bi.</strong></span> <span class='ocrx_word' id='word_1_61' title='bbox 768 1073 793 1126; x_wconf 78' lang='lat'><strong>6.</strong></span> <span class='ocrx_word' id='word_1_62' title='bbox 829 1075 874 1125; x_wconf 87' lang='grc' dir='ltr'><strong>ΙΚ.</strong></span> <span class='ocrx_word' id='word_1_63' title='bbox 910 1072 935 1126; x_wconf 82' lang='lat'><strong>2.</strong></span> <span class='ocrx_word' id='word_1_64' title='bbox 971 1076 1025 1128; x_wconf 72' lang='lat' dir='ltr'><strong>tit.</strong></span> <span class='ocrx_word' id='word_1_65' title='bbox 1064 1076 1086 1127; x_wconf 94' lang='grc'><strong>1.</strong></span> <span class='ocrx_word' id='word_1_66' title='bbox 1152 1128 1155 1135; x_wconf 67' lang='grc'><strong>,</strong></span> 
     </span>
     <span class='ocr_line' id='line_1_8' title="bbox 539 1141 1087 1199; baseline 0.004 -6"><span class='ocrx_word' id='word_1_67' title='bbox 539 1145 579 1194; x_wconf 84' lang='lat' dir='ltr'><strong>vel</strong></span> <span class='ocrx_word' id='word_1_68' title='bbox 613 1141 656 1197; x_wconf 83' lang='lat'><strong>25.</strong></span> <span class='ocrx_word' id='word_1_69' title='bbox 752 1142 795 1196; x_wconf 80' lang='grc'><strong>15.</strong></span> <span class='ocrx_word' id='word_1_70' title='bbox 911 1142 935 1199; x_wconf 82' lang='grc'><strong>6.</strong></span> <span class='ocrx_word' id='word_1_71' title='bbox 1061 1142 1087 1196; x_wconf 80' lang='lat'><strong>4.</strong></span> 
     </span>
     <span class='ocr_line' id='line_1_9' title="bbox 536 1211 1084 1267; baseline 0.009 -5"><span class='ocrx_word' id='word_1_72' title='bbox 536 1212 578 1263; x_wconf 84' lang='lat' dir='ltr'><strong>vel</strong></span> <span class='ocrx_word' id='word_1_73' title='bbox 612 1211 654 1267; x_wconf 74' lang='lat'><strong>49.</strong></span> <span class='ocrx_word' id='word_1_74' title='bbox 750 1211 793 1265; x_wconf 80' lang='lat'><strong>28.</strong></span> <span class='ocrx_word' id='word_1_75' title='bbox 892 1211 936 1267; x_wconf 83' lang='lat'><strong>32.</strong></span> <span class='ocrx_word' id='word_1_76' title='bbox 1059 1212 1084 1267; x_wconf 87' lang='lat'><strong>9.</strong></span> 
     </span>
    </p>
   </div>
   <div class='ocr_carea' id='block_1_3' title="bbox 537 1268 1251 1407">
    <p class='ocr_par' dir='ltr' id='par_1_3' title="bbox 537 1268 1251 1407">
     <span class='ocr_line' id='line_1_10' title="bbox 537 1268 1085 1345; baseline 0.007 -14"><span class='ocrx_word' id='word_1_77' title='bbox 537 1282 655 1337; x_wconf 70' lang='lat' dir='ltr'><strong>mm</strong></span> <span class='ocrx_word' id='word_1_78' title='bbox 753 1282 795 1336; x_wconf 76' lang='grc'><strong>1(</strong></span> <span class='ocrx_word' id='word_1_79' title='bbox 895 1268 1085 1345; x_wconf 65' lang='grc'><strong>1·11</strong></span> 
     </span>
     <span class='ocr_line' id='line_1_11' title="bbox 538 1351 1251 1407; baseline 0 -5"><span class='ocrx_word' id='word_1_80' title='bbox 538 1352 656 1406; x_wconf 74' lang='grc'><strong>((1121.</strong></span> <span class='ocrx_word' id='word_1_81' title='bbox 754 1351 797 1406; x_wconf 80' lang='lat' dir='ltr'><strong>dt.</strong></span> <span class='ocrx_word' id='word_1_82' title='bbox 897 1352 938 1407; x_wconf 85' lang='grc'><strong>30.</strong></span> <span class='ocrx_word' id='word_1_83' title='bbox 1043 1352 1148 1406; x_wconf 71' lang='grc'><strong>211111.</strong></span> <span class='ocrx_word' id='word_1_84' title='bbox 1247 1364 1251 1371; x_wconf 89' lang='grc'><em>·</em></span> 
     </span>
    </p>
   </div>
   <div class='ocr_carea' id='block_1_4' title="bbox 153 1427 1149 1567">
    <p class='ocr_par' dir='ltr' id='par_1_4' title="bbox 153 1427 1149 1567">
     <span class='ocr_line' id='line_1_12' title="bbox 153 1427 1086 1507; baseline 0.005 -18"><span class='ocrx_word' id='word_1_85' title='bbox 153 1447 175 1489; x_wconf 91' lang='grc'><strong>(1</strong></span> <span class='ocrx_word' id='word_1_86' title='bbox 191 1446 257 1507; x_wconf 90' lang='lat' dir='ltr'><strong>quot</strong></span> <span class='ocrx_word' id='word_1_87' title='bbox 271 1445 482 1507; x_wconf 80' lang='lat' dir='ltr'><strong>superpartientes</strong></span> <span class='ocrx_word' id='word_1_88' title='bbox 552 1427 798 1495; x_wconf 52' lang='grc' dir='ltr'><strong>ΤΚ).</strong></span> <span class='ocrx_word' id='word_1_89' title='bbox 882 1441 939 1496; x_wconf 64' lang='lat'><strong>«10.</strong></span> <span class='ocrx_word' id='word_1_90' title='bbox 1061 1441 1086 1494; x_wconf 79' lang='lat' dir='ltr'><strong>l.</strong></span> 
     </span>
     <span class='ocr_line' id='line_1_13' title="bbox 538 1508 1149 1567; baseline 0 -7"><span class='ocrx_word' id='word_1_91' title='bbox 538 1508 655 1567; x_wconf 77' lang='grc'><strong>((164.</strong></span> <span class='ocrx_word' id='word_1_92' title='bbox 753 1511 795 1564; x_wconf 77' lang='grc'><strong>40.</strong></span> <span class='ocrx_word' id='word_1_93' title='bbox 896 1510 937 1564; x_wconf 82' lang='grc'><strong>15.</strong></span> <span class='ocrx_word' id='word_1_94' title='bbox 1059 1510 1149 1565; x_wconf 84' lang='grc'><strong>9.(11.</strong></span> 
     </span>
    </p>
   </div>
   <div class='ocr_carea' id='block_1_5' title="bbox 152 1580 1498 1736">
    <p class='ocr_par' dir='ltr' id='par_1_5' title="bbox 152 1580 1498 1736">
     <span class='ocr_line' id='line_1_14' title="bbox 152 1580 1498 1669; baseline 0.004 -23"><span class='ocrx_word' id='word_1_95' title='bbox 152 1580 1498 1669; x_wconf 50' lang='lat' dir='ltr'><strong>mammammffffffiffiffiffimoffffffmnmmmms</strong></span> 
     </span>
     <span class='ocr_line' id='line_1_15' title="bbox 152 1667 946 1736; baseline 0.004 -19"><span class='ocrx_word' id='word_1_96' title='bbox 152 1673 219 1718; x_wconf 80' lang='lat' dir='ltr'><strong>stans</strong></span> <span class='ocrx_word' id='word_1_97' title='bbox 238 1682 270 1716; x_wconf 78' lang='lat' dir='ltr'><strong>sn</strong></span> <span class='ocrx_word' id='word_1_98' title='bbox 289 1667 337 1731; x_wconf 84' lang='lat' dir='ltr'><strong>to,</strong></span> <span class='ocrx_word' id='word_1_99' title='bbox 358 1667 389 1721; x_wconf 80' lang='lat'><strong>15</strong></span> <span class='ocrx_word' id='word_1_100' title='bbox 409 1667 475 1736; x_wconf 81' lang='grc'><strong>(19)</strong></span> <span class='ocrx_word' id='word_1_101' title='bbox 494 1670 527 1719; x_wconf 83' lang='lat' dir='ltr'><strong>ad</strong></span> <span class='ocrx_word' id='word_1_102' title='bbox 543 1667 578 1723; x_wconf 77' lang='lat'><strong>24</strong></span> <span class='ocrx_word' id='word_1_103' title='bbox 597 1672 760 1733; x_wconf 87' lang='lat' dir='ltr'><strong>compositum</strong></span> <span class='ocrx_word' id='word_1_104' title='bbox 779 1685 810 1718; x_wconf 80' lang='lat' dir='ltr'><strong>sn</strong></span> <span class='ocrx_word' id='word_1_105' title='bbox 830 1668 860 1721; x_wconf 82' lang='lat'><strong>15</strong></span> <span class='ocrx_word' id='word_1_106' title='bbox 880 1674 905 1719; x_wconf 88' lang='grc'><strong>(1</strong></span> <span class='ocrx_word' id='word_1_107' title='bbox 922 1668 946 1723; x_wconf 86' lang='grc'><strong>9.</strong></span> 
     </span>
    </p>
   </div>
   <div class='ocr_carea' id='block_1_6' title="bbox 136 1756 1503 2273">
    <p class='ocr_par' dir='ltr' id='par_1_6' title="bbox 136 1756 1503 2273">
     <span class='ocr_line' id='line_1_16' title="bbox 240 1756 1500 1836; baseline 0.005 -21"><span class='ocrx_word' id='word_1_108' title='bbox 240 1756 320 1816; x_wconf 84' lang='lat' dir='ltr'><strong>Ecce</strong></span> <span class='ocrx_word' id='word_1_109' title='bbox 344 1773 526 1819; x_wconf 86' lang='lat' dir='ltr'><strong>communem</strong></span> <span class='ocrx_word' id='word_1_110' title='bbox 547 1758 730 1819; x_wconf 84' lang='lat' dir='ltr'><strong>affectionem</strong></span> <span class='ocrx_word' id='word_1_111' title='bbox 757 1758 913 1818; x_wconf 85' lang='lat' dir='ltr'><strong>multarum</strong></span> <span class='ocrx_word' id='word_1_112' title='bbox 940 1761 1175 1836; x_wconf 86' lang='lat' dir='ltr'><strong>proportionum,</strong></span> <span class='ocrx_word' id='word_1_113' title='bbox 1206 1776 1283 1835; x_wconf 87' lang='lat' dir='ltr'><strong>quae</strong></span> <span class='ocrx_word' id='word_1_114' title='bbox 1311 1762 1500 1821; x_wconf 87' lang='lat' dir='ltr'><strong>constitutum</strong></span> 
     </span>
     <span class='ocr_line' id='line_1_17' title="bbox 153 1843 1500 1925; baseline 0.005 -23"><span class='ocrx_word' id='word_1_115' title='bbox 153 1843 272 1920; x_wconf 89' lang='lat' dir='ltr'><strong>quidem</strong></span> <span class='ocrx_word' id='word_1_116' title='bbox 295 1844 500 1922; x_wconf 83' lang='lat' dir='ltr'><strong>septangnlum</strong></span> <span class='ocrx_word' id='word_1_117' title='bbox 521 1848 684 1907; x_wconf 90' lang='lat' dir='ltr'><strong>necessario</strong></span> <span class='ocrx_word' id='word_1_118' title='bbox 708 1847 902 1922; x_wconf 88' lang='lat' dir='ltr'><strong>consequitur,</strong></span> <span class='ocrx_word' id='word_1_119' title='bbox 931 1844 984 1905; x_wconf 89' lang='lat' dir='ltr'><strong>sod</strong></span> <span class='ocrx_word' id='word_1_120' title='bbox 1005 1863 1041 1905; x_wconf 85' lang='lat' dir='ltr'><strong>ex</strong></span> <span class='ocrx_word' id='word_1_121' title='bbox 1064 1863 1124 1922; x_wconf 85' lang='lat' dir='ltr'><strong>qua</strong></span> <span class='ocrx_word' id='word_1_122' title='bbox 1144 1845 1210 1906; x_wconf 89' lang='lat' dir='ltr'><strong>sola</strong></span> <span class='ocrx_word' id='word_1_123' title='bbox 1233 1845 1302 1907; x_wconf 86' lang='lat' dir='ltr'><strong>dats</strong></span> <span class='ocrx_word' id='word_1_124' title='bbox 1324 1849 1500 1925; x_wconf 87' lang='lat' dir='ltr'><strong>triangulum</strong></span> 
     </span>
     <span class='ocr_line' id='line_1_18' title="bbox 152 1930 1503 2011; baseline 0.004 -20"><span class='ocrx_word' id='word_1_125' title='bbox 152 1930 362 2009; x_wconf 90' lang='lat' dir='ltr'><strong>septangnlare</strong></span> <span class='ocrx_word' id='word_1_126' title='bbox 395 1936 466 1992; x_wconf 86' lang='grc'><strong>(1111</strong></span> <span class='ocrx_word' id='word_1_127' title='bbox 498 1935 609 2009; x_wconf 89' lang='lat' dir='ltr'><strong>nequit.</strong></span> <span class='ocrx_word' id='word_1_128' title='bbox 655 1932 767 2008; x_wconf 82' lang='lat' dir='ltr'><strong>Causa,</strong></span> <span class='ocrx_word' id='word_1_129' title='bbox 801 1950 851 1993; x_wconf 89' lang='lat' dir='ltr'><strong>cur</strong></span> <span class='ocrx_word' id='word_1_130' title='bbox 881 1935 912 1991; x_wconf 91' lang='lat' dir='ltr'><strong>in</strong></span> <span class='ocrx_word' id='word_1_131' title='bbox 932 1939 1100 2010; x_wconf 87' lang='lat' dir='ltr'><strong>pentagono</strong></span> <span class='ocrx_word' id='word_1_132' title='bbox 1129 1936 1279 2011; x_wconf 89' lang='lat' dir='ltr'><strong>proportio</strong></span> <span class='ocrx_word' id='word_1_133' title='bbox 1302 1934 1400 1995; x_wconf 88' lang='lat' dir='ltr'><strong>lateris</strong></span> <span class='ocrx_word' id='word_1_134' title='bbox 1423 1945 1503 1997; x_wconf 86' lang='lat' dir='ltr'><strong>certa</strong></span> 
     </span>
     <span class='ocr_line' id='line_1_19' title="bbox 152 2018 1500 2099; baseline 0.004 -22"><span class='ocrx_word' id='word_1_135' title='bbox 152 2018 281 2096; x_wconf 86' lang='lat' dir='ltr'><strong>pendeat</strong></span> <span class='ocrx_word' id='word_1_136' title='bbox 304 2037 342 2080; x_wconf 82' lang='lat' dir='ltr'><strong>ex</strong></span> <span class='ocrx_word' id='word_1_137' title='bbox 364 2020 499 2099; x_wconf 79' lang='lat' dir='ltr'><strong>angulis,</strong></span> <span class='ocrx_word' id='word_1_138' title='bbox 514 2023 602 2081; x_wconf 88' lang='lat' dir='ltr'><strong>otiam</strong></span> <span class='ocrx_word' id='word_1_139' title='bbox 621 2028 703 2082; x_wconf 82' lang='lat' dir='ltr'><strong>extra</strong></span> <span class='ocrx_word' id='word_1_140' title='bbox 726 2020 873 2092; x_wconf 89' lang='lat' dir='ltr'><strong>circulum,</strong></span> <span class='ocrx_word' id='word_1_141' title='bbox 898 2024 927 2078; x_wconf 89' lang='lat' dir='ltr'><strong>iu</strong></span> <span class='ocrx_word' id='word_1_142' title='bbox 943 2020 1110 2097; x_wconf 78' lang='lat' dir='ltr'><strong>heptagono</strong></span> <span class='ocrx_word' id='word_1_143' title='bbox 1134 2029 1164 2081; x_wconf 89' lang='lat' dir='ltr'><strong>et</strong></span> <span class='ocrx_word' id='word_1_144' title='bbox 1184 2019 1304 2096; x_wconf 82' lang='lat' dir='ltr'><strong>reliquis</strong></span> <span class='ocrx_word' id='word_1_145' title='bbox 1318 2021 1427 2082; x_wconf 89' lang='lat' dir='ltr'><strong>talibus</strong></span> <span class='ocrx_word' id='word_1_146' title='bbox 1442 2040 1500 2084; x_wconf 91' lang='lat' dir='ltr'><strong>nou</strong></span> 
     </span>
     <span class='ocr_line' id='line_1_20' title="bbox 136 2106 1499 2185; baseline 0.003 -21"><span class='ocrx_word' id='word_1_147' title='bbox 136 2109 231 2179; x_wconf 91' lang='lat' dir='ltr'><strong>-item,</strong></span> <span class='ocrx_word' id='word_1_148' title='bbox 255 2107 343 2166; x_wconf 81' lang='lat' dir='ltr'><strong>facile</strong></span> <span class='ocrx_word' id='word_1_149' title='bbox 366 2126 402 2168; x_wconf 83' lang='lat' dir='ltr'><strong>er</strong></span> <span class='ocrx_word' id='word_1_150' title='bbox 426 2107 511 2167; x_wconf 90' lang='lat' dir='ltr'><strong>dietis</strong></span> <span class='ocrx_word' id='word_1_151' title='bbox 533 2116 623 2185; x_wconf 86' lang='lat' dir='ltr'><strong>patet.</strong></span> <span class='ocrx_word' id='word_1_152' title='bbox 668 2109 709 2167; x_wconf 89' lang='lat' dir='ltr'><strong>In·</strong></span> <span class='ocrx_word' id='word_1_153' title='bbox 724 2110 920 2185; x_wconf 89' lang='lat' dir='ltr'><strong>pentagonioo</strong></span> <span class='ocrx_word' id='word_1_154' title='bbox 944 2107 1091 2183; x_wconf 88' lang='lat' dir='ltr'><strong>triangulo</strong></span> <span class='ocrx_word' id='word_1_155' title='bbox 1107 2108 1188 2166; x_wconf 86' lang='lat' dir='ltr'><strong>BFK</strong></span> <span class='ocrx_word' id='word_1_156' title='bbox 1210 2107 1272 2182; x_wconf 85' lang='lat' dir='ltr'><strong>(fig.</strong></span> <span class='ocrx_word' id='word_1_157' title='bbox 1293 2106 1354 2181; x_wconf 84' lang='grc'><strong>14.)</strong></span> <span class='ocrx_word' id='word_1_158' title='bbox 1376 2127 1429 2185; x_wconf 87' lang='lat' dir='ltr'><strong>per</strong></span> <span class='ocrx_word' id='word_1_159' title='bbox 1451 2112 1499 2171; x_wconf 87' lang='lat' dir='ltr'><strong>bi-</strong></span> 
     </span>
     <span class='ocr_line' id='line_1_21' title="bbox 152 2194 1500 2273; baseline 0.001 -19"><span class='ocrx_word' id='word_1_160' title='bbox 152 2196 316 2254; x_wconf 88' lang='lat' dir='ltr'><strong>eectionem</strong></span> <span class='ocrx_word' id='word_1_161' title='bbox 338 2194 418 2255; x_wconf 86' lang='lat' dir='ltr'><strong>BKF</strong></span> <span class='ocrx_word' id='word_1_162' title='bbox 441 2194 542 2273; x_wconf 87' lang='lat' dir='ltr'><strong>anguli</strong></span> <span class='ocrx_word' id='word_1_163' title='bbox 565 2197 664 2255; x_wconf 88' lang='lat' dir='ltr'><strong>statim</strong></span> <span class='ocrx_word' id='word_1_164' title='bbox 688 2198 803 2256; x_wconf 84' lang='lat' dir='ltr'><strong>venitur</strong></span> <span class='ocrx_word' id='word_1_165' title='bbox 828 2194 867 2255; x_wconf 91' lang='lat' dir='ltr'><strong>ad</strong></span> <span class='ocrx_word' id='word_1_166' title='bbox 889 2197 1062 2272; x_wconf 89' lang='lat' dir='ltr'><strong>aequicrura</strong></span> <span class='ocrx_word' id='word_1_167' title='bbox 1084 2194 1166 2255; x_wconf 91' lang='grc' dir='ltr'><strong>ΒΚΤ</strong></span> <span class='ocrx_word' id='word_1_168' title='bbox 1190 2201 1219 2253; x_wconf 89' lang='lat' dir='ltr'><strong>et</strong></span> <span class='ocrx_word' id='word_1_169' title='bbox 1241 2194 1331 2267; x_wconf 86' lang='lat' dir='ltr'><strong>KTF,</strong></span> <span class='ocrx_word' id='word_1_170' title='bbox 1355 2195 1500 2272; x_wconf 80' lang='lat' dir='ltr'><strong>dnoejns</strong></span> 
     </span>
    </p>
   </div>
   <div class='ocr_carea' id='block_1_7' title="bbox 153 2278 1615 2359">
    <p class='ocr_par' dir='ltr' id='par_1_7' title="bbox 153 2278 1615 2359">
     <span class='ocr_line' id='line_1_22' title="bbox 153 2278 1615 2359; baseline 0.001 -17"><span class='ocrx_word' id='word_1_171' title='bbox 153 2282 310 2353; x_wconf 85' lang='lat' dir='ltr'><strong>elementa,</strong></span> <span class='ocrx_word' id='word_1_172' title='bbox 333 2284 520 2358; x_wconf 87' lang='lat' dir='ltr'><strong>sequiturque</strong></span> <span class='ocrx_word' id='word_1_173' title='bbox 542 2281 682 2359; x_wconf 87' lang='lat' dir='ltr'><strong>aequales</strong></span> <span class='ocrx_word' id='word_1_174' title='bbox 706 2299 806 2343; x_wconf 90' lang='lat' dir='ltr'><strong>eorum</strong></span> <span class='ocrx_word' id='word_1_175' title='bbox 834 2282 958 2359; x_wconf 87' lang='lat' dir='ltr'><strong>angulos</strong></span> <span class='ocrx_word' id='word_1_176' title='bbox 974 2281 1063 2358; x_wconf 85' lang='lat' dir='ltr'><strong>BFK,</strong></span> <span class='ocrx_word' id='word_1_177' title='bbox 1087 2280 1169 2342; x_wconf 86' lang='grc' dir='ltr'><strong>ΒΚΤ</strong></span> <span class='ocrx_word' id='word_1_178' title='bbox 1192 2280 1354 2358; x_wconf 84' lang='lat' dir='ltr'><strong>aequalitas</strong></span> <span class='ocrx_word' id='word_1_179' title='bbox 1377 2283 1500 2343; x_wconf 90' lang='lat' dir='ltr'><strong>laterum</strong></span> <span class='ocrx_word' id='word_1_180' title='bbox 1611 2278 1615 2287; x_wconf 78' lang='grc'><em>’</em></span> 
     </span>
    </p>
   </div>
   <div class='ocr_carea' id='block_1_8' title="bbox 153 2366 1504 3321">
    <p class='ocr_par' dir='ltr' id='par_1_8' title="bbox 153 2366 1504 3236">
     <span class='ocr_line' id='line_1_23' title="bbox 153 2366 1500 2448; baseline 0.001 -20"><span class='ocrx_word' id='word_1_181' title='bbox 153 2369 216 2443; x_wconf 86' lang='grc' dir='ltr'><strong>ΒΚ,</strong></span> <span class='ocrx_word' id='word_1_182' title='bbox 242 2368 308 2445; x_wconf 90' lang='grc' dir='ltr'><strong>ΚΤ,</strong></span> <span class='ocrx_word' id='word_1_183' title='bbox 334 2367 399 2444; x_wconf 81' lang='grc' dir='ltr'><strong>ΤΒ;</strong></span> <span class='ocrx_word' id='word_1_184' title='bbox 431 2378 461 2430; x_wconf 89' lang='lat' dir='ltr'><strong>at</strong></span> <span class='ocrx_word' id='word_1_185' title='bbox 489 2372 519 2427; x_wconf 92' lang='lat' dir='ltr'><strong>in</strong></span> <span class='ocrx_word' id='word_1_186' title='bbox 548 2369 743 2447; x_wconf 86' lang='lat' dir='ltr'><strong>heptagonico</strong></span> <span class='ocrx_word' id='word_1_187' title='bbox 770 2387 822 2448; x_wconf 88' lang='lat' dir='ltr'><strong>per</strong></span> <span class='ocrx_word' id='word_1_188' title='bbox 843 2372 1039 2430; x_wconf 84' lang='lat' dir='ltr'><strong>trinoctionem</strong></span> <span class='ocrx_word' id='word_1_189' title='bbox 1062 2366 1162 2446; x_wconf 87' lang='lat' dir='ltr'><strong>anguli</strong></span> <span class='ocrx_word' id='word_1_190' title='bbox 1188 2372 1244 2429; x_wconf 91' lang='lat' dir='ltr'><strong>tria</strong></span> <span class='ocrx_word' id='word_1_191' title='bbox 1266 2369 1340 2428; x_wconf 89' lang='lat' dir='ltr'><strong>liunt</strong></span> <span class='ocrx_word' id='word_1_192' title='bbox 1362 2371 1500 2446; x_wconf 80' lang='lat' dir='ltr'><strong>trianguli</strong></span> 
     </span>
     <span class='ocr_line' id='line_1_24' title="bbox 153 2452 1500 2539; baseline -0.001 -22"><span class='ocrx_word' id='word_1_193' title='bbox 153 2456 308 2531; x_wconf 85' lang='lat' dir='ltr'><strong>elementa,</strong></span> <span class='ocrx_word' id='word_1_194' title='bbox 332 2454 390 2515; x_wconf 92' lang='lat' dir='ltr'><strong>dno</strong></span> <span class='ocrx_word' id='word_1_195' title='bbox 405 2459 575 2533; x_wconf 89' lang='lat' dir='ltr'><strong>aequicrura</strong></span> <span class='ocrx_word' id='word_1_196' title='bbox 589 2458 734 2533; x_wconf 87' lang='lat' dir='ltr'><strong>triangula</strong></span> <span class='ocrx_word' id='word_1_197' title='bbox 749 2457 825 2531; x_wconf 85' lang='grc' dir='ltr'><strong>ΒΕΙ,</strong></span> <span class='ocrx_word' id='word_1_198' title='bbox 849 2458 928 2517; x_wconf 82' lang='grc' dir='ltr'><strong>ΚΒΒ</strong></span> <span class='ocrx_word' id='word_1_199' title='bbox 951 2465 981 2518; x_wconf 90' lang='lat' dir='ltr'><strong>et</strong></span> <span class='ocrx_word' id='word_1_200' title='bbox 1002 2475 1092 2517; x_wconf 91' lang='lat' dir='ltr'><strong>unum</strong></span> <span class='ocrx_word' id='word_1_201' title='bbox 1107 2456 1246 2517; x_wconf 86' lang='lat' dir='ltr'><strong>scalenon</strong></span> <span class='ocrx_word' id='word_1_202' title='bbox 1269 2456 1338 2516; x_wconf 86' lang='grc' dir='ltr'><strong>ΙΕΚ</strong></span> <span class='ocrx_word' id='word_1_203' title='bbox 1355 2452 1411 2538; x_wconf 82' lang='lat' dir='ltr'><strong>[lig</strong></span> <span class='ocrx_word' id='word_1_204' title='bbox 1429 2453 1500 2539; x_wconf 85' lang='lat'>16);</span> 
     </span>
     <span class='ocr_line' id='line_1_25' title="bbox 153 2545 1502 2623; baseline 0.001 -19"><span class='ocrx_word' id='word_1_205' title='bbox 153 2562 250 2621; x_wconf 91' lang='lat' dir='ltr'><strong>neque</strong></span> <span class='ocrx_word' id='word_1_206' title='bbox 263 2545 397 2619; x_wconf 85' lang='lat' dir='ltr'><strong>sequitur</strong></span> <span class='ocrx_word' id='word_1_207' title='bbox 417 2546 447 2602; x_wconf 92' lang='grc'><strong>11</strong></span> <span class='ocrx_word' id='word_1_208' title='bbox 468 2563 504 2605; x_wconf 93' lang='lat' dir='ltr'><strong>eo</strong></span> <span class='ocrx_word' id='word_1_209' title='bbox 525 2547 740 2623; x_wconf 89' lang='lat' dir='ltr'><strong>proportionem</strong></span> <span class='ocrx_word' id='word_1_210' title='bbox 763 2546 935 2623; x_wconf 91' lang='lat' dir='ltr'><strong>angulorum</strong></span> <span class='ocrx_word' id='word_1_211' title='bbox 956 2547 1105 2623; x_wconf 90' lang='lat' dir='ltr'><strong>proportio</strong></span> <span class='ocrx_word' id='word_1_212' title='bbox 1121 2545 1254 2617; x_wconf 88' lang='lat' dir='ltr'><strong>laterum,</strong></span> <span class='ocrx_word' id='word_1_213' title='bbox 1278 2552 1311 2603; x_wconf 92' lang='lat' dir='ltr'><strong>ut</strong></span> <span class='ocrx_word' id='word_1_214' title='bbox 1333 2552 1434 2604; x_wconf 90' lang='lat' dir='ltr'><strong>notum</strong></span> <span class='ocrx_word' id='word_1_215' title='bbox 1457 2554 1502 2605; x_wconf 90' lang='grc'><strong>((1</strong></span> 
     </span>
     <span class='ocr_line' id='line_1_26' title="bbox 154 2631 1501 2710; baseline 0.003 -19"><span class='ocrx_word' id='word_1_216' title='bbox 154 2637 181 2691; x_wconf 91' lang='lat' dir='ltr'><strong>in</strong></span> <span class='ocrx_word' id='word_1_217' title='bbox 194 2633 371 2709; x_wconf 79' lang='lat' dir='ltr'><strong>geometria.</strong></span> <span class='ocrx_word' id='word_1_218' title='bbox 416 2631 489 2691; x_wconf 80' lang='lat' dir='ltr'><strong>Cum</strong></span> <span class='ocrx_word' id='word_1_219' title='bbox 510 2633 598 2710; x_wconf 89' lang='lat' dir='ltr'><strong>igitur</strong></span> <span class='ocrx_word' id='word_1_220' title='bbox 620 2632 720 2709; x_wconf 88' lang='lat' dir='ltr'><strong>anguli</strong></span> <span class='ocrx_word' id='word_1_221' title='bbox 741 2632 829 2708; x_wconf 89' lang='lat' dir='ltr'><strong>hujus</strong></span> <span class='ocrx_word' id='word_1_222' title='bbox 851 2633 961 2710; x_wconf 86' lang='lat' dir='ltr'><strong>figurae</strong></span> <span class='ocrx_word' id='word_1_223' title='bbox 983 2649 1041 2692; x_wconf 92' lang='lat' dir='ltr'><strong>non</strong></span> <span class='ocrx_word' id='word_1_224' title='bbox 1062 2631 1186 2692; x_wconf 90' lang='lat' dir='ltr'><strong>doceant</strong></span> <span class='ocrx_word' id='word_1_225' title='bbox 1200 2634 1357 2708; x_wconf 87' lang='lat' dir='ltr'><strong>quicquam</strong></span> <span class='ocrx_word' id='word_1_226' title='bbox 1379 2631 1501 2695; x_wconf 85' lang='lat' dir='ltr'><strong>ulterius</strong></span> 
     </span>
     <span class='ocr_line' id='line_1_27' title="bbox 155 2718 1500 2797; baseline -0.001 -17"><span class='ocrx_word' id='word_1_227' title='bbox 155 2728 240 2781; x_wconf 83' lang='lat' dir='ltr'><strong>extra</strong></span> <span class='ocrx_word' id='word_1_228' title='bbox 262 2718 410 2792; x_wconf 88' lang='lat' dir='ltr'><strong>circulum,</strong></span> <span class='ocrx_word' id='word_1_229' title='bbox 433 2735 492 2779; x_wconf 91' lang='lat' dir='ltr'><strong>nou</strong></span> <span class='ocrx_word' id='word_1_230' title='bbox 514 2722 634 2780; x_wconf 87' lang='lat' dir='ltr'><strong>struitur</strong></span> <span class='ocrx_word' id='word_1_231' title='bbox 656 2722 743 2797; x_wconf 85' lang='lat' dir='ltr'><strong>igitur</strong></span> <span class='ocrx_word' id='word_1_232' title='bbox 766 2721 943 2797; x_wconf 83' lang='lat' dir='ltr'><strong>triangulum</strong></span> <span class='ocrx_word' id='word_1_233' title='bbox 965 2722 1137 2796; x_wconf 87' lang='lat' dir='ltr'><strong>requisitum</strong></span> <span class='ocrx_word' id='word_1_234' title='bbox 1160 2726 1241 2778; x_wconf 86' lang='lat' dir='ltr'><strong>extra</strong></span> <span class='ocrx_word' id='word_1_235' title='bbox 1263 2719 1411 2778; x_wconf 88' lang='lat' dir='ltr'><strong>circulum.</strong></span> <span class='ocrx_word' id='word_1_236' title='bbox 1434 2720 1500 2779; x_wconf 85' lang='lat' dir='ltr'><strong>Non</strong></span> 
     </span>
     <span class='ocr_line' id='line_1_28' title="bbox 155 2805 1501 2884; baseline -0.003 -15"><span class='ocrx_word' id='word_1_237' title='bbox 155 2817 199 2869; x_wconf 84' lang='lat' dir='ltr'><strong>eet</strong></span> <span class='ocrx_word' id='word_1_238' title='bbox 222 2810 313 2884; x_wconf 90' lang='lat' dir='ltr'><strong>igitur</strong></span> <span class='ocrx_word' id='word_1_239' title='bbox 334 2805 408 2866; x_wconf 89' lang='lat' dir='ltr'><strong>haee</strong></span> <span class='ocrx_word' id='word_1_240' title='bbox 429 2806 523 2884; x_wconf 84' lang='lat' dir='ltr'><strong>figura</strong></span> <span class='ocrx_word' id='word_1_241' title='bbox 545 2809 573 2865; x_wconf 92' lang='lat' dir='ltr'><strong>in</strong></span> <span class='ocrx_word' id='word_1_242' title='bbox 598 2808 736 2869; x_wconf 88' lang='lat' dir='ltr'><strong>circulum</strong></span> <span class='ocrx_word' id='word_1_243' title='bbox 758 2806 926 2884; x_wconf 87' lang='lat' dir='ltr'><strong>inscriptilis</strong></span> <span class='ocrx_word' id='word_1_244' title='bbox 948 2824 1001 2884; x_wconf 90' lang='lat' dir='ltr'><strong>per</strong></span> <span class='ocrx_word' id='word_1_245' title='bbox 1029 2806 1140 2883; x_wconf 91' lang='lat' dir='ltr'><strong>aliquid</strong></span> <span class='ocrx_word' id='word_1_246' title='bbox 1169 2823 1200 2865; x_wconf 88' lang='grc'><strong>(1</strong></span> <span class='ocrx_word' id='word_1_247' title='bbox 1222 2807 1304 2882; x_wconf 89' lang='lat' dir='ltr'><strong>prius</strong></span> <span class='ocrx_word' id='word_1_248' title='bbox 1326 2807 1355 2863; x_wconf 92' lang='lat' dir='ltr'><strong>in</strong></span> <span class='ocrx_word' id='word_1_249' title='bbox 1378 2808 1501 2867; x_wconf 89' lang='lat' dir='ltr'><strong>scientia</strong></span> 
     </span>
     <span class='ocr_line' id='line_1_29' title="bbox 155 2892 1500 2971; baseline -0.004 -15"><span class='ocrx_word' id='word_1_250' title='bbox 155 2897 201 2956; x_wconf 83' lang='lat' dir='ltr'><strong>rel</strong></span> <span class='ocrx_word' id='word_1_251' title='bbox 227 2894 433 2970; x_wconf 79' lang='lat' dir='ltr'><strong>descriptione,</strong></span> <span class='ocrx_word' id='word_1_252' title='bbox 456 2893 509 2954; x_wconf 89' lang='lat' dir='ltr'><strong>sed</strong></span> <span class='ocrx_word' id='word_1_253' title='bbox 532 2896 596 2971; x_wconf 90' lang='lat' dir='ltr'><strong>ipsa</strong></span> <span class='ocrx_word' id='word_1_254' title='bbox 618 2894 734 2955; x_wconf 89' lang='lat' dir='ltr'><strong>demum</strong></span> <span class='ocrx_word' id='word_1_255' title='bbox 755 2894 943 2971; x_wconf 83' lang='lat' dir='ltr'><strong>inscriptione</strong></span> <span class='ocrx_word' id='word_1_256' title='bbox 958 2892 1153 2971; x_wconf 89' lang='lat' dir='ltr'><strong>qualicunque</strong></span> <span class='ocrx_word' id='word_1_257' title='bbox 1177 2910 1255 2969; x_wconf 80' lang='lat' dir='ltr'><strong>vaga</strong></span> <span class='ocrx_word' id='word_1_258' title='bbox 1278 2895 1335 2951; x_wconf 90' lang='lat' dir='ltr'><strong>ista</strong></span> <span class='ocrx_word' id='word_1_259' title='bbox 1350 2895 1500 2970; x_wconf 85' lang='lat' dir='ltr'><strong>proportio</strong></span> 
     </span>
     <span class='ocr_line' id='line_1_30' title="bbox 155 2978 1504 3062; baseline -0.003 -19"><span class='ocrx_word' id='word_1_260' title='bbox 155 2985 271 3062; x_wconf 89' lang='lat' dir='ltr'><strong>cogitur</strong></span> <span class='ocrx_word' id='word_1_261' title='bbox 293 2981 330 3040; x_wconf 93' lang='grc'><strong>((1</strong></span> <span class='ocrx_word' id='word_1_262' title='bbox 354 2983 431 3041; x_wconf 91' lang='lat' dir='ltr'><strong>unici</strong></span> <span class='ocrx_word' id='word_1_263' title='bbox 454 2998 540 3041; x_wconf 88' lang='lat' dir='ltr'><strong>casus</strong></span> <span class='ocrx_word' id='word_1_264' title='bbox 563 2984 725 3058; x_wconf 87' lang='lat' dir='ltr'><strong>augustias,</strong></span> <span class='ocrx_word' id='word_1_265' title='bbox 756 2989 785 3042; x_wconf 92' lang='grc'><strong>(1</strong></span> <span class='ocrx_word' id='word_1_266' title='bbox 812 2984 855 3041; x_wconf 91' lang='lat' dir='ltr'><strong>sic</strong></span> <span class='ocrx_word' id='word_1_267' title='bbox 882 2982 1056 3059; x_wconf 89' lang='lat' dir='ltr'><strong>principium</strong></span> <span class='ocrx_word' id='word_1_268' title='bbox 1078 2983 1205 3058; x_wconf 80' lang='lat' dir='ltr'><strong>petitur3</strong></span> <span class='ocrx_word' id='word_1_269' title='bbox 1237 2986 1269 3038; x_wconf 90' lang='lat' dir='ltr'><strong>ut</strong></span> <span class='ocrx_word' id='word_1_270' title='bbox 1290 2997 1318 3038; x_wconf 91' lang='grc'><strong>1.</strong></span> <span class='ocrx_word' id='word_1_271' title='bbox 1351 2978 1381 3038; x_wconf 92' lang='lat' dir='ltr'><strong>id</strong></span> <span class='ocrx_word' id='word_1_272' title='bbox 1410 2982 1504 3056; x_wconf 87' lang='lat' dir='ltr'><strong>possit</strong></span> 
     </span>
     <span class='ocr_line' id='line_1_31' title="bbox 157 3068 1501 3148; baseline -0.004 -17"><span class='ocrx_word' id='word_1_273' title='bbox 157 3071 293 3143; x_wconf 87' lang='lat' dir='ltr'><strong>inveniri,</strong></span> <span class='ocrx_word' id='word_1_274' title='bbox 316 3086 368 3146; x_wconf 90' lang='lat' dir='ltr'><strong>per</strong></span> <span class='ocrx_word' id='word_1_275' title='bbox 390 3069 468 3145; x_wconf 91' lang='lat' dir='ltr'><strong>qnod</strong></span> <span class='ocrx_word' id='word_1_276' title='bbox 490 3068 637 3146; x_wconf 87' lang='lat' dir='ltr'><strong>perficitur</strong></span> <span class='ocrx_word' id='word_1_277' title='bbox 659 3071 818 3148; x_wconf 85' lang='lat' dir='ltr'><strong>inscriptio,</strong></span> <span class='ocrx_word' id='word_1_278' title='bbox 838 3070 974 3146; x_wconf 88' lang='lat' dir='ltr'><strong>jubemur</strong></span> <span class='ocrx_word' id='word_1_279' title='bbox 997 3068 1135 3129; x_wconf 88' lang='lat' dir='ltr'><strong>adbibere</strong></span> <span class='ocrx_word' id='word_1_280' title='bbox 1158 3071 1252 3144; x_wconf 89' lang='lat' dir='ltr'><strong>ipsam</strong></span> <span class='ocrx_word' id='word_1_281' title='bbox 1276 3069 1501 3145; x_wconf 88' lang='lat' dir='ltr'><strong>inscriptionem,</strong></span> 
     </span>
     <span class='ocr_line' id='line_1_32' title="bbox 156 3154 1022 3236; baseline -0.005 -17"><span class='ocrx_word' id='word_1_282' title='bbox 156 3161 241 3236; x_wconf 87' lang='lat' dir='ltr'><strong>quasi</strong></span> <span class='ocrx_word' id='word_1_283' title='bbox 261 3158 324 3233; x_wconf 89' lang='lat' dir='ltr'><strong>jam</strong></span> <span class='ocrx_word' id='word_1_284' title='bbox 348 3164 436 3216; x_wconf 87' lang='lat' dir='ltr'><strong>antea</strong></span> <span class='ocrx_word' id='word_1_285' title='bbox 457 3156 636 3234; x_wconf 89' lang='lat' dir='ltr'><strong>possibilem.</strong></span> <span class='ocrx_word' id='word_1_286' title='bbox 1014 3154 1022 3171; x_wconf 89' lang='lat'><em>&#39;</em></span> 
     </span>
    </p>

    <p class='ocr_par' dir='ltr' id='par_1_9' title="bbox 242 3240 1501 3321">
     <span class='ocr_line' id='line_1_33' title="bbox 242 3240 1501 3321; baseline -0.002 -17"><span class='ocrx_word' id='word_1_287' title='bbox 242 3244 330 3304; x_wconf 88' lang='lat' dir='ltr'><strong>Latet</strong></span> <span class='ocrx_word' id='word_1_288' title='bbox 358 3245 445 3320; x_wconf 91' lang='lat' dir='ltr'><strong>igitur</strong></span> <span class='ocrx_word' id='word_1_289' title='bbox 472 3246 621 3321; x_wconf 89' lang='lat' dir='ltr'><strong>proportio</strong></span> <span class='ocrx_word' id='word_1_290' title='bbox 649 3243 748 3303; x_wconf 87' lang='lat' dir='ltr'><strong>lateris</strong></span> <span class='ocrx_word' id='word_1_291' title='bbox 771 3243 820 3303; x_wconf 86' lang='lat' dir='ltr'><strong>EF</strong></span> <span class='ocrx_word' id='word_1_292' title='bbox 843 3241 880 3303; x_wconf 93' lang='lat' dir='ltr'><strong>ad</strong></span> <span class='ocrx_word' id='word_1_293' title='bbox 903 3242 982 3303; x_wconf 88' lang='grc'><strong>11111(</strong></span> <span class='ocrx_word' id='word_1_294' title='bbox 996 3242 1107 3307; x_wconf 68' lang='lat' dir='ltr'><strong>,stellae</strong></span> <span class='ocrx_word' id='word_1_295' title='bbox 1131 3241 1196 3315; x_wconf 89' lang='lat' dir='ltr'><strong>FB,</strong></span> <span class='ocrx_word' id='word_1_296' title='bbox 1230 3240 1302 3302; x_wconf 88' lang='lat' dir='ltr'><strong>latet</strong></span> <span class='ocrx_word' id='word_1_297' title='bbox 1332 3244 1451 3319; x_wconf 85' lang='lat' dir='ltr'><strong>iuquam</strong></span> <span class='ocrx_word' id='word_1_298' title='bbox 1474 3249 1501 3301; x_wconf 88' lang='lat' dir='ltr'><strong>in</strong></span> 
     </span>
    </p>
   </div>
   <div class='ocr_carea' id='block_1_9' title="bbox 24 3330 1502 3408">
    <p class='ocr_par' dir='ltr' id='par_1_10' title="bbox 24 3330 1502 3408">
     <span class='ocr_line' id='line_1_34' title="bbox 24 3330 1502 3408; baseline 0.001 -19"><span class='ocrx_word' id='word_1_299' title='bbox 24 3368 37 3407; x_wconf 58' lang='lat' dir='ltr'><strong>q</strong></span> <span class='ocrx_word' id='word_1_300' title='bbox 154 3334 280 3394; x_wconf 88' lang='lat' dir='ltr'><strong>materia</strong></span> <span class='ocrx_word' id='word_1_301' title='bbox 307 3334 519 3407; x_wconf 75' lang='lat' dir='ltr'><strong>quantitative,</strong></span> <span class='ocrx_word' id='word_1_302' title='bbox 552 3333 595 3391; x_wconf 88' lang='lat' dir='ltr'><strong>sio</strong></span> <span class='ocrx_word' id='word_1_303' title='bbox 624 3339 658 3391; x_wconf 91' lang='lat' dir='ltr'><strong>nt</strong></span> <span class='ocrx_word' id='word_1_304' title='bbox 686 3348 776 3391; x_wconf 87' lang='lat' dir='ltr'><strong>causa</strong></span> <span class='ocrx_word' id='word_1_305' title='bbox 806 3330 923 3407; x_wconf 89' lang='lat' dir='ltr'><strong>quidem</strong></span> <span class='ocrx_word' id='word_1_306' title='bbox 945 3331 1080 3408; x_wconf 85' lang='lat' dir='ltr'><strong>principii</strong></span> <span class='ocrx_word' id='word_1_307' title='bbox 1111 3331 1305 3406; x_wconf 85' lang='lat' dir='ltr'><strong>quantitatum</strong></span> <span class='ocrx_word' id='word_1_308' title='bbox 1336 3330 1502 3403; x_wconf 89' lang='lat' dir='ltr'><strong>materialis,</strong></span> 
     </span>
    </p>
   </div>
   <div class='ocr_carea' id='block_1_10' title="bbox 155 3417 1506 4986">
    <p class='ocr_par' dir='ltr' id='par_1_11' title="bbox 155 3417 1506 4986">
     <span class='ocr_line' id='line_1_35' title="bbox 156 3417 1504 3498; baseline -0.001 -18"><span class='ocrx_word' id='word_1_309' title='bbox 156 3420 237 3498; x_wconf 88' lang='lat' dir='ltr'><strong>qnod</strong></span> <span class='ocrx_word' id='word_1_310' title='bbox 260 3427 307 3481; x_wconf 87' lang='lat' dir='ltr'><strong>est</strong></span> <span class='ocrx_word' id='word_1_311' title='bbox 327 3418 496 3496; x_wconf 88' lang='lat' dir='ltr'><strong>magnitudo</strong></span> <span class='ocrx_word' id='word_1_312' title='bbox 519 3418 756 3491; x_wconf 90' lang='lat' dir='ltr'><strong>indeterminata,</strong></span> <span class='ocrx_word' id='word_1_313' title='bbox 787 3417 927 3494; x_wconf 86' lang='lat' dir='ltr'><strong>possibile</strong></span> <span class='ocrx_word' id='word_1_314' title='bbox 948 3435 1020 3477; x_wconf 90' lang='lat' dir='ltr'><strong>sane</strong></span> <span class='ocrx_word' id='word_1_315' title='bbox 1042 3422 1096 3492; x_wconf 89' lang='grc'><strong>(11,</strong></span> <span class='ocrx_word' id='word_1_316' title='bbox 1127 3418 1301 3478; x_wconf 84' lang='grc'><strong>(1111111111</strong></span> <span class='ocrx_word' id='word_1_317' title='bbox 1323 3417 1401 3477; x_wconf 91' lang='lat' dir='ltr'><strong>latus</strong></span> <span class='ocrx_word' id='word_1_318' title='bbox 1423 3426 1504 3494; x_wconf 88' lang='lat' dir='ltr'><strong>sept-</strong></span> 
     </span>
     <span class='ocr_line' id='line_1_36' title="bbox 155 3503 1504 3585; baseline -0.003 -18"><span class='ocrx_word' id='word_1_319' title='bbox 155 3507 255 3585; x_wconf 89' lang='lat' dir='ltr'><strong>anguli</strong></span> <span class='ocrx_word' id='word_1_320' title='bbox 285 3508 314 3563; x_wconf 92' lang='grc'><strong>11</strong></span> <span class='ocrx_word' id='word_1_321' title='bbox 341 3506 424 3582; x_wconf 87' lang='lat' dir='ltr'><strong>justa</strong></span> <span class='ocrx_word' id='word_1_322' title='bbox 445 3509 633 3583; x_wconf 89' lang='lat' dir='ltr'><strong>proportione</strong></span> <span class='ocrx_word' id='word_1_323' title='bbox 661 3505 712 3565; x_wconf 88' lang='lat' dir='ltr'><strong>ad·</strong></span> <span class='ocrx_word' id='word_1_324' title='bbox 731 3505 830 3565; x_wconf 88' lang='lat' dir='ltr'><strong>circuli</strong></span> <span class='ocrx_word' id='word_1_325' title='bbox 859 3505 1045 3580; x_wconf 88' lang='lat' dir='ltr'><strong>diametrum,</strong></span> <span class='ocrx_word' id='word_1_326' title='bbox 1078 3522 1143 3564; x_wconf 89' lang='lat' dir='ltr'><strong>eum</strong></span> <span class='ocrx_word' id='word_1_327' title='bbox 1175 3504 1258 3564; x_wconf 91' lang='lat' dir='ltr'><strong>detur</strong></span> <span class='ocrx_word' id='word_1_328' title='bbox 1280 3503 1392 3580; x_wconf 89' lang='lat' dir='ltr'><strong>aliquid</strong></span> <span class='ocrx_word' id='word_1_329' title='bbox 1422 3512 1504 3581; x_wconf 89' lang='lat' dir='ltr'><strong>sopt-</strong></span> 
     </span>
     <span class='ocr_line' id='line_1_37' title="bbox 156 3591 1503 3672; baseline -0.004 -17"><span class='ocrx_word' id='word_1_330' title='bbox 156 3594 256 3672; x_wconf 87' lang='lat' dir='ltr'><strong>anguli</strong></span> <span class='ocrx_word' id='word_1_331' title='bbox 279 3592 370 3653; x_wconf 87' lang='lat' dir='ltr'><strong>latero</strong></span> <span class='ocrx_word' id='word_1_332' title='bbox 392 3602 470 3654; x_wconf 90' lang='lat' dir='ltr'><strong>certo</strong></span> <span class='ocrx_word' id='word_1_333' title='bbox 493 3593 596 3670; x_wconf 90' lang='lat' dir='ltr'><strong>majus,</strong></span> <span class='ocrx_word' id='word_1_334' title='bbox 621 3592 732 3668; x_wconf 90' lang='lat' dir='ltr'><strong>aliquid</strong></span> <span class='ocrx_word' id='word_1_335' title='bbox 755 3594 849 3651; x_wconf 91' lang='lat' dir='ltr'><strong>minus</strong></span> <span class='ocrx_word' id='word_1_336' title='bbox 873 3594 901 3648; x_wconf 94' lang='lat' dir='ltr'><strong>in</strong></span> <span class='ocrx_word' id='word_1_337' title='bbox 924 3591 1133 3668; x_wconf 79' lang='lat' dir='ltr'><strong>ipsoeircu103</strong></span> <span class='ocrx_word' id='word_1_338' title='bbox 1160 3591 1351 3666; x_wconf 90' lang='lat' dir='ltr'><strong>etamplius,</strong></span> <span class='ocrx_word' id='word_1_339' title='bbox 1375 3594 1503 3651; x_wconf 88' lang='lat' dir='ltr'><strong>sectione</strong></span> 
     </span>
     <span class='ocr_line' id='line_1_38' title="bbox 155 3677 1503 3758; baseline -0.006 -17"><span class='ocrx_word' id='word_1_340' title='bbox 155 3685 183 3741; x_wconf 89' lang='grc'><strong>11</strong></span> <span class='ocrx_word' id='word_1_341' title='bbox 205 3682 352 3741; x_wconf 88' lang='lat' dir='ltr'><strong>inlinitum</strong></span> <span class='ocrx_word' id='word_1_342' title='bbox 374 3679 592 3758; x_wconf 89' lang='lat' dir='ltr'><strong>progrediente,</strong></span> <span class='ocrx_word' id='word_1_343' title='bbox 624 3698 738 3756; x_wconf 88' lang='lat' dir='ltr'><strong>semper</strong></span> <span class='ocrx_word' id='word_1_344' title='bbox 760 3678 872 3755; x_wconf 89' lang='lat' dir='ltr'><strong>aliquid</strong></span> <span class='ocrx_word' id='word_1_345' title='bbox 894 3681 990 3755; x_wconf 89' lang='lat' dir='ltr'><strong>majus</strong></span> <span class='ocrx_word' id='word_1_346' title='bbox 1013 3679 1103 3739; x_wconf 88' lang='lat' dir='ltr'><strong>latere</strong></span> <span class='ocrx_word' id='word_1_347' title='bbox 1127 3678 1176 3737; x_wconf 85' lang='lat' dir='ltr'><strong>EF</strong></span> <span class='ocrx_word' id='word_1_348' title='bbox 1200 3677 1248 3737; x_wconf 86' lang='lat' dir='ltr'><strong>vsi</strong></span> <span class='ocrx_word' id='word_1_349' title='bbox 1271 3695 1306 3738; x_wconf 93' lang='lat' dir='ltr'><strong>eo</strong></span> <span class='ocrx_word' id='word_1_350' title='bbox 1329 3681 1423 3736; x_wconf 88' lang='lat' dir='ltr'><strong>minus</strong></span> <span class='ocrx_word' id='word_1_351' title='bbox 1447 3677 1503 3737; x_wconf 88' lang='lat' dir='ltr'><strong>ali·</strong></span> 
     </span>
     <span class='ocr_line' id='line_1_39' title="bbox 156 3764 1504 3847; baseline -0.004 -18"><span class='ocrx_word' id='word_1_352' title='bbox 156 3769 228 3847; x_wconf 90' lang='lat' dir='ltr'><strong>qnid</strong></span> <span class='ocrx_word' id='word_1_353' title='bbox 251 3768 313 3829; x_wconf 92' lang='lat' dir='ltr'><strong>dari</strong></span> <span class='ocrx_word' id='word_1_354' title='bbox 336 3775 450 3845; x_wconf 83' lang='lat' dir='ltr'><strong>potest:</strong></span> <span class='ocrx_word' id='word_1_355' title='bbox 473 3776 505 3829; x_wconf 90' lang='lat' dir='ltr'><strong>at</strong></span> <span class='ocrx_word' id='word_1_356' title='bbox 526 3786 616 3828; x_wconf 90' lang='lat' dir='ltr'><strong>causa</strong></span> <span class='ocrx_word' id='word_1_357' title='bbox 638 3768 711 3844; x_wconf 88' lang='lat' dir='ltr'><strong>ejus,</strong></span> <span class='ocrx_word' id='word_1_358' title='bbox 735 3766 815 3843; x_wconf 89' lang='lat' dir='ltr'><strong>qnod</strong></span> <span class='ocrx_word' id='word_1_359' title='bbox 837 3775 882 3826; x_wconf 91' lang='lat' dir='ltr'><strong>est</strong></span> <span class='ocrx_word' id='word_1_360' title='bbox 904 3769 933 3824; x_wconf 93' lang='lat' dir='ltr'><strong>in</strong></span> <span class='ocrx_word' id='word_1_361' title='bbox 950 3766 1162 3842; x_wconf 87' lang='lat' dir='ltr'><strong>quantitatibus</strong></span> <span class='ocrx_word' id='word_1_362' title='bbox 1184 3764 1313 3839; x_wconf 85' lang='lat' dir='ltr'><strong>formale,</strong></span> <span class='ocrx_word' id='word_1_363' title='bbox 1336 3764 1504 3843; x_wconf 86' lang='lat' dir='ltr'><strong>simpliciter</strong></span> 
     </span>
     <span class='ocr_line' id='line_1_40' title="bbox 157 3852 1503 3934; baseline -0.004 -15"><span class='ocrx_word' id='word_1_364' title='bbox 157 3868 200 3919; x_wconf 89' lang='grc'><strong>((1</strong></span> <span class='ocrx_word' id='word_1_365' title='bbox 223 3855 423 3934; x_wconf 89' lang='lat' dir='ltr'><strong>impossibile,</strong></span> <span class='ocrx_word' id='word_1_366' title='bbox 454 3857 523 3932; x_wconf 91' lang='lat' dir='ltr'><strong>qula</strong></span> <span class='ocrx_word' id='word_1_367' title='bbox 550 3855 644 3933; x_wconf 87' lang='lat' dir='ltr'><strong>ligura</strong></span> <span class='ocrx_word' id='word_1_368' title='bbox 672 3854 839 3932; x_wconf 89' lang='lat' dir='ltr'><strong>septanguli</strong></span> <span class='ocrx_word' id='word_1_369' title='bbox 867 3862 897 3914; x_wconf 89' lang='grc'><strong>11</strong></span> <span class='ocrx_word' id='word_1_370' title='bbox 926 3854 1063 3913; x_wconf 90' lang='lat' dir='ltr'><strong>similium</strong></span> <span class='ocrx_word' id='word_1_371' title='bbox 1085 3852 1190 3914; x_wconf 89' lang='lat' dir='ltr'><strong>mediis</strong></span> <span class='ocrx_word' id='word_1_372' title='bbox 1212 3854 1362 3928; x_wconf 86' lang='lat' dir='ltr'><strong>omnibus,</strong></span> <span class='ocrx_word' id='word_1_373' title='bbox 1396 3852 1503 3929; x_wconf 89' lang='lat' dir='ltr'><strong>quibus</strong></span> 
     </span>
     <span class='ocr_line' id='line_1_41' title="bbox 157 3941 1504 4023; baseline -0.004 -17"><span class='ocrx_word' id='word_1_374' title='bbox 157 3945 258 4023; x_wconf 87' lang='lat' dir='ltr'><strong>aliqua</strong></span> <span class='ocrx_word' id='word_1_375' title='bbox 279 3943 379 4003; x_wconf 90' lang='lat' dir='ltr'><strong>lateris</strong></span> <span class='ocrx_word' id='word_1_376' title='bbox 401 3951 480 4003; x_wconf 86' lang='lat' dir='ltr'><strong>certa</strong></span> <span class='ocrx_word' id='word_1_377' title='bbox 501 3945 650 4021; x_wconf 88' lang='lat' dir='ltr'><strong>proportio</strong></span> <span class='ocrx_word' id='word_1_378' title='bbox 675 3941 888 4003; x_wconf 86' lang='lat' dir='ltr'><strong>demonstretur</strong></span> <span class='ocrx_word' id='word_1_379' title='bbox 908 3943 1119 4016; x_wconf 78' lang='lat' dir='ltr'><strong>inveniaturre,</strong></span> <span class='ocrx_word' id='word_1_380' title='bbox 1143 3948 1173 4002; x_wconf 92' lang='grc'><strong>(1</strong></span> <span class='ocrx_word' id='word_1_381' title='bbox 1193 3942 1237 4001; x_wconf 90' lang='lat' dir='ltr'><strong>sic</strong></span> <span class='ocrx_word' id='word_1_382' title='bbox 1257 3942 1429 4001; x_wconf 85' lang='lat' dir='ltr'><strong>formatione</strong></span> <span class='ocrx_word' id='word_1_383' title='bbox 1451 3957 1504 4000; x_wconf 91' lang='lat' dir='ltr'><strong>seu</strong></span> 
     </span>
     <span class='ocr_line' id='line_1_42' title="bbox 158 4028 1506 4108; baseline -0.004 -16"><span class='ocrx_word' id='word_1_384' title='bbox 158 4032 399 4095; x_wconf 89' lang='lat' dir='ltr'><strong>determinatione</strong></span> <span class='ocrx_word' id='word_1_385' title='bbox 421 4031 556 4091; x_wconf 85' lang='lat' dir='ltr'><strong>noscibili</strong></span> <span class='ocrx_word' id='word_1_386' title='bbox 577 4032 693 4108; x_wconf 89' lang='lat' dir='ltr'><strong>penitus</strong></span> <span class='ocrx_word' id='word_1_387' title='bbox 717 4038 803 4091; x_wconf 78' lang='lat' dir='ltr'><strong>caret.</strong></span> <span class='ocrx_word' id='word_1_388' title='bbox 849 4028 936 4105; x_wconf 85' lang='lat' dir='ltr'><strong>Quod</strong></span> <span class='ocrx_word' id='word_1_389' title='bbox 957 4048 1023 4090; x_wconf 90' lang='lat' dir='ltr'><strong>cum</strong></span> <span class='ocrx_word' id='word_1_390' title='bbox 1045 4033 1087 4089; x_wconf 89' lang='lat' dir='ltr'><strong>ita</strong></span> <span class='ocrx_word' id='word_1_391' title='bbox 1108 4031 1158 4104; x_wconf 88' lang='lat' dir='ltr'><strong>sit,</strong></span> <span class='ocrx_word' id='word_1_392' title='bbox 1184 4046 1272 4106; x_wconf 90' lang='lat' dir='ltr'><strong>quare</strong></span> <span class='ocrx_word' id='word_1_393' title='bbox 1294 4045 1390 4106; x_wconf 89' lang='lat' dir='ltr'><strong>neque</strong></span> <span class='ocrx_word' id='word_1_394' title='bbox 1412 4028 1506 4104; x_wconf 86' lang='lat' dir='ltr'><strong>ligura</strong></span> 
     </span>
     <span class='ocr_line' id='line_1_43' title="bbox 161 4115 1503 4197; baseline -0.004 -17"><span class='ocrx_word' id='word_1_395' title='bbox 161 4123 199 4180; x_wconf 83' lang='grc'><strong>14</strong></span> <span class='ocrx_word' id='word_1_396' title='bbox 221 4117 399 4197; x_wconf 90' lang='lat' dir='ltr'><strong>angulorum</strong></span> <span class='ocrx_word' id='word_1_397' title='bbox 421 4121 450 4178; x_wconf 92' lang='grc'><strong>11</strong></span> <span class='ocrx_word' id='word_1_398' title='bbox 473 4119 626 4191; x_wconf 88' lang='lat' dir='ltr'><strong>circulum,</strong></span> <span class='ocrx_word' id='word_1_399' title='bbox 657 4118 740 4194; x_wconf 88' lang='lat' dir='ltr'><strong>cujus</strong></span> <span class='ocrx_word' id='word_1_400' title='bbox 763 4117 976 4178; x_wconf 89' lang='lat' dir='ltr'><strong>semidiameter</strong></span> <span class='ocrx_word' id='word_1_401' title='bbox 998 4120 1037 4178; x_wconf 88' lang='lat' dir='ltr'><strong>sit</strong></span> <span class='ocrx_word' id='word_1_402' title='bbox 1059 4117 1129 4192; x_wconf 86' lang='lat' dir='ltr'><strong>AP,</strong></span> <span class='ocrx_word' id='word_1_403' title='bbox 1152 4116 1270 4176; x_wconf 88' lang='lat' dir='ltr'><strong>inscribi</strong></span> <span class='ocrx_word' id='word_1_404' title='bbox 1292 4122 1391 4192; x_wconf 89' lang='lat' dir='ltr'><strong>potest</strong></span> <span class='ocrx_word' id='word_1_405' title='bbox 1412 4115 1503 4176; x_wconf 88' lang='lat' dir='ltr'><strong>latere</strong></span> 
     </span>
     <span class='ocr_line' id='line_1_44' title="bbox 159 4203 1505 4283; baseline -0.004 -16"><span class='ocrx_word' id='word_1_406' title='bbox 159 4208 218 4279; x_wconf 84' lang='grc' dir='ltr'><strong>ΒΡ,</strong></span> <span class='ocrx_word' id='word_1_407' title='bbox 242 4224 339 4283; x_wconf 90' lang='lat' dir='ltr'><strong>neque</strong></span> <span class='ocrx_word' id='word_1_408' title='bbox 362 4206 425 4283; x_wconf 84' lang='lat' dir='ltr'><strong>ejus</strong></span> <span class='ocrx_word' id='word_1_409' title='bbox 447 4205 508 4268; x_wconf 86' lang='lat' dir='ltr'><strong>duo&#39;</strong></span> <span class='ocrx_word' id='word_1_410' title='bbox 528 4206 621 4267; x_wconf 91' lang='lat' dir='ltr'><strong>latera</strong></span> <span class='ocrx_word' id='word_1_411' title='bbox 644 4209 781 4283; x_wconf 87' lang='lat' dir='ltr'><strong>contigua</strong></span> <span class='ocrx_word' id='word_1_412' title='bbox 803 4223 863 4265; x_wconf 88' lang='lat' dir='ltr'><strong>una</strong></span> <span class='ocrx_word' id='word_1_413' title='bbox 884 4212 963 4266; x_wconf 88' lang='lat' dir='ltr'><strong>recta</strong></span> <span class='ocrx_word' id='word_1_414' title='bbox 985 4206 1035 4265; x_wconf 86' lang='lat' dir='ltr'><strong>EF</strong></span> <span class='ocrx_word' id='word_1_415' title='bbox 1057 4203 1193 4264; x_wconf 89' lang='lat' dir='ltr'><strong>subtendi</strong></span> <span class='ocrx_word' id='word_1_416' title='bbox 1213 4210 1345 4280; x_wconf 87' lang='lat' dir='ltr'><strong>possunt,</strong></span> <span class='ocrx_word' id='word_1_417' title='bbox 1368 4218 1444 4279; x_wconf 89' lang='lat' dir='ltr'><strong>qnae</strong></span> <span class='ocrx_word' id='word_1_418' title='bbox 1466 4205 1505 4262; x_wconf 91' lang='lat' dir='ltr'><strong>sit</strong></span> 
     </span>
     <span class='ocr_line' id='line_1_45' title="bbox 159 4292 1504 4372; baseline -0.003 -18"><span class='ocrx_word' id='word_1_419' title='bbox 159 4294 236 4356; x_wconf 88' lang='lat' dir='ltr'><strong>latus</strong></span> <span class='ocrx_word' id='word_1_420' title='bbox 260 4295 420 4372; x_wconf 83' lang='lat' dir='ltr'><strong>heptagoni</strong></span> <span class='ocrx_word' id='word_1_421' title='bbox 442 4297 472 4352; x_wconf 91' lang='lat' dir='ltr'><strong>in</strong></span> <span class='ocrx_word' id='word_1_422' title='bbox 494 4293 545 4354; x_wconf 90' lang='lat' dir='ltr'><strong>illo</strong></span> <span class='ocrx_word' id='word_1_423' title='bbox 569 4295 693 4354; x_wconf 91' lang='lat' dir='ltr'><strong>circulo:</strong></span> <span class='ocrx_word' id='word_1_424' title='bbox 717 4311 813 4369; x_wconf 90' lang='lat' dir='ltr'><strong>neque</strong></span> <span class='ocrx_word' id='word_1_425' title='bbox 834 4294 914 4352; x_wconf 85' lang='lat' dir='ltr'><strong>latus</strong></span> <span class='ocrx_word' id='word_1_426' title='bbox 936 4294 1080 4352; x_wconf 88' lang='lat' dir='ltr'><strong>boccum</strong></span> <span class='ocrx_word' id='word_1_427' title='bbox 1103 4292 1243 4351; x_wconf 88' lang='lat' dir='ltr'><strong>diametro</strong></span> <span class='ocrx_word' id='word_1_428' title='bbox 1266 4292 1427 4368; x_wconf 87' lang='lat' dir='ltr'><strong>comparari</strong></span> <span class='ocrx_word' id='word_1_429' title='bbox 1448 4306 1504 4367; x_wconf 88' lang='lat' dir='ltr'><strong>po·</strong></span> 
     </span>
     <span class='ocr_line' id='line_1_46' title="bbox 159 4376 1505 4458; baseline -0.003 -17"><span class='ocrx_word' id='word_1_430' title='bbox 159 4386 234 4456; x_wconf 92' lang='lat' dir='ltr'><strong>terit,</strong></span> <span class='ocrx_word' id='word_1_431' title='bbox 257 4399 323 4443; x_wconf 90' lang='lat' dir='ltr'><strong>cum</strong></span> <span class='ocrx_word' id='word_1_432' title='bbox 338 4384 384 4441; x_wconf 89' lang='grc'><strong>,(11</strong></span> <span class='ocrx_word' id='word_1_433' title='bbox 406 4389 510 4443; x_wconf 90' lang='lat' dir='ltr'><strong>natura</strong></span> <span class='ocrx_word' id='word_1_434' title='bbox 531 4400 585 4441; x_wconf 89' lang='lat' dir='ltr'><strong>sua</strong></span> <span class='ocrx_word' id='word_1_435' title='bbox 608 4382 834 4458; x_wconf 88' lang='lat' dir='ltr'><strong>comparationis</strong></span> <span class='ocrx_word' id='word_1_436' title='bbox 856 4383 974 4456; x_wconf 87' lang='lat' dir='ltr'><strong>ignotas</strong></span> <span class='ocrx_word' id='word_1_437' title='bbox 997 4379 1034 4438; x_wconf 90' lang='grc'><strong>((1</strong></span> <span class='ocrx_word' id='word_1_438' title='bbox 1049 4378 1228 4440; x_wconf 88' lang='lat' dir='ltr'><strong>diametrum.</strong></span> <span class='ocrx_word' id='word_1_439' title='bbox 1266 4376 1371 4454; x_wconf 91' lang='lat' dir='ltr'><strong>Itaque</strong></span> <span class='ocrx_word' id='word_1_440' title='bbox 1393 4376 1505 4437; x_wconf 89' lang='lat' dir='ltr'><strong>nullum</strong></span> 
     </span>
     <span class='ocr_line' id='line_1_47' title="bbox 161 4465 1504 4547; baseline -0.002 -18"><span class='ocrx_word' id='word_1_441' title='bbox 161 4488 288 4547; x_wconf 88' lang='lat' dir='ltr'><strong>unquam</strong></span> <span class='ocrx_word' id='word_1_442' title='bbox 312 4468 446 4547; x_wconf 85' lang='lat' dir='ltr'><strong>regulare</strong></span> <span class='ocrx_word' id='word_1_443' title='bbox 468 4468 673 4547; x_wconf 90' lang='lat' dir='ltr'><strong>septangnlum</strong></span> <span class='ocrx_word' id='word_1_444' title='bbox 696 4487 714 4529; x_wconf 93' lang='lat' dir='ltr'><strong>a</strong></span> <span class='ocrx_word' id='word_1_445' title='bbox 737 4485 884 4545; x_wconf 88' lang='lat' dir='ltr'><strong>quoquam</strong></span> <span class='ocrx_word' id='word_1_446' title='bbox 907 4474 1102 4528; x_wconf 87' lang='lat' dir='ltr'><strong>constructum</strong></span> <span class='ocrx_word' id='word_1_447' title='bbox 1124 4473 1182 4541; x_wconf 89' lang='lat' dir='ltr'><strong>est,</strong></span> <span class='ocrx_word' id='word_1_448' title='bbox 1205 4466 1314 4524; x_wconf 88' lang='lat' dir='ltr'><strong>sciente</strong></span> <span class='ocrx_word' id='word_1_449' title='bbox 1337 4471 1366 4525; x_wconf 89' lang='lat' dir='ltr'><strong>et</strong></span> <span class='ocrx_word' id='word_1_450' title='bbox 1387 4465 1504 4526; x_wconf 87' lang='lat' dir='ltr'><strong>volente</strong></span> 
     </span>
     <span class='ocr_line' id='line_1_48' title="bbox 161 4552 1503 4635; baseline -0.002 -18"><span class='ocrx_word' id='word_1_451' title='bbox 161 4563 190 4617; x_wconf 90' lang='lat' dir='ltr'><strong>et</strong></span> <span class='ocrx_word' id='word_1_452' title='bbox 211 4575 246 4619; x_wconf 86' lang='grc'><strong>(1</strong></span> <span class='ocrx_word' id='word_1_453' title='bbox 268 4559 419 4635; x_wconf 85' lang='lat' dir='ltr'><strong>proposito</strong></span> <span class='ocrx_word' id='word_1_454' title='bbox 442 4564 564 4635; x_wconf 84' lang='lat' dir='ltr'><strong>agente:</strong></span> <span class='ocrx_word' id='word_1_455' title='bbox 595 4574 649 4617; x_wconf 89' lang='grc'><strong>11(</strong></span> <span class='ocrx_word' id='word_1_456' title='bbox 676 4558 803 4629; x_wconf 85' lang='lat' dir='ltr'><strong>construi</strong></span> <span class='ocrx_word' id='word_1_457' title='bbox 832 4564 929 4633; x_wconf 90' lang='lat' dir='ltr'><strong>potest</strong></span> <span class='ocrx_word' id='word_1_458' title='bbox 952 4572 987 4616; x_wconf 86' lang='lat' dir='ltr'><strong>er</strong></span> <span class='ocrx_word' id='word_1_459' title='bbox 1009 4557 1174 4633; x_wconf 89' lang='lat' dir='ltr'><strong>proposito,</strong></span> <span class='ocrx_word' id='word_1_460' title='bbox 1204 4552 1257 4613; x_wconf 88' lang='lat' dir='ltr'><strong>sed</strong></span> <span class='ocrx_word' id='word_1_461' title='bbox 1283 4554 1358 4613; x_wconf 89' lang='lat' dir='ltr'><strong>bene</strong></span> <span class='ocrx_word' id='word_1_462' title='bbox 1385 4554 1503 4614; x_wconf 84' lang='lat' dir='ltr'><strong>fortuito</strong></span> 
     </span>
     <span class='ocr_line' id='line_1_49' title="bbox 161 4644 1433 4723; baseline -0.006 -18"><span class='ocrx_word' id='word_1_463' title='bbox 161 4648 287 4706; x_wconf 73' lang='lat' dir='ltr'><strong>conssul</strong></span> <span class='ocrx_word' id='word_1_464' title='bbox 311 4653 430 4722; x_wconf 87' lang='lat' dir='ltr'><strong>posset,</strong></span> <span class='ocrx_word' id='word_1_465' title='bbox 453 4651 601 4706; x_wconf 89' lang='lat' dir='ltr'><strong>ettamen</strong></span> <span class='ocrx_word' id='word_1_466' title='bbox 624 4646 750 4723; x_wconf 88' lang='lat' dir='ltr'><strong>ignorari</strong></span> <span class='ocrx_word' id='word_1_467' title='bbox 772 4660 892 4704; x_wconf 88' lang='lat' dir='ltr'><strong>necesse</strong></span> <span class='ocrx_word' id='word_1_468' title='bbox 915 4650 968 4719; x_wconf 86' lang='lat' dir='ltr'><strong>est,</strong></span> <span class='ocrx_word' id='word_1_469' title='bbox 992 4644 1066 4703; x_wconf 87' lang='lat' dir='ltr'><strong>sitne</strong></span> <span class='ocrx_word' id='word_1_470' title='bbox 1089 4647 1282 4703; x_wconf 68' lang='lat' dir='ltr'><strong>condrucium</strong></span> <span class='ocrx_word' id='word_1_471' title='bbox 1306 4657 1343 4700; x_wconf 93' lang='lat' dir='ltr'><strong>an</strong></span> <span class='ocrx_word' id='word_1_472' title='bbox 1365 4659 1433 4702; x_wconf 89' lang='lat' dir='ltr'><strong>nou.</strong></span> 
     </span>
     <span class='ocr_line' id='line_1_50' title="bbox 247 4727 1504 4809; baseline -0.006 -17"><span class='ocrx_word' id='word_1_473' title='bbox 247 4731 376 4809; x_wconf 87' lang='lat' dir='ltr'><strong>Objiniat</strong></span> <span class='ocrx_word' id='word_1_474' title='bbox 397 4732 445 4791; x_wconf 88' lang='lat' dir='ltr'><strong>bic</strong></span> <span class='ocrx_word' id='word_1_475' title='bbox 466 4732 536 4791; x_wconf 88' lang='lat' dir='ltr'><strong>mibi</strong></span> <span class='ocrx_word' id='word_1_476' title='bbox 559 4731 666 4809; x_wconf 88' lang='lat' dir='ltr'><strong>aliquis</strong></span> <span class='ocrx_word' id='word_1_477' title='bbox 690 4732 850 4792; x_wconf 89' lang='lat' dir='ltr'><strong>doctrinam</strong></span> <span class='ocrx_word' id='word_1_478' title='bbox 865 4731 1059 4808; x_wconf 80' lang='lat' dir='ltr'><strong>analyticam,</strong></span> <span class='ocrx_word' id='word_1_479' title='bbox 1083 4731 1120 4790; x_wconf 89' lang='lat' dir='ltr'><strong>ab</strong></span> <span class='ocrx_word' id='word_1_480' title='bbox 1145 4729 1242 4788; x_wconf 81' lang='lat' dir='ltr'><strong>Arabe</strong></span> <span class='ocrx_word' id='word_1_481' title='bbox 1259 4727 1349 4789; x_wconf 88' lang='lat' dir='ltr'><strong>Gebri</strong></span> <span class='ocrx_word' id='word_1_482' title='bbox 1372 4728 1504 4789; x_wconf 90' lang='lat' dir='ltr'><strong>denomi-</strong></span> 
     </span>
     <span class='ocr_line' id='line_1_51' title="bbox 161 4815 1505 4905; baseline -0.004 -28"><span class='ocrx_word' id='word_1_483' title='bbox 161 4826 258 4879; x_wconf 83' lang='lat' dir='ltr'><strong>natam</strong></span> <span class='ocrx_word' id='word_1_484' title='bbox 285 4820 450 4905; x_wconf 76' lang='lat' dir='ltr'><strong>aIgebram,</strong></span> <span class='ocrx_word' id='word_1_485' title='bbox 478 4820 583 4880; x_wconf 85' lang='lat' dir='ltr'><strong>Italico</strong></span> <span class='ocrx_word' id='word_1_486' title='bbox 612 4820 758 4881; x_wconf 82' lang='lat' dir='ltr'><strong>vocabulo</strong></span> <span class='ocrx_word' id='word_1_487' title='bbox 791 4836 921 4879; x_wconf 84' lang='lat' dir='ltr'><strong>rossam:</strong></span> <span class='ocrx_word' id='word_1_488' title='bbox 954 4817 1087 4879; x_wconf 87' lang='lat' dir='ltr'><strong>videntur</strong></span> <span class='ocrx_word' id='word_1_489' title='bbox 1114 4818 1189 4878; x_wconf 91' lang='lat' dir='ltr'><strong>enim</strong></span> <span class='ocrx_word' id='word_1_490' title='bbox 1212 4819 1242 4875; x_wconf 90' lang='lat' dir='ltr'><strong>in</strong></span> <span class='ocrx_word' id='word_1_491' title='bbox 1265 4835 1300 4878; x_wconf 92' lang='grc'><strong>1(</strong></span> <span class='ocrx_word' id='word_1_492' title='bbox 1322 4815 1505 4876; x_wconf 88' lang='lat' dir='ltr'><strong>determinari</strong></span> 
     </span>
     <span class='ocr_line' id='line_1_52' title="bbox 161 4903 1504 4986; baseline -0.004 -20"><span class='ocrx_word' id='word_1_493' title='bbox 161 4923 247 4983; x_wconf 87' lang='lat' dir='ltr'><strong>posse</strong></span> <span class='ocrx_word' id='word_1_494' title='bbox 268 4909 364 4969; x_wconf 88' lang='lat' dir='ltr'><strong>omnia</strong></span> <span class='ocrx_word' id='word_1_495' title='bbox 384 4910 499 4986; x_wconf 86' lang='lat' dir='ltr'><strong>generis</strong></span> <span class='ocrx_word' id='word_1_496' title='bbox 521 4905 735 4986; x_wconf 81' lang='lat' dir='ltr'><strong>polygonornm</strong></span> <span class='ocrx_word' id='word_1_497' title='bbox 757 4907 859 4972; x_wconf 86' lang='lat' dir='ltr'><strong>latera.</strong></span> <span class='ocrx_word' id='word_1_498' title='bbox 904 4904 994 4965; x_wconf 90' lang='lat' dir='ltr'><strong>Verbi</strong></span> <span class='ocrx_word' id='word_1_499' title='bbox 1017 4922 1109 4969; x_wconf 85' lang='lat' dir='ltr'><strong>eausa</strong></span> <span class='ocrx_word' id='word_1_500' title='bbox 1130 4908 1160 4967; x_wconf 88' lang='grc'><strong>11</strong></span> <span class='ocrx_word' id='word_1_501' title='bbox 1181 4903 1355 4985; x_wconf 82' lang='lat' dir='ltr'><strong>septangulo</strong></span> <span class='ocrx_word' id='word_1_502' title='bbox 1378 4903 1420 4962; x_wconf 90' lang='grc'><strong>(1(</strong></span> <span class='ocrx_word' id='word_1_503' title='bbox 1433 4918 1504 4981; x_wconf 90' lang='lat' dir='ltr'><strong>pro·</strong></span> 
     </span>
    </p>
   </div>
   <div class='ocr_carea' id='block_1_11' title="bbox 0 0 1911 5860">
    <p class='ocr_par' dir='ltr' id='par_1_12' title="bbox 0 0 1911 5860">
     <span class='ocr_line' id='line_1_53' title="bbox 0 0 1911 5860; baseline 0 0"><span class='ocrx_word' id='word_1_504' title='bbox 0 0 1911 5860; x_wconf 95' lang='lat' dir='ltr'><strong> </strong></span> 
     </span>
    </p>
   </div>
  </div>
 </body>
</html>
