3940 5856
394 345 458 413 m
842 350 844 357 ⁴
992 340 1137 413 appendix

391 520 544 599 simplicia,
567 522 736 599 quaemihi
759 528 827 582 sunt
842 524 984 584 concinna
1005 522 1126 581 minima
1141 520 1271 597 dissona,
1294 528 1382 583 tonus
1400 520 1502 597 major,
1525 520 1627 595 minor,
1651 521 1740 581 seml-

393 612 513 685 toninm,
537 608 643 686 diesis3
673 609 733 669 slis
750 609 818 691 'vult
840 628 904 672 ssss
927 628 964 671 ex
979 609 1032 670 rhis
1055 610 1234 686 composita,
1269 625 1345 685 quae
1369 624 1425 683 ego
1453 608 1660 668 consonantias
1684 627 1739 688 ap·

349 709 353 720 “
392 696 480 775 pello.
526 697 617 773 Atqui
643 699 817 756 sententiam
845 698 920 757 hanc
947 706 1095 770 veterum,
1129 695 1205 773 quod
1229 697 1439 755 consonantiae
1469 704 1681 771 componantur
1703 714 1739 757 er

392 783 555 845 intervallis
573 785 734 844 minoribus
755 791 894 861 tunquam
915 792 1021 844 natms
1042 783 1200 863 prioribus,
1224 798 1280 858 ego
1295 784 1423 843 refutavi
1445 798 1581 861 expresse
1596 786 1693 860 capite
1708 786 1738 843 4.

391 873 450 932 mei
470 872 536 931 libri
559 870 621 943 ΠΙ,
654 878 787 946 ostenso,
821 870 899 948 quod
929 874 1043 932 minora
1071 888 1087 931 e
1116 873 1259 930 contrario
1292 873 1421 930 oriantur
1448 887 1484 930 er
1511 872 1646 930 consonis
1673 888 1738 931 sese

391 958 561 1035 majoribus.
581 963 653 1032 (vl.)
693 957 802 1019 Tertio·
815 959 890 1020 libro
905 959 1033 1038 explicat
1046 966 1177 1036 systema
1192 975 1245 1017 seu
1260 957 1371 1020 scalam
1385 959 1537 1030 musicam,
1561 974 1637 1033 quse
1652 975 1739 1034 prae·

393 1047 480 1125 cipue
501 1063 569 1122 pars
592 1053 637 1104 est
658 1048 716 1106 mei
738 1046 804 1107 libri
827 1047 882 1109 111.
907 1065 926 1106 a
949 1063 1012 1125 cap.
1036 1049 1066 1104 4.
1091 1063 1183 1121 usque
1206 1043 1244 1104 ad
1268 1046 1297 1105 9.
1342 1043 1460 1121 Reliqui
1486 1050 1612 1121 quatuor
1634 1054 1739 1106 sucto-

391 1135 431 1193 ris
452 1132 519 1193 libri
542 1133 644 1211 praxin
666 1133 785 1208 babent,
807 1151 895 1209 quem
918 1150 973 1208 ego
997 1151 1033 1193 ne
1055 1134 1168 1209 attingo
1190 1130 1317 1208 quiderm
1362 1131 1437 1191 Nam
1464 1133 1495 1191 in
1517 1130 1571 1189 IV.
1595 1131 1632 1192 de
1653 1150 1737 1193 men·

390 1237 460 1281 sura
480 1227 576 1280 tactus
600 1224 723 1296 ejusque
745 1220 838 1281 modis
862 1224 951 1282 rariis
973 1227 1004 1282 et
1026 1220 1281 1280 valoremotarum
1304 1236 1355 1297 per
1370 1236 1422 1280 eus
1444 1219 1596 1301 praecipit,
1619 1219 1656 1280 de
1678 1238 1736 1297 quo

392 1325 447 1385 ego
470 1306 597 1386 paucula
618 1305 671 1366 lib.
692 1307 746 1369 Ill.
771 1326 834 1386 cap.
862 1309 909 1367 15.
941 1315 971 1367 et
991 1307 1042 1369 lib.
1064 1307 1118 1366 IV.
1142 1324 1205 1386 cap.
1231 1308 1261 1367 3.
1284 1310 1371 1381 (vn.)
1413 1306 1448 1366 ln
1469 1305 1507 1365 V.
1538 1306 1627 1367 hebet
1649 1312 1758 1384 prae-¹

395 1400 480 1473 cepta
509 1397 715 1471 compositoris
745 1403 848 1456 cantus
869 1395 1001 1472 figurati,
1031 1412 1119 1471 quam
1143 1404 1236 1455 artem
1267 1412 1323 1472 ego
1354 1409 1413 1454 non
1435 1392 1580 1473 profiteor.
1625 1394 1660 1453 ln
1683 1395 1736 1455 VI.

392 1483 517 1542 excurrit
539 1484 628 1542 etiam
651 1482 688 1541 ad
712 1485 794 1542 varic
815 1485 1007 1543 instrumenta
1027 1484 1154 1555 musice,
1186 1481 1221 1541 de
1244 1483 1351 1558 quibus
1374 1499 1429 1559 ego
1458 1498 1495 1542 ue
1518 1483 1646 1557 eogitari
1669 1484 1737 1560 qui·

393 1568 469 1630 dem.
514 1569 548 1627 ln
571 1568 641 1628 Vll.
665 1569 790 1647 denique
812 1570 922 1630 novum
945 1573 1168 1630 instrumentum
1190 1571 1253 1646 ipse
1276 1572 1379 1645 aperit
1396 1573 1485 1641 (vm.)
1525 1567 1559 1627 In
1581 1569 1627 1628 his
1649 1572 1737 1647 igitur

394 1659 413 1715 t
436 1658 590 1734 postremis
612 1655 662 1715 ille
685 1659 728 1717 sic
750 1676 769 1717 a
790 1676 836 1718 me
859 1658 962 1733 differt,
986 1664 1019 1716 ut
1039 1659 1185 1736 practicus
1208 1656 1414 1730 atlreuretleo,
1437 1673 1505 1716 nam
1520 1670 1572 1739 pru
1587 1672 1633 1729 eo,
1656 1657 1735 1737 quod

392 1746 456 1822 ipse
480 1743 567 1804 docet
588 1760 762 1822 componere
784 1745 877 1807 melos
899 1745 1025 1823 plurium
1048 1761 1162 1818 vocum,
1188 1760 1243 1820 ago
1266 1743 1526 1804 demonstrationes
1548 1743 1736 1806 matbemati-

395 1848 447 1890 cas
469 1834 610 1891 concinno
633 1833 845 1911 plerorumque,
869 1850 946 1910 quae
969 1831 1137 1892 naturaliter
1159 1834 1258 1891 insunt
1280 1835 1309 1889 in
1333 1838 1420 1891 cantu
1442 1839 1502 1890 tam
1515 1828 1628 1891 uberali
1649 1850 1737 1910 quam

391 1917 526 1995 figurato.
541 1923 608 1993 (IX.)
641 1919 802 1998 Propterea
824 1922 911 1981 etiam
935 1921 1079 1997 tuipsius
1101 1937 1187 1996 opere
1208 1918 1349 1995 Plurimae
1366 1919 1595 1995 suntpictnrae3
1619 1921 1649 1978 in
1671 1938 1736 1983 meo

396 2005 608 2083 diagrammata
631 2008 842 2068 'mathematica
867 2009 959 2067 literis
990 2010 1139 2069 instructa.
1160 2012 1231 2080 (x.)
1259 2005 1370 2066 Videas
1392 2008 1496 2084 etiam,
1526 2008 1622 2081 ipsum
1644 2004 1737 2084 pluri-

395 2111 474 2153 mum
497 2092 635 2156 delectari
658 2112 751 2155 rerum
775 2096 990 2172 aenigmatibus
1012 2095 1190 2169 tenebrosis,
1209 2092 1287 2153 ‘cum
1311 2111 1366 2170 ego
1388 2110 1434 2153 res
1457 2096 1537 2169 ipsas
1560 2092 1737 2157 obscuritate

393 2179 541 2243 involutas
563 2183 593 2240 in
615 2180 710 2244 lucem
732 2183 899 2244 intellectus
920 2181 1048 2263 prolerre
1070 2184 1156 2244 nitar.
1200 2180 1278 2241 lllud
1300 2180 1420 2258 quidem
1440 2180 1583 2241 familiare
1607 2183 1738 2262 estcby-

399 2270 497 2343 micis,
520 2269 700 2344 bermeticis,
724 2269 937 2343 Parscelsistis,
958 2270 1016 2329 boe
1037 2272 1186 2346 proprium
1206 2268 1317 2329 habent
1338 2267 1545 2329 mathematici.
1567 2273 1635 2341 (xl.)

481 2354 624 2433 Adeoque
652 2359 739 2417 etiam
761 2357 844 2417 libris
866 2357 905 2416 ll.
930 2365 959 2417 et
980 2355 1040 2431 ΙΙΙ,
1073 2358 1126 2415 ubi
1158 2355 1280 2416 eandem
1310 2372 1423 2416 mecum
1451 2363 1556 2417 uaetut
1577 2358 1738 2432 materiem,

395 2441 452 2503 boc
474 2442 647 2503 discriminis
670 2452 715 2503 est
737 2447 810 2505 iuter
832 2461 900 2515 nus,
933 2443 1011 2519 quod
1035 2459 1111 2519 quae
1133 2446 1196 2520 lpse
1219 2445 1389 2503 transsumit
1410 2461 1428 2504 a
1451 2445 1611 2516 veteribus,
1643 2461 1738 2521 egos

392 2546 487 2588 rernm
509 2522 614 2590 natura
636 2547 705 2591 eruo
728 2540 758 2592 et
780 2533 819 2591 ab
841 2533 913 2608 ipsis
935 2529 1130 2590 fundamentis
1153 2532 1317 2607 eonstitu03
1341 2533 1422 2607 ipse,
1452 2547 1528 2606 quae
1548 2534 1677 2607 aceepit,
1703 2549 1740 2591 ea

393 2616 514 2677 confusa
537 2613 672 2698 (propter
703 2621 851 2680 variantes
877 2617 1053 2678 tradentium
1075 2614 1251 2699 sententias)
1274 2627 1304 2679 st
1332 2619 1653 2694 inconsummatum,
1682 2636 1737 2695 ego

387 2704 520 2763 'naturali
544 2705 644 2765 ordine
667 2705 807 2785 procedo,
837 2714 870 2767 ut
892 2707 990 2765 omnia
1011 2705 1170 2766 secundum
1197 2703 1278 2782 leges
1300 2712 1422 2765 naturae
1444 2708 1503 2764 sint
1525 2704 1680 2779 erpendsta
1710 2713 1740 2766 et

395 2792 526 2852 conlusio
549 2795 673 2868 vitetur,
706 2793 840 2870 adeoque
868 2793 1045 2868 nequidem
1075 2792 1113 2852 ad
1137 2800 1269 2852 veterum
1290 2792 1401 2869 placita
1416 2791 1546 2870 'applico
1570 2796 1737 2867 constitute,

393 2880 447 2938 niel
471 2881 521 2941 ubi
545 2880 677 2941 conlusio
699 2880 1039 2957 nullasequitur.(x11.)
1075 2880 1138 2954 lta,
1169 2881 1220 2940 ubi
1252 2897 1309 2956 ego
1338 2887 1451 2941 veteres
1479 2896 1616 2956 expresse
1644 2881 1738 2941 refuto

302 2988 331 3051 ι·
393 2965 548 3028 decausis
571 2967 842 3029 concordantiamm
866 2967 1049 3039 disserentes,
1072 2967 1114 3026 ibi
1137 2965 1186 3027 ille
1208 2975 1324 3028 veteres
1346 2968 1419 3028 citra
1430 2967 1623 3029 dubitationis
1643 2967 1739 3029 aleam

394 3056 534 3130 sequitur,
559 3053 595 3115 de
618 3058 715 3115 causis
738 3056 900 3116 verioribus
921 3071 958 3113 ne
982 3056 1093 3128 cogitat
1115 3052 1240 3129 quidem
1256 3059 1346 3128 (xm.)
1393 3052 1457 3116 Une
1474 3055 1574 3127 verbu,
1599 3057 1626 3114 in
1650 3054 1740 3116 disci·

394 3140 474 3219 plina
495 3141 665 3203 harmonica
688 3143 759 3202 alter
782 3145 923 3225 musicum
951 3144 1014 3218 agit
1036 3140 1170 3202 vocalem
1197 3149 1227 3202 et
1248 3143 1513 3216 instrumentalem,
1546 3142 1619 3203 alter
1641 3142 1740 3221 philo·

392 3228 516 3305 sophum
540 3236 570 3290 et
591 3230 836 3292 mathematicum.
1143 3216 1150 3237 Χ
1733 3306 1735 3309 v

481 3315 551 3377 Jam
573 3317 611 3376 ad
634 3317 757 3378 alterum
780 3316 907 3377 auctoris
929 3314 1026 3376 locum
1050 3323 1245 3389 censeamus,
1278 3316 1327 3375 ubi
1356 3317 1496 3375 musicam
1520 3315 1583 3375 ille.
1599 3318 1630 3373 in
1652 3333 1740 3375 mun·

395 3402 465 3464 dum
488 3403 654 3465 introducit.
698 3404 756 3465 Hic
777 3421 848 3464 vero
871 3405 997 3463 immane
1019 3411 1160 3477 quantum
1183 3405 1258 3461 inter
1271 3396 1325 3463 nos
1342 3401 1495 3463 discrimen
1512 3413 1566 3464 est.
1611 3403 1739 3463 Primum

394 3509 468 3566 quas
490 3491 540 3553 ille
561 3486 728 3553 harmonias
758 3491 863 3552 docere
893 3489 1039 3564 intendit,
1063 3506 1117 3549 eac
1138 3498 1207 3549 sunt
1236 3492 1308 3550 meri
1336 3491 1533 3566 symbolismi,
1566 3490 1603 3553 de
1631 3492 1739 3566 quibus

358 3578 368 3631 l
393 3577 471 3638 idem
494 3578 579 3653 dico,
611 3577 690 3655 quod
712 3577 749 3638 de
771 3577 970 3657 symbolismis
992 3576 1167 3651 Ptolemaei,
1198 3579 1331 3650 publicos
1352 3580 1452 3653 potius
1475 3594 1539 3638 esse
1566 3584 1618 3637 aut
1639 3586 1739 3639 orato-

357 3630 366 3715 i
395 3667 463 3739 rios,
487 3683 576 3743 quem
598 3664 819 3743 philosophicos
842 3664 1244 3734 sutmsthernaucos.(x1v.)
1283 3663 1367 3725 Haec
1383 3667 1480 3725 anima
1497 3673 1542 3725 est
1556 3667 1646 3724 totins
1661 3665 1741 3725 illins

286 3786 293 3793 -
336 3770 342 3784 ’
393 3754 498 3831 operis,
522 3761 555 3814 ut
577 3753 625 3814 vel
647 3771 684 3813 ex
706 3753 792 3813 titulo
815 3759 897 3829 patet
918 3752 1111 3811 Macrocosmi
1134 3758 1163 3812 et
1177 3748 1372 3810 Microeosmi.
1417 3752 1538 3812 Nam‘iu
1552 3760 1631 3812 tomo
1647 3754 1739 3813 altero

392 3839 590 3901 demonstrare
618 3841 720 3918 procul
744 3840 835 3901 dubio
865 3839 996 3900 intendet
1007 3814 1123 3915 {nobile
1145 3835 1219 3897 illud
1249 3837 1364 3912 thema,
1392 3840 1484 3899 tutius
1512 3839 1613 3899 mundi
1641 3842 1740 3915 magni

393 3930 580 4003 omniumque
609 3928 673 4004 ejus
700 3928 826 4005 partium
856 3926 938 3987 ideas
961 3928 1078 4004 reperiri
1109 3928 1137 3984 in
1161 3916 1308 4018 homine]
1332 3925 1416 3987 Haec
1446 3925 1550 3987 eadem
1575 3929 1673 3988 anime
1695 3934 1740 3987 est

394 4023 424 4074 et
446 4016 530 4092 primi
552 4017 634 4093 tomi,
657 4017 729 4091 quia
751 4022 844 4075 totum
866 4014 1007 4074 muudum
1029 4013 1228 4074 distribuitis
1251 4020 1310 4072 tres
1330 4015 1481 4090 regiones,
1507 4015 1558 4074 ubi
1579 4015 1740 4075 seeundum

395 4101 654 4163 celebratissimum
688 4101 759 4161 illud
782 4100 929 4162 Hermetis
956 4104 1074 4162 axioma
1100 4118 1212 4177 supera
1232 4100 1346 4160 nmilia
1372 4118 1424 4162 sen
1447 4100 1576 4179 analoga
1596 4102 1667 4162 iacit
1688 4104 1739 4160 irc·

388 4191 471 4266 feris.
515 4188 598 4251 Haeo
631 4206 700 4250 vero
729 4187 867 4267 analogia
889 4196 920 4248 ut
943 4207 996 4265 per
1018 4191 1117 4248 omnia
1141 4187 1297 4261 succedat,
1327 4205 1416 4265 saepe
1438 4189 1564 4249 crinibus
1596 4188 1740 4250 mahenda

392 4283 468 4350 sunt,
492 4293 569 4352 quae
591 4278 728 4353 ubisque
750 4282 963 4354 comparantur.
980 4279 1057 4345 (XV)
1087 4275 1158 4335 Mea
1179 4274 1216 4334 de
1238 4274 1382 4350 analogiis
1405 4278 1552 4336 sententis
1573 4294 1609 4335 ex
1624 4276 1739 4354 digres-

391 4363 474 4424 sione
501 4365 531 4421 in
564 4365 645 4425 calce
668 4366 725 4424 mei
746 4362 812 4422 libri
836 4364 892 4423 111.
924 4370 1019 4440 patet3
1050 4365 1185 4422 nimirum
1216 4365 1270 4421 etsi
1300 4362 1439 4438 somogia
1467 4366 1687 4442 proportionum
1709 4366 1740 4422 in

390 4450 575 4528 geometricis
597 4450 720 4512 termule
743 4450 814 4528 quid
837 4459 891 4523 est,
914 4456 1048 4527 respectu
1071 4452 1163 4529 ipsius
1179 4450 1317 4509 materiae
1339 4453 1554 4524 quantitativae
1569 4450 1739 4521 indefinitae

391 4546 421 4599 et
442 4537 697 4612 indeterminatae,
726 4546 823 4599 tamen
846 4545 980 4614 respectu
1002 4540 1222 4614 proportionum
1245 4537 1477 4597 harmonicorum
1499 4539 1659 4600 materialis
1682 4556 1739 4616 po·

391 4627 448 4684 tins
471 4625 589 4686 effectio
612 4634 710 4703 potest
731 4625 848 4698 baberi,
878 4626 948 4701 quia
971 4642 1036 4683 cum
1060 4625 1246 4684 harmonicae
1274 4627 1479 4701 proportiones
1510 4634 1620 4687 certam
1642 4645 1739 4704 quau·

393 4714 507 4772 ritatem
531 4711 679 4787 deliniant,
702 4712 858 4790 analogiae
881 4720 982 4772 contra
1013 4729 1045 4772 se
1068 4714 1140 4790 ipsis
1161 4713 1191 4769 in
1214 4709 1358 4771 inlinitum
1381 4706 1531 4775 exeumer'e
1559 4722 1629 4775 sunt
1650 4721 1738 4792 aptae

389 4801 483 4861 etsie
504 4800 690 4861 materialem
713 4799 868 4865 infinitatis,
887 4799 1072 4861 affectionem
1095 4805 1271 4878 supponunt.
