3872 5846
295 308 392 407 *m
740 332 783 388 ns
801 328 1066 401 commemorem
1083 328 1263 385 namanes.

326 534 396 580 sam
417 533 451 578 se
473 516 545 594 ipsis
576 529 613 573 aa
636 514 666 570 ia
688 510 776 572 rebus
798 508 887 569 aliis-i
930 505 1019 585 Quod
1041 510 1130 585 igitur
1151 508 1274 570 senrica
1302 509 1473 571 barmoniae
1494 511 1613 586 attinet,
1642 509 1682 573 ad

283 610 286 649 :
326 622 427 668 mm
442 603 514 664 um
536 607 662 679 quatuor
682 599 741 658 ista
763 604 953 656 concurrunt:
980 592 1014 678 1)
1034 595 1114 657 duaa
1135 613 1181 657 res
1204 594 1327 657 sensiles
1350 596 1482 674 ejusdem
1505 600 1628 675 genesis,
1652 605 1682 659 et

282 706 288 757 ξ
329 702 479 773 quantae,
510 697 544 749 ut
571 690 646 747 inter
674 703 708 746 se
737 686 898 763 comparari
929 686 1043 760 possint
1071 700 1160 744 musa
1190 685 1379 761 quantitatis,
1420 684 1451 761 l)
1473 688 1572 747 anima
1602 704 1683 748 com-

284 824 291 939 l

327 798 449 861 parans,
484 773 516 851 ii)
536 776 665 851 receptio
693 771 844 832 rusilium
874 772 1046 844 brirmsnm,
1080 768 1113 851 4)
1140 770 1247 832 idonea
1272 774 1438 849 proportio,
1468 790 1545 850 quae
1577 772 1682 835 defini·

329 879 375 930 tur
405 867 567 928 harmonia
612 861 725 921 Horum
756 876 815 918 uno
838 858 971 933 subiato,
1002 856 1113 919 tollitur
1135 857 1251 919 sensilis
1273 859 1434 919 harmonia.
1481 860 1584 923 Facile
1606 863 1687 923 enim

329 965 375 1018 est
397 952 575 1028 intelligere,
605 957 739 1008 uatrrram
761 947 930 1006 harmoniae
960 961 1020 1004 non
1048 962 1113 1006 esse
1137 944 1331 1009 definiendam
1361 964 1413 1027 per
1440 949 1520 1009 solas
1545 965 1592 1010 res
1613 966 1683 1011 sen·

329 1043 408 1117 siles,
431 1048 465 1100 ut
485 1056 538 1117 per
560 1054 664 1097 sonum
688 1033 735 1095 rel
758 1032 872 1095 radium
893 1031 1017 1095 atellae'
1045 1031 1144 1093 ¹Aliud
1166 1050 1197 1093 n,
1220 1042 1265 1094 est
1287 1050 1392 1110 sonus,·
1420 1035 1500 1096 aliud
1524 1035 1597 1097 ordo
1618 1053 1683 1097 eer-

331 1140 378 1192 tus
402 1131 478 1189 iuter
499 1124 632 1187 diversos
654 1138 760 1197 sonos3
791 1120 856 1181 dico
885 1128 983 1180 autem
1014 1118 1145 1180 ordinem
1173 1118 1231 1181 hoe
1252 1120 1334 1195 loco,
1364 1139 1422 1181 non
1445 1140 1536 1183 causa
1557 1126 1631 1195 situs
1653 1125 1682 1182 in

331 1216 431 1295 aliquo
456 1214 524 1274 loco
552 1213 689 1291 physico,
716 1224 772 1269 nec
802 1218 891 1268 cansa
918 1208 1072 1283 temporis,
1101 1204 1152 1269 sed
1185 1224 1275 1269 musa
1296 1211 1437 1269 acuminis
1468 1220 1497 1272 at
1519 1212 1682 1288 gravitatis.

241 1372 254 1379 5
331 1306 461 1365 Possunt
482 1302 571 1377 igitur
593 1316 657 1359 esse
680 1299 744 1357 anni
768 1295 885 1371 diversi,
908 1304 939 1354 at
961 1296 1018 1354 nisi
1040 1296 1079 1354 sit
1101 1296 1175 1356 inter
1196 1297 1278 1374 ipsos
1301 1304 1396 1358 certus
1420 1296 1500 1373 ordo,
1523 1300 1574 1376 qui
1597 1299 1683 1361 certis

331 1409 384 1470 pro
406 1390 571 1451 ortionibut
599 1385 751 1459 definitur,
781 1401 811 1442 re
843 1381 1068 1462 mathematica,
1098 1381 1181 1444 nulla
1207 1385 1262 1443 erlt
1294 1386 1369 1444 inter
1402 1380 1490 1446 uoces
1522 1385 1682 1448 harmonia.

332 1479 471 1540 Vicissim
493 1492 566 1537 sono
589 1472 719 1545 subiato,
750 1486 895 1548 quaenam
919 1468 1045 1547 confingi
1066 1472 1161 1546 possit
1185 1470 1338 1533 harmonia
1358 1470 1514 1553 audibilis,
1543 1481 1574 1533 et
1594 1471 1685 1535 radiis

291 1598 294 1607 ·
333 1567 518 1646 planetarum
541 1561 674 1636 sublatis,
698 1575 844 1637 quaenam
865 1557 1019 1617 harmonia
1033 1555 1317 1634 configurationuml
1364 1559 1506 1637 Amplior,
1530 1562 1601 1637 qaia
1614 1560 1684 1621 bar·

333 1655 433 1715 monia
454 1651 567 1712 musica
589 1665 647 1707 non
670 1655 715 1706 est
736 1662 835 1719 sonus,
859 1644 912 1705 sed
934 1642 1060 1722 plurium
1082 1660 1222 1705 senorum
1245 1646 1326 1719 urdo,
1349 1647 1418 1708 hinc
1439 1650 1580 1724 seqnitur,
1602 1646 1685 1708 illam

335 1759 399 1805 aare
422 1742 450 1799 in
473 1736 709 1817 praedicamento
732 1732 891 1794 relationis.
936 1729 1017 1792 Ordo
1045 1733 1136 1807 enim,
1169 1731 1207 1793 de
1229 1749 1289 1810 quo
1318 1733 1367 1794 bic
1387 1734 1552 1812 loqmmor,
1580 1735 1684 1796 relatio

336 1839 381 1890 est
409 1835 440 1888 et
462 1825 597 1885 ordinata
623 1830 690 1881 sunt
718 1819 757 1881 ad
785 1821 909 1880 invicem
941 1818 1043 1880 relata
1088 1817 1156 1895 Qua
1176 1820 1267 1896 igitur
1288 1837 1319 1881 re
1348 1825 1412 1881 suni
1435 1830 1504 1882 sunt
1524 1823 1685 1897 harmonia,

335 1916 366 1976 id
387 1914 522 1976 acddens
546 1922 599 1985 est,
622 1911 731 1986 quippe
753 1906 833 1983 quud
855 1909 885 1966 in
907 1907 1048 1983 subjectis
1071 1908 1165 1982 inest,
1199 1910 1395 1969 necseorsim
1417 1912 1551 1970 consistit
1569 1917 1686 1988 potest·

336 2022 393 2081 qao
415 2003 519 2063 abesse
543 2003 615 2058 eitrs
637 1997 835 2073 subiectorum
858 1996 1080 2071 corruptionem
1129 1992 1260 2069 Deinde,
1289 1997 1365 2056 sieut
1387 1999 1536 2077 quantitas
1566 1998 1594 2056 iu
1618 1998 1685 2059 uul-

209 2142 215 2155 .
335 2106 453 2153 versum
480 2098 501 2147 a‘
530 2085 701 2163 corporibus
729 2083 831 2159 nequit
858 2082 987 2159 separari
1016 2081 1091 2155 suis,
1120 2079 1173 2142 aad
1195 2074 1301 2159 putest'
1314 2083 1390 2146 bane
1420 2086 1521 2164 augeri
1544 2093 1573 2145 at
1594 2086 1687 2144 minui

337 2196 403 2239 eum
424 2177 497 2254 ipsis
520 2172 699 2250 corporibus,
722 2178 751 2230 et
773 2178 869 2229 tamen
893 2167 1030 2229 accidens
1053 2175 1106 2243 est,
1127 2170 1170 2229 sic
1192 2171 1280 2230 etiam
1299 2170 1369 2231 ordo
1384 2173 1448 2249 lpse
1470 2189 1617 2247 sonorum,
1640 2173 1686 2233 cui

336 2272 370 2326 ut
390 2265 489 2344 generi
510 2261 692 2321 harmoniam
715 2255 902 2333 subjecimus,
926 2255 989 2316 tolli
1011 2270 1070 2314 nun
1086 2264 1185 2334 potest
1206 2274 1225 2317 a
1250 2259 1330 2317 aunis
1351 2257 1485 2336 pluribus
1499 2277 1568 2334 uno,
1591 2276 1688 2337 quan·

337 2355 421 2413 litate
444 2350 586 2411 acuminis
608 2354 638 2408 et
659 2346 814 2424 gravitatis
836 2346 910 2404 inter
931 2361 963 2404 ae
986 2342 1145 2419 diademis,
1173 2361 1241 2405 nam
1263 2353 1316 2405 aut
1337 2346 1435 2423 plures
1457 2364 1522 2408 esse
1547 2346 1688 2421 desinem,

337 2447 390 2501 aut
412 2439 437 2498 si
459 2437 573 2514 plures,
602 2436 656 2494 erit
678 2436 752 2492 inter
774 2433 854 2510 ipsos
883 2429 955 2491 urdo
977 2430 1137 2491 seeundum
1167 2449 1318 2493 excessum
1348 2440 1378 2494 et
1400 2433 1561 2509 deiectum3
1589 2439 1688 2494 mub-

338 2526 405 2587 bilis
427 2524 478 2584 ille
501 2522 628 2602 quidem,
651 2522 676 2580 si
699 2519 897 2594 sanectorum
918 2518 1075 2579 relatorum
1090 2519 1213 2578 aiterum
1234 2527 1370 2582 mutetur.
1416 2519 1496 2583 Ordo
1511 2522 1599 2599 igitur
1621 2538 1688 2582 cum

339 2612 554 2692 quantitatibus
585 2616 616 2670 et
645 2610 674 2667 ia
706 2608 805 2683 specie
836 2622 902 2667 eum
929 2622 1050 2666 numero
1080 2607 1144 2683 pari
1167 2623 1254 2685 passu
1282 2609 1422 2669 ambulat
1467 2609 1584 2683 Tertio,
1614 2610 1690 2669 slent

280 2760 287 2783 ,
339 2717 475 2761 nnmems
508 2688 651 2758 definitur'
668 2711 733 2755 esee
762 2692 919 2754 multitudo
950 2710 985 2753 ex
1015 2692 1178 2755 unitatibus
1210 2695 1348 2769 mndata,
1382 2698 1413 2755 in
1435 2712 1494 2773 qun
1518 2695 1690 2756 Aristoteles

340 2789 475 2866 agnoscit
506 2782 619 2862 aliquid
647 2784 787 2842 materiae
820 2779 983 2856 analogon,
1016 2781 1144 2842 unitates
1172 2780 1283 2843 scilicet
1310 2782 1389 2858 ejus,
1423 2782 1537 2860 aliquid
1557 2783 1689 2857 formale,

338 2877 445 2953 menda
468 2879 651 2950 conceptum,
674 2885 750 2946 quae
773 2884 862 2927 unam
885 2884 1061 2945 quoeunque
1084 2876 1229 2945 respecta
1240 2877 1405 2945 separatam
1428 2889 1447 2930 a
1469 2873 1588 2945 ceteris,
1612 2870 1690 2931 mul-

339 2961 493 3023 titudinem
520 2959 637 3020 illamm
675 2958 820 3016 unitatum
857 2955 1047 3033 singularium
1079 2960 1227 3034 agnoscit3
1263 2959 1364 3034 itaque
1395 2957 1465 3018 aiibi
1497 2957 1690 3035 philosophus

341 3049 435 3123 idem,
458 3047 576 3108 sublata
599 3046 698 3106 anima
718 3049 903 3118 numerante,
936 3042 999 3103 tolli
1025 3045 1067 3104 ait
1094 3060 1209 3106 omnem
1232 3060 1397 3118 numerum,
1430 3052 1462 3105 at
1482 3062 1540 3105 nna
1563 3047 1690 3107 unitates

340 3135 489 3214 singalas,
518 3142 558 3194 ut·
579 3135 622 3193 ita
649 3147 786 3191 numerus
814 3130 1003 3191 matsriaiiter
1030 3132 1069 3192 sit
1099 3132 1128 3191 in
1158 3133 1244 3195 rebus
1268 3133 1353 3211 ipsis,
1384 3132 1457 3192 nibil
1478 3141 1594 3210 praeter
1615 3131 1691 3208 illas,

342 3226 399 3284 slei
421 3220 542 3282 accedat
563 3237 645 3282 mens
666 3232 838 3293 numerans,
868 3226 939 3278 tunc
961 3216 1077 3279 demum
1100 3221 1177 3281 enim
1199 3236 1336 3281 numerus
1357 3227 1473 3298 praeter
1492 3236 1538 3281 res
1561 3222 1640 3298 ipsas
1664 3226 1693 3280 et

342 3310 470 3371 erebus
493 3309 658 3369 abstractus
679 3312 725 3367 eat
746 3303 893 3365 diversum
916 3305 1029 3383 aliquid
1052 3307 1090 3366 ab
1113 3309 1200 3385 ipsis,
1232 3314 1338 3368 estse.
1363 3316 1521 3386 conceptus
1543 3309 1572 3368 ln
1594 3314 1692 3369 mente

341 3397 519 3478 pluralitatis
540 3413 634 3457 rerum
657 3391 891 3470 individuarumq
913 3394 956 3454 sic
978 3396 1065 3454 etiam
1089 3393 1161 3455 ordo
1183 3382 1246 3473 ipse
1268 3411 1404 3455 sonorum
1427 3404 1457 3456 et
1479 3395 1602 3456 morum
1623 3412 1692 3456 sen·

342 3485 466 3558 silium,
481 3488 542 3560 qu'o
564 3482 670 3543 dehic
692 3483 821 3558 agimus,
852 3496 910 3541 non
932 3489 979 3542 est
1000 3483 1158 3559 quicquam
1181 3481 1276 3558 aliud,
1307 3499 1395 3558 qnam
1420 3483 1477 3559 ipsi
1498 3483 1561 3543 soni
1585 3482 1692 3560 plures,

343 3574 401 3633 nisi
420 3570 543 3637 armat
564 3586 655 3643 mena,
679 3584 849 3647 comparans
872 3584 962 3629 sonos
984 3571 1058 3629 inter
1079 3586 1112 3630 se
1134 3568 1298 3631 disserentes
1318 3572 1460 3645 acumine,
1484 3577 1514 3631 ot
1535 3572 1565 3628 in
1587 3586 1693 3647 genere

343 3660 447 3723 calado
475 3660 569 3718 omnis
597 3659 660 3717 sine
687 3664 783 3717 mente
811 3655 883 3715 nihil
906 3664 951 3718 est
971 3663 1175 3734 praeterquam
1205 3674 1259 3718 sua
1280 3657 1386 3732 relata,
1420 3660 1492 3734 qula
1521 3656 1613 3718 relata
1633 3673 1694 3716 non

344 3754 413 3808 sunt
438 3747 469 3806 id
491 3744 742 3823 quadriremem,
772 3744 829 3803 nisi
852 3761 934 3804 mens
963 3744 1065 3821 aliqua
1086 3753 1282 3823 supponatur,
1312 3758 1388 3823 quas
1416 3744 1523 3807 raiemt
1543 3762 1634 3805 unum
1655 3743 1693 3805 ad

432 3918 519 3998 Quod
546 3921 635 3997 igitur
653 3919 695 3976 -in
717 3934 823 3996 genme
850 3917 889 3979 da
917 3916 1018 3979 ordine
1047 3916 1143 3996 deque
1164 3917 1306 3980 relatione
1333 3935 1435 3978 rernm
1456 3923 1517 3992 est,
1548 3917 1577 3976 id
1600 3915 1693 3976 mnbo

274 3968 279 3977 Ι
346 4010 472 4071 maxime
493 4004 723 4068 subsrrmendunr
747 4005 783 4068 de
805 4005 971 4081 harmonia,
1000 4022 1076 4083 qnae
1099 4008 1128 4065 in
1151 4010 1338 4085 proportione
1364 4006 1498 4066 censistit
1525 4005 1615 4081 inque
1636 4018 1694 4064 nu·

346 4098 506 4160 matiana
528 4095 656 4172 partium
678 4095 854 4169 quantitatis
874 4092 1055 4169 aequalium,
1079 4093 1191 4155 scilicet
1213 4101 1245 4154 ut
1259 4095 1401 4154 subsistat
1422 4100 1452 4155 et
1471 4099 1506 4151 nt
1521 4108 1579 4152 cccc
1600 4092 1695 4169 possit

346 4185 447 4263 aliqua
473 4180 591 4244 sensilis
612 4180 776 4255 harmonia,
807 4187 922 4257 praeter
944 4179 1018 4241 duos
1047 4181 1169 4243 sensiles
1191 4185 1328 4243 terminos
1357 4189 1489 4258 oportere
1516 4186 1546 4239 et
1566 4180 1695 4241 animem

346 4290 410 4335 esse
433 4275 663 4349 comparantem
685 4267 742 4328 bac
764 4269 840 4329 enim
862 4267 997 4341 sublata,
1020 4269 1134 4329 termini
1156 4269 1274 4347 quidem
1297 4274 1381 4330 erunt
1402 4267 1461 4328 duo
1484 4266 1619 4344 sensilia,
1642 4265 1694 4327 sed

346 4376 406 4423 non
429 4366 513 4420 erunt
534 4372 595 4417 uua
616 4355 783 4433 harmonia,
807 4370 859 4416 ens
881 4354 1011 4415 rationis.

433 4443 601 4507 Videndum
630 4459 707 4503 nunc
732 4444 822 4504 etiarn
849 4441 886 4504 de
915 4443 1017 4515 tertio,
1048 4458 1088 4501 sc.
1120 4441 1157 4504 de
1178 4445 1344 4521 receptlmae
1375 4458 1468 4503 rerum
1490 4439 1641 4502 sensilium
1663 4441 1694 4498 in

282 4546 286 4553 '
348 4536 476 4596 animam
499 4531 621 4609 ejusque
643 4533 817 4591 necessitate
845 4537 876 4590 et
895 4528 993 4590 modo.
1038 4528 1181 4591 Nimirum
1209 4530 1363 4591 harmonia
1385 4537 1431 4591 eat
1459 4544 1505 4590 res
1528 4545 1604 4604 una,
1635 4534 1695 4588 icr-

349 4623 419 4684 mini
440 4618 562 4682 musiles
583 4618 654 4680 ioris
676 4625 758 4678 extra
779 4618 907 4679 animam
928 4628 986 4675 non
1009 4624 1077 4676 sunt
1098 4633 1144 4679 res
1167 4634 1244 4689 una,
1273 4634 1327 4677 aec
1348 4618 1464 4693 uspiam
1485 4617 1542 4676 nisi
1564 4617 1643 4675 lutus
1665 4615 1696 4673 in

349 4711 448 4771 mima
468 4714 593 4787 possunt
615 4705 747 4765 adunari
791 4705 858 4766 Non
878 4710 1003 4783 possunt
1016 4720 1088 4763 veru
1110 4705 1188 4765 latus
1211 4720 1285 4779 esse,
1307 4707 1363 4764 nbi
1379 4706 1533 4764 introrsum
1547 4704 1696 4780 recipian-

348 4794 506 4875 tur,=qund
527 4793 626 4857 multis
648 4794 745 4857 verbis
767 4793 805 4854 ab
827 4792 1007 4872 experientia
1027 4792 1145 4871 probari
1172 4808 1232 4853 non
1254 4798 1300 4853 est
1322 4808 1405 4870 opus.
1450 4790 1556 4853 Potest
1577 4788 1696 4868 quidem
