3792 5860
741 614 790 665 rig.
803 614 825 657 5.

227 698 510 763 III.Dslinitio.
532 700 589 764 Sa·
961 707 989 760 v?

143 787 331 867 mirsgnlares
342 795 423 863 sunt,
444 805 520 865 qnae
533 807 589 850 an·

143 876 229 955 gulos
237 878 396 952 variantes,
408 875 503 937 latera
512 894 588 954 qua·

97 1010 103 1017 ,
143 971 209 1024 tuor
234 963 347 1026 habent
377 963 529 1041 aequalia,
557 974 589 1025 ut

144 1046 260 1113 rhombi
281 1049 413 1129 NMPO,
437 1051 558 1113 GEKD.
863 1115 880 1165 ὖ
1037 1092 1060 1136 5

229 1225 287 1285 IV.
311 1225 545 1305 Propoeltio.
591 1225 700 1289 Omnes
720 1225 831 1306 figuras
852 1225 1001 1305 regulares
1023 1224 1139 1305 angulis
1168 1230 1231 1289 suis¹
1252 1234 1387 1295 omnibus
1408 1230 1495 1298 simul

146 1313 242 1376 eidem
265 1313 373 1375 clreulo
395 1321 520 1393 possunt
540 1315 682 1377 insistere.

230 1397 305 1453 Nam
321 1413 370 1467 per
386 1398 429 1453 21.
446 1397 520 1453 tertii
536 1398 660 1455 Euclidis
686 1411 780 1453 onnes
798 1394 891 1467 anguli
909 1395 1046 1466 aequales,
1065 1395 1152 1452 eidem
1169 1399 1254 1457 etsie
1271 1403 1353 1459 etiam
1371 1405 1494 1475 ejusdem

146 1475 242 1533 circuli
260 1490 293 1530 ae
312 1475 420 1531 ualibna
438 1476 584 1545 segmentis
601 1478 712 1535 inscribi
730 1484 854 1547 possunt,
872 1482 1045 1533 enatantem
1062 1480 1262 1550 omnesanguli
1279 1483 1409 1549 regrrlsris
1427 1483 1495 1552 fign-

145 1562 191 1603 rae
209 1561 284 1614 aequ
313 1560 356 1616 es,
382 1562 477 1603 omnes
500 1547 583 1616 igitur
604 1549 685 1603 unius
708 1548 812 1619 figurae
832 1547 928 1617 anguli
951 1545 1110 1615 aequalibus
1133 1547 1213 1605 unius
1230 1551 1324 1608 cuculi
1348 1555 1494 1624 segmentis

145 1630 266 1696 possunt
280 1623 400 1679 inscribi.
435 1624 490 1680 Sed
507 1631 536 1681 et
553 1632 616 1683 actu
634 1642 727 1684 omnes
745 1627 856 1683 inscribi
872 1641 984 1683 necesse
1002 1630 1057 1693 est,
1077 1640 1131 1679 uno
1148 1625 1286 1698 inscripto.
1322 1631 1392 1687 Nam
1408 1631 1495 1688 latera

146 1705 238 1761 omnia
256 1708 322 1761 sunt
339 1704 471 1777 aequalia,
489 1721 573 1777 quare
591 1706 673 1762 etiam
691 1712 755 1762 sunt
772 1705 897 1775 aequalia
914 1709 1054 1776 segmenta
1071 1702 1176 1774 citeub,
1201 1722 1270 1775 quae
1291 1724 1308 1763 a
1325 1710 1395 1765 binis
1413 1711 1494 1766 unius

146 1782 241 1853 anguli
263 1780 395 1837 lateribus
419 1782 584 1840 obsecuntur
603 1784 694 1855 (Eucl.
713 1784 836 1853 111.24).
870 1785 945 1853 Ergo
969 1789 1025 1837 tam
1047 1781 1162 1851 angulus
1184 1799 1266 1854 qnam
1288 1786 1405 1845 laterum
1425 1789 1494 1847 fines

146 1860 228 1918 umal
255 1861 284 1917 in
302 1862 418 1918 eundem
439 1862 569 1921 circulum
587 1869 753 1935 competunt.
788 1862 871 1918 Fines
889 1878 953 1918 vero
971 1860 1088 1918 laterum
1112 1867 1176 1933 sunt
1194 1869 1222 1916 et
1238 1863 1293 1933 ipsi
1310 1867 1412 1937 anguli.
1448 1870 1495 1924 Sa·

106 1972 111 1984 ·
146 1959 194 1998 cns
213 1946 290 1998 esset
307 1942 342 2012 ai,
361 1943 482 2016 quamvis
498 1943 658 2015 aequalibus
676 1939 796 2011 coquus,
820 1940 907 1997 latera
925 1957 980 1997 non
999 1946 1090 1997 essent
1107 1941 1244 2009 aequalia:
1267 1950 1335 2002 tune
1351 1947 1424 2003 enim
1442 1946 1495 2003 dis·

146 2019 301 2076 solveretur
318 2020 467 2076 necessitas
483 2020 668 2091 inscriptionis
687 2019 812 2077 omnium.

235 2095 274 2155 V.
298 2095 504 2159 Delinitio.
546 2096 718 2158 Describere
740 2095 862 2172 figuram
891 2100 952 2166 est,
975 2094 1192 2173 proportionem
1212 2093 1356 2157 linearum
1380 2100 1495 2177 augulis

148 2184 355 2244 subtenearum
386 2182 425 2244 ad
454 2183 554 2262 anguli
583 2201 666 2244 crura
693 2184 868 2260 geometrico
896 2187 965 2242 actu
997 2180 1201 2258 determinare;
1224 2200 1269 2243 ex
1298 2184 1495 2249 determinatis

146 2274 295 2350 triangula
316 2271 426 2350 figurae
449 2272 636 2337 elementaria
657 2276 838 2346 construere,
862 2287 899 2331 ex
921 2268 1074 2346 triangnlIs
1096 2270 1237 2331 consutis
1258 2270 1381 2350 liguram
1401 2276 1496 2353 ipsane

137 2420 140 2424 ,
165 2360 296 2421 erficere.
351 2392 353 2397 .
1304 2366 1308 2401 ⁸

146 2378 164 2438 p
234 2443 309 2497 Data
320 2440 391 2497 enim
402 2442 577 2510 proportione
589 2441 641 2499 DA
655 2440 691 2496 ad
703 2440 762 2511 ΑΕ,
782 2440 832 2496 ΕΙ)
851 2438 906 2510 (fig.
918 2440 955 2508 3),
974 2437 1044 2495 liunt
1061 2439 1293 2513 triangulaDAE,
1311 2440 1392 2510 Dat),
1410 2443 1495 2501 GAB:

149 2539 183 2579 ex
201 2521 303 2592 qubus
321 2526 430 2577 constat
447 2521 541 2592 figura.

239 2597 293 2656 VI.
327 2595 526 2659 Definitio.
569 2595 730 2658 Insodbero
759 2593 881 2672 figuram
911 2592 1018 2655 circulo
1049 2598 1108 2665 est,
1143 2595 1360 2670 proportionem
1395 2593 1496 2659 latoris

149 2687 263 2764 figurae
285 2682 323 2743 ad
347 2682 519 2744 diametrum
533 2684 641 2758 circuli,
664 2687 712 2744 eui
733 2688 778 2742 est
799 2681 996 2761 Inscribenda,
1018 2681 1194 2759 geometrica
1209 2678 1416 2758 determinare,
1438 2701 1499 2760 qua

150 2775 313 2834 constituta
334 2773 532 2852 proportione,
554 2770 639 2832 laoile
661 2772 690 2829 in
714 2766 820 2830 circulo
843 2769 937 2846 figura
957 2769 1108 2847 proposita
1130 2765 1300 2829 delineatur.

238 2855 276 2911 Ut
294 2854 317 2910 si
336 2855 415 2910 detm
432 2854 481 2908 LD
500 2854 697 2910 semidiameter
715 2851 769 2920 (fig.
789 2851 961 2920 3),ve1cjus
980 2849 1072 2921 dupla,
1091 2849 1229 2920 diameter,
1249 2850 1412 2921 siscianus,
1431 2853 1497 2921 quid

148 2931 276 2990 iudendo
295 2948 356 2987 curn
374 2946 407 2986 ea
421 2930 525 2999 justam
542 2931 738 3003 longitudinem
755 2928 831 2984 lateri
849 2928 901 2984 DE
917 2927 1119 2999 indulgeamus,
1137 2926 1218 2983 facile
1230 2928 1498 3000 postearepetitione

148 3014 238 3083 ipsius
257 3009 308 3065 DE
325 3023 377 3079 per
393 3008 636 3067 circumferentiam
653 3023 870 3066 consummamus
887 3007 1010 3077 figuram.

239 3085 307 3146 VII.
332 3083 535 3146 Delinitio.
580 3086 661 3146 S'ciro
683 3085 713 3141 in
736 3085 919 3161 geometricis
942 3089 987 3144 est
1001 3098 1167 3145 mensurare
1182 3099 1235 3162 per
1255 3087 1356 3143 notam
1377 3100 1498 3145 mensn-

149 3193 231 3250 ram3
264 3188 342 3250 quae
367 3188 505 3234 mensura
524 3178 597 3233 nota
621 3175 652 3231 in
672 3172 731 3233 boe
751 3173 871 3249 negotio
892 3171 1088 3250 inscriptionis
1109 3169 1266 3249 liguarum
1296 3172 1326 3229 in
1348 3171 1496 3248 cremum,

150 3270 195 3324 est
218 3260 361 3322 diameter
383 3258 493 3320 circuli.
884 3254 891 3263 ”

239 3347 324 3408 VIII.
348 3347 546 3408 Delinitio.
576 3344 687 3407 Scibils
709 3343 823 3421 dicitur,
847 3344 926 3423 quod
948 3345 998 3407 vel
1019 3347 1116 3424 ipsum
1137 3362 1189 3423 per
1209 3362 1242 3408 ss
1264 3343 1430 3408 immediate
1453 3352 1499 3407 est

149 3434 349 3499 mensurabile
369 3451 422 3512 per
443 3434 632 3509 diametrum,
655 3435 681 3493 si
702 3432 795 3513 linea,
823 3432 873 3493 vel
893 3451 946 3513 per
967 3433 1031 3510 ejus
1054 3432 1244 3509 quadratum,
1266 3435 1291 3492 si
1313 3433 1498 3512 superficiesr

150 3525 200 3587 vol
222 3523 303 3601 qnod
325 3522 466 3583 sumatur
488 3521 526 3583 ad
547 3524 698 3581 minimum
720 3520 886 3582 extalibus
908 3521 1135 3598 quantitatibus,
1164 3526 1243 3581 certa
1270 3529 1299 3582 et
1321 3523 1499 3600 geometrica

150 3614 283 3685 rationu
308 3627 392 3686 quae,
415 3617 673 3686 quantumcunque
694 3609 784 3685 longa
805 3611 897 3683 serio,
926 3606 1044 3669 tandem
1066 3615 1164 3669 tamen
1186 3626 1204 3668 a
1227 3607 1366 3671 diametro
1396 3607 1498 3685 eJnsre

154 3699 300 3780 quadrato
323 3697 515 3775 dependeant.
559 3695 672 3758 Graece
695 3696 800 3756 dicitur
819 3718 964 3776 propians.

239 3787 299 3847 IX.
322 3786 519 3847 Delinitio.
555 3785 774 3845 Demonstratio
790 3791 835 3844 est
850 3784 1022 3860 quantitatis
1046 3781 1094 3843 rel
1116 3782 1324 3845 describendae
1339 3783 1388 3845 rel
1402 3784 1500 3845 soen·

153 3876 207 3939 dae
231 3893 269 3936 ex
292 3874 434 3955 diametro
456 3872 591 3935 deductio
614 3889 665 3950 par
687 3871 859 3933 intermedia
879 3869 1041 3949 possibilia,
1065 3868 1176 3932 Graece
1198 3892 1314 3950 ποριμα.

237 3959 282 4015 Ita
306 3957 499 4014 demonstratio
523 3956 701 4012 communitor
727 3954 771 4009 vol
795 3953 1004 4024 descriptionem
1035 3954 1107 4023 parit
1136 3953 1179 4009 vel
1208 3954 1358 4011 scientiam.
1392 3953 1431 4009 Et
1454 3953 1499 4008 de·

152 4039 266 4111 scriptio
285 4035 394 4106 quidem
411 4036 591 4104 quantitatem
607 4032 716 4102 nudam,
734 4032 849 4089 edentia
860 4047 925 4087 vero
942 4032 1055 4102 iusuper
1072 4039 1100 4089 et
1113 4032 1271 4102 qualitatem
1287 4032 1500 4103 quantitatemvs

153 4127 254 4177 cortun
271 4114 423 4185 profitetur.
440 4113 536 4169 Potest
553 4118 645 4168 autern
654 4113 746 4182 aliqua
761 4112 834 4168 linea
845 4127 906 4168 ease
918 4113 1081 4182 geometrice
1092 4112 1276 4179 determinate,
1295 4111 1398 4166 Graece
1413 4130 1500 4185 accep,

153 4214 222 4269 qnae
239 4203 332 4251 tamen
349 4198 414 4249 actu
430 4192 536 4263 mantis,
555 4191 642 4262 qualIs
662 4190 705 4260 sit,
722 4191 843 4246 nondum
860 4191 969 4247 sciatur.
1004 4190 1100 4247 Potest
1117 4191 1235 4247 vicissim
1260 4190 1376 4260 alicujus
1393 4190 1436 4247 rel
1452 4189 1500 4245 ali·

154 4291 270 4346 quarum
287 4273 419 4328 linemum
436 4270 554 4340 qualitas
572 4269 665 4338 aliqua
684 4271 760 4340 scin,
787 4286 857 4340 quae
874 4276 965 4326 tamen
982 4270 1057 4340 ipsas
1076 4270 1195 4326 nondum
1217 4271 1377 4327 determinet
1394 4270 1438 4325 vel
1453 4283 1499 4325 ne·

154 4353 277 4409 cessitet:
301 4349 326 4405 ai
348 4350 473 4404 nimirum
492 4348 609 4417 qualitas
626 4349 675 4404 illa
697 4348 790 4419 multis
808 4348 870 4404 aliis
888 4350 970 4405 rebus
994 4349 1146 4419 quantitate
1172 4348 1356 4405 differentibus
1375 4349 1411 4407 sit
1428 4366 1500 4406 com-

153 4432 250 4487 munis.
287 4429 340 4484 Est
358 4429 439 4482 etiam
456 4429 622 4497 quarundam
639 4428 772 4485 linearum
790 4428 935 4499 descriptIo
954 4427 1054 4498 facilis,
1079 4427 1194 4484 scientIa
1217 4426 1383 4484 difficillima.
1418 4428 1500 4484 Deni-

154 4528 207 4581 que
222 4508 310 4566 mnlta
328 4506 444 4564 describi
461 4513 576 4576 possunt
594 4512 656 4563 actu
675 4504 838 4577 geometrico
856 4505 1047 4577 qualicunque,
1066 4507 1127 4562 sciri
1145 4513 1236 4562 tamen
1254 4522 1308 4561 non
1319 4512 1435 4575 possunt
1452 4523 1499 4564 na·

153 4598 217 4645 tura
233 4603 297 4644 sua:
316 4594 347 4643 ut
372 4586 481 4656 quidem
498 4584 592 4641 scibile
610 4601 694 4655 supra
711 4586 914 4656 descripsimus.

239 4662 284 4723 X.
306 4662 506 4722 Delinitio.
543 4661 667 4739 Propria
682 4661 891 4722 demonstratio
914 4668 966 4735 est,
990 4677 1055 4720 enm
1077 4675 1212 4741 numerus
1227 4658 1401 4736 angulorum
1422 4659 1499 4737 fign-

153 4768 206 4812 rae
226 4749 276 4812 rel
297 4751 389 4829 ipsius
419 4748 468 4809 vel
490 4750 517 4809 ei
539 4756 683 4826 cognatae
708 4766 828 4810 numero
850 4749 975 4810 latermu
998 4746 1087 4825 duplo
1109 4753 1161 4807 aut
1183 4745 1302 4807 dimidio
1331 4748 1363 4808 fit
1385 4746 1498 4807 medina

156 4841 297 4901 terminus
319 4837 357 4898 ad
372 4835 619 4898 determinandam
633 4838 849 4917 proportionem
866 4835 978 4909 lateris
1003 4851 1090 4911 quam
1111 4833 1142 4893 id
1159 4833 1248 4895 habet
1262 4834 1301 4895 ad
1316 4834 1496 4896 diametrum.

241 4921 335 4981 Omisit
352 4921 423 4979 enirn
439 4919 528 4995 ligura
543 4920 674 4991 regularis
692 4927 735 4978 est
752 4926 800 4977 ant
816 4920 878 4991 ipsa
894 4915 1065 4989 triangulum,
1083 4922 1132 4974 aut
1147 4917 1292 4975 resolvitur
1307 4917 1336 4974 in
1353 4915 1497 4988 triangula,
