3872 5846
257 422 265 435 ,
353 346 417 409 204
789 348 832 403 Da
849 345 1074 418 Propertioulbnt
1091 346 1270 405 Harmonicis.

438 520 526 585 XVI.
551 521 647 583 Etiam
669 521 742 583 illud
765 525 794 584 ln
817 528 921 603 poenis
944 525 1107 602 irrogandis
1136 525 1174 587 sd
1196 530 1404 605 geometricam
1426 531 1553 606 pertinet
1573 533 1710 608 aequita-

352 616 420 682 tem,
444 609 525 686 quod
548 614 632 687 paeri
655 627 744 686 quam
768 611 876 687 adulti,
896 614 1016 688 juvenis
1039 631 1128 689 quam
1150 617 1245 691 scam,
1276 617 1403 676 laminae
1426 636 1515 693 quam
1539 622 1593 677 viri
1617 637 1711 697 poena

352 706 398 758 est
418 696 523 759 leuior.
566 697 647 757 Nihil
676 698 725 759 bic
755 701 888 776 iniquius
907 700 1088 778 aequalitate
1117 704 1301 764 arithmetica
1327 713 1483 799 perpetua,
1514 723 1591 783 qnae
1612 716 1710 767 tamen

351 788 377 845 si
399 784 546 844 adimatur
569 784 740 863 prudentiae
759 787 879 865 judicis,
902 807 955 866 pro
977 807 1009 850 re
1031 796 1101 850 nata
1123 790 1307 869 usurpanda,
1332 793 1496 853 turbabitur
1517 794 1709 858 nibilominus

351 872 521 934 barmoniae
542 876 702 950 proportio.
1633 953 1636 957 .

437 959 540 1020 XVII.
563 959 774 1023 Rementem
796 966 1014 1040 proportionem
1030 963 1163 1024 Bodiaus
1186 965 1215 1022 iu
1239 965 1275 1024 iis
1288 965 1404 1043 legibus
1421 967 1609 1043 demonstrat,
1633 984 1710 1044 quae

352 1064 418 1109 cum
447 1049 572 1125 primum
603 1055 701 1110 actum
729 1050 847 1111 sceleris
877 1051 1041 1129 aequaliter
1070 1053 1101 1110 in
1121 1052 1267 1112 *omuibus
1295 1053 1356 1116 levi
1382 1055 1493 1115 mulcta
1522 1055 1709 1131 ulciscuntur,

351 1136 443 1195 veluti
466 1135 673 1197 admonitionis
696 1136 778 1213 loco,
807 1138 972 1201 relabentes
1000 1147 1104 1216 postea
1131 1141 1252 1216 gravius
1275 1144 1415 1218 puniunt,
1444 1144 1531 1203 tertio
1553 1152 1709 1219 peccantes

350 1224 456 1283 iterum
478 1226 599 1299 gravim
621 1232 651 1285 et
673 1223 800 1302 denique
823 1234 916 1288 morte
939 1227 1079 1304 plectunt.
1125 1226 1177 1287 Est
1200 1231 1276 1287 enim
1305 1232 1397 1289 mixta
1420 1231 1585 1307 aequalitas
1615 1231 1710 1290 arith-

351 1313 459 1371 metica
481 1312 510 1370 iu
533 1313 627 1393 primo
649 1320 728 1387 actu,
751 1310 931 1389 geometrica
954 1317 1103 1392 proportio
1127 1317 1155 1372 iu
1178 1317 1294 1392 repetiti
1317 1334 1412 1393 eoque
1433 1320 1577 1394 gravioris
1591 1318 1710 1380 sceleris

351 1400 479 1474 graviori
501 1416 606 1476 poena.
650 1398 735 1461 Haec
758 1400 872 1462 Bodirro
896 1404 1070 1479 compositio
1094 1401 1218 1464 duarum
1240 1405 1269 1461 iu
1294 1422 1381 1464 unam
1406 1407 1470 1466 visa
1492 1416 1538 1467 est
1560 1405 1709 1467 barmoni-

351 1504 415 1548 cam
430 1489 616 1548 vconstituere
637 1489 866 1567 proportionem.
1102 1542 1106 1549 .

439 1574 558 1633 xviri.
581 1574 616 1637 Ia
633 1593 761 1655 genere,
793 1576 872 1653 qnod
895 1594 1010 1656 poenae
1038 1578 1102 1638 sive
1130 1577 1246 1653 legibus
1278 1580 1342 1638 sive
1367 1578 1478 1655 judicis
1507 1580 1627 1640 arbitrio
1656 1598 1709 1659 pro

351 1662 522 1723 diversitate
545 1670 575 1722 ct
597 1664 799 1741 magnitudine
829 1667 981 1724 crircinum
1005 1663 1210 1741 dispensantur
1240 1666 1467 1743 universumque
1495 1666 1569 1727 adeo
1589 1668 1640 1744 jus
1664 1675 1712 1729 la·

350 1749 441 1811 lioula
461 1751 656 1827 geometricae
679 1752 835 1828 analogias
858 1751 1044 1815 tribuendum
1069 1760 1122 1826 est,
1145 1751 1226 1828 quod
1248 1753 1368 1830 quidam
1390 1753 1575 1830 legislatores
1598 1772 1712 1832 acqua·

349 1838 418 1905 liter
439 1839 608 1915 inaequalia
629 1841 785 1916 generibus
808 1847 931 1917 peccata
955 1839 1121 1901 vindicanti
1151 1839 1335 1901 arithmetica
1357 1840 1432 1901 haec
1452 1844 1529 1901 ratio
1558 1845 1633 1903 inter
1654 1843 1711 1904 bo·

351 1927 445 1985 mines
468 1925 566 1987 locum
588 1943 647 1986 non
670 1926 769 2001 babet,
793 1929 822 1989 in
845 1927 921 2001 Deo,
945 1928 1029 2004 cujus
1053 1926 1217 2004 aequaliter
1239 1945 1340 1993 omnes
1354 1936 1611 2003 creaturasumus,
1636 1949 1711 2007 que-

350 2014 421 2074 relis
441 2015 549 2075 nostris
577 2022 609 2073 nt
635 2014 863 2092 reprebendatur
894 2016 938 2075 ias
970 2033 1029 2076 non
1058 2021 1111 2077 est.
1158 2017 1199 2075 llt
1221 2016 1300 2092 qnod
1329 2015 1538 2092 legumlatoras
1565 2018 1712 2094 quaedam

350 2100 464 2162 leviora
491 2119 542 2179 per
571 2119 603 2165 se
632 2104 752 2163 crimina
783 2104 986 2183 gravissimis,
1016 2104 1194 2179 irrogatione
1224 2121 1402 2181 poenarum,
1435 2107 1506 2183 reip.
1537 2122 1627 2165 cansa
1657 2125 1711 2166 ex-

351 2195 487 2275 aequant,
511 2197 542 2249 et
563 2189 643 2266 quod
667 2190 782 2267 injure
805 2191 924 2251 talionis
948 2208 1006 2251 noa
1030 2190 1103 2252 dens
1124 2208 1178 2268 pro
1202 2180 1305 2266 dente,
1337 2191 1389 2252 sed
1411 2192 1478 2251 loco
1500 2190 1596 2252 dentis
1618 2196 1711 2253 aesti-

351 2282 462 2341 matum
486 2278 627 2355 pretium,
658 2276 695 2341 da
718 2296 776 2354 quo
799 2281 874 2337 inter
896 2277 1046 2355 litigantes
1070 2280 1228 2341 convenire
1251 2285 1358 2358 potest,
1379 2278 1565 2355 rependitur,
1595 2298 1650 2341 nec
1672 2284 1709 2357 ei,

350 2366 401 2440 qui
422 2364 495 2423 milri
519 2363 555 2425 de
578 2363 694 2425 duobus
717 2365 809 2426 oeulis
833 2384 923 2426 urium
946 2367 1031 2436 cruit,
1055 2369 1199 2445 cumipse
1216 2365 1360 2429 unoculus
1376 2374 1463 2440 esset,
1486 2370 1615 2427 caecitas
1629 2386 1711 2429 mera

350 2451 491 2526 infligitur
513 2459 596 2512 eruto
617 2469 689 2529 suo,
720 2453 749 2513 id
771 2454 959 2514 harmonicae
982 2453 1098 2513 Bodino
1126 2454 1402 2531 contemperationis
1425 2461 1485 2530 sst3
1515 2456 1558 2513 sie
1580 2457 1657 2515 enim
1681 2464 1737 2518 atr

350 2539 468 2613 singula
489 2548 612 2616 peecata
634 2557 746 2617 poenas
768 2537 881 2604 habant
902 2541 1085 2602 arithmetice
1108 2541 1266 2619 aequales,
1298 2549 1328 2601 et
1350 2541 1469 2602 diversa
1493 2544 1597 2620 poenis
1619 2545 1710 2605 etiam

350 2625 575 2703 distinguuntur.

436 2713 527 2775 XIX.
552 2715 612 2792 Qui
633 2722 757 2779 conatus
780 2716 870 2775 animi
893 2717 1018 2794 puniunt
1040 2734 1137 2794 poena
1159 2733 1217 2776 non
1233 2716 1347 2790 leviori,
1372 2718 1499 2791 quamsi
1523 2717 1708 2780 volontatem

349 2810 547 2879 consequatur
569 2804 706 2873 effeetus,
730 2810 762 2862 et·
782 2805 832 2878 qui
856 2804 965 2864 laetum
988 2806 1126 2882 puniunt,
1150 2821 1168 2863 a
1190 2821 1249 2880 quo
1272 2805 1375 2864 aberat
1397 2806 1527 2878 animus,
1560 2805 1706 2883 plebeiam

351 2890 564 2951 arithmeticam
587 2890 797 2968 aequalitatem
820 2893 893 2951 vitio
917 2910 975 2951 non
999 2892 1059 2952 levi
1080 2891 1244 2965 stabiliunt,
1267 2891 1328 2950 illie
1351 2893 1379 2949 ia
1404 2890 1595 2952 dissimilibus
1617 2896 1707 2955 animi

349 2978 520 3052 conatibus,
550 2978 598 3039 bic
619 2981 650 3037 in
674 2977 866 3038 dissimilibus
897 2979 1094 3055 iecinoribua3
1123 2981 1174 3055 qui
1202 2978 1355 3056 distinguit
1376 2978 1425 3038 bie
1453 2982 1526 3039 inter
1549 2989 1708 3043 conatuum

349 3067 448 3125 varias
469 3066 586 3139 formas,
611 3074 644 3128 ut
666 3083 793 3145 poenam
814 3064 934 3127 sceleris
955 3066 1082 3141 babeat,
1107 3069 1158 3143 qui
1181 3068 1281 3126 omnia
1302 3067 1380 3140 lecit,
1404 3084 1481 3142 quae
1504 3069 1620 3127 animus
1644 3087 1707 3129 ma·

348 3151 460 3217 ditatus
484 3153 520 3212 ad
544 3162 682 3214 eventum
705 3154 806 3215 afferre
828 3161 941 3231 potest,
972 3155 1036 3214 sive
1059 3155 1283 3235 perpetraverit,
1314 3156 1377 3213 sive
1405 3171 1496 3231 scopo
1518 3156 1706 3232 aberraverit,

348 3256 408 3300 uon
428 3240 548 3310 babeat,
572 3243 625 3319 qui
646 3243 851 3303 occasionibus
873 3242 994 3317 quidem
1014 3241 1171 3302 insidiatus
1192 3248 1246 3317 est,
1269 3240 1307 3301 ad
1323 3259 1384 3300 rem
1403 3249 1510 3316 tamen,
1532 3243 1708 3320 cajeta-inra-

348 3330 415 3405 gina
438 3329 639 3391 conscelerata
666 3337 782 3406 potarat
804 3330 977 3403 absterreri,
1007 3346 1065 3388 noo
1090 3330 1185 3403 venit,
1217 3329 1265 3388 hic
1295 3330 1505 3406 geometricam
1528 3332 1708 3407 aequitatem

349 3416 505 3492 observat3
528 3434 583 3478 nec
605 3420 710 3490 minus,
733 3419 785 3493 qni
808 3416 917 3476 nudam
940 3419 1160 3496 persuasionem
1183 3414 1302 3477 sceleris
1324 3416 1419 3476 levius
1442 3419 1542 3493 punit,
1567 3435 1655 3494 quara
1679 3421 1708 3478 in

348 3510 497 3581 patratore
520 3505 616 3566 scelus
640 3506 751 3583 ipsum,
774 3512 941 3579 utcontra,
966 3509 1016 3583 qui
1038 3512 1189 3565 auctorem
1212 3511 1241 3564 et
1263 3503 1451 3582 impulsorem
1474 3506 1595 3581 gravius
1620 3524 1708 3582 quam

348 3593 522 3666 ministrnm,
545 3600 578 3653 ut
600 3595 650 3668 qui
673 3593 801 3653 alienum
826 3592 922 3653 scelus
947 3594 1091 3670 patravit,
1114 3594 1165 3668 qui
1182 3591 1308 3668 deniqne
1330 3592 1426 3651 levius
1450 3610 1527 3665 eum,
1551 3611 1638 3669 quem
1663 3597 1708 3654 vis

347 3765 561 3845 praemeditato
590 3769 689 3828 animo
718 3770 840 3845 peregit.
886 3768 969 3828 Idem
998 3767 1034 3828 de
1057 3772 1217 3826 eventuum
1242 3768 1384 3825 varietate
1416 3766 1582 3848 tancardum.
1629 3770 1708 3829 Ean·

348 3854 415 3915 dem
435 3871 563 3932 poenam
584 3864 718 3929 merctur,
743 3856 793 3930 qui
818 3858 962 3916 viatorem
984 3853 1093 3933 spoliat
1115 3852 1251 3929 triobolo,
1269 3856 1300 3917 si
1322 3855 1421 3914 animo
1439 3872 1563 3931 raugnae
1581 3855 1707 3933 praedae

348 3941 492 4016 inhiavit,
520 3959 609 4018 qnam
632 3944 683 4019 qui
706 3941 849 4002 tmentum
872 3945 996 4019 eripuit;
1026 3944 1167 4001 minorem
1191 3949 1305 4015 contra,
1330 3943 1380 4018 qui
1403 3959 1469 4003 eum
1492 3949 1585 4002 totum
1608 3949 1708 4021 posset

348 4029 598 4107 aulemepoudus
621 4031 701 4102 auri,
733 4029 878 4090 modicum
901 4029 1039 4102 abstulit,
1072 4047 1160 4106 qnam
1183 4032 1235 4105 qui
1258 4046 1424 4090 crumenam
1448 4032 1569 4109 eripuit,
1596 4033 1624 4088 in
1649 4048 1708 4106 qua

348 4117 468 4195 pauculi
490 4134 582 4179 asses.
626 4117 691 4177 Has
714 4116 832 4193 quidem
855 4120 1050 4194 geometricas
1073 4117 1274 4177 distinctiones
1297 4116 1430 4177 Bodiuus
1462 4118 1500 4178 ad
1522 4116 1707 4195 philosophi-

348 4223 416 4267 cam
435 4205 587 4265 criminum
609 4207 844 4267 aestimationem
865 4207 962 4278 relert,
986 4223 1097 4283 poenas
1121 4221 1201 4278 vero,
1224 4205 1332 4281 quibus
1348 4205 1483 4283 exempla
1505 4204 1621 4283 publiea
1643 4213 1707 4266 sta·
1800 4198 1814 4213 “

348 4299 484 4365 tuemur,
516 4291 554 4351 ad
583 4293 734 4371 publicam
763 4293 1006 4371 tranquillitatem
1030 4291 1224 4371 pertinentes,
1258 4292 1427 4352 omnimoda
1453 4292 1505 4352 illa
1527 4293 1707 4369 aequalitate

348 4382 464 4451 srimlt,
487 4386 520 4439 ut
542 4382 584 4440 ita
606 4381 735 4443 crebrius
758 4380 788 4437 in
810 4381 902 4454 lema,
926 4398 1003 4457 quae
1027 4381 1056 4438 in
1079 4382 1188 4439 civium
1211 4380 1314 4440 oculos
1337 4381 1494 4453 incurrunt,
1519 4380 1708 4441 animadver-

347 4475 427 4528 tatur
447 4466 582 4543 publice,
606 4467 736 4527 crebrius
759 4476 881 4531 conatus
904 4485 923 4526 a
944 4484 1036 4544 scopo
1058 4469 1240 4541 aberrantes,
1271 4469 1380 4545 qnippe
1402 4470 1583 4546 inconspicui
1607 4467 1706 4545 vulgo,

348 4555 493 4632 impuniti,
516 4560 568 4615 aut
589 4554 697 4633 leuius,
719 4573 807 4631 quam
829 4556 1008 4633 geometrice
1032 4574 1084 4632 par
1106 4562 1177 4625 arat,
1200 4557 1296 4631 puniti
1320 4558 1561 4629 transmittantur,
1586 4563 1618 4615 ut
1640 4572 1708 4615 erc·

348 4642 478 4704 delium
500 4644 597 4702 minus
618 4660 709 4719 penes
727 4642 859 4719 judicem
882 4644 1051 4719 reperiatur.
1096 4643 1155 4702 Tot
1178 4649 1327 4719 respectus
1357 4644 1427 4704 boui
1450 4638 1560 4721 publici
1588 4642 1707 4704 barmo-

348 4733 447 4792 nieum
470 4729 542 4805 quid
563 4733 692 4807 sapiunt

435 4816 511 4879 XX.
535 4816 703 4896 injudicio
725 4819 814 4896 isque
837 4814 1103 4878 consrdtationibus
1126 4816 1378 4899 arithmetica,est
1397 4819 1473 4879 ratio
1494 4818 1707 4894 suffragiorum,
