3882 5862
385 385 449 444 aba
855 379 1021 448 Appendicis
1038 378 1263 435 Harmonicorum

384 559 413 615 in
438 563 505 618 aire
528 575 601 634 puro
624 560 733 631 minor,
764 559 793 615 in
818 555 926 633 rapido
956 574 1068 616 mrsum
1098 560 1192 616 minor
1201 600 1219 650 ,⁸
1234 565 1305 634 ,post
1336 559 1365 614 in
1388 573 1481 631 aqua,
1513 562 1583 614 tunc
1605 554 1634 612 ia
1659 552 1735 625 aleo,

385 645 493 705 electro
517 654 545 704 ct
568 645 723 722 crystallo;
751 647 797 704 sin
821 645 1012 716 densitatem,
1041 642 1112 704 ordo
1136 648 1190 704 erit
1222 644 1310 716 alins,
1342 646 1404 703 aiiri
1425 640 1563 702 succedet
1585 642 1684 701 oleum
1707 648 1738 699 et

384 733 532 795 electrum.
556 732 625 792 huic
647 750 733 808 aqua,
759 742 828 792 lonc
853 735 968 805 vitrum,
986 732 1159 809 ,crystallum
1183 731 1319 804 adaniae,
1344 731 1411 790 inde
1435 747 1542 806 opaca,
1566 730 1626 802 sal,
1651 745 1735 802 mag·

385 839 453 892 nes,
482 831 632 891 stannum,
664 822 788 890 lsrrum,
816 837 953 895 cuprum,
977 828 1148 897 argentum,
1171 817 1341 894 plumbum,
1365 818 1591 897 hydrargyrum,
1623 833 1736 874 aarum.

385 908 469 966 Adco
493 917 597 967 natura
619 907 690 966 nihil
716 910 829 967 confert
851 907 889 964 ad
912 910 1130 983 quaternarium
1145 915 1227 965 tuum
1242 907 1394 982 graduum.
1438 906 1627 978 Relinquitur
1649 905 1737 978 igitur

386 996 459 1054 haec
482 993 706 1071 quadripartitio
731 1002 782 1053 tuo
806 995 935 1052 arbitrio.
981 995 1084 1070 Neque
1107 1003 1204 1053 tamen
1228 1010 1315 1071 super
1338 1012 1373 1053 eo
1397 1001 1426 1053 te
1449 992 1659 1064 condemnavi,
1683 989 1735 1049 sed

385 1084 553 1159 comparavi
577 1093 657 1141 taam
680 1080 851 1140 methodum
874 1090 904 1140 et
927 1099 1002 1156 quae
1026 1081 1106 1140 illam
1129 1080 1341 1157 ingrediuntur,
1366 1099 1431 1140 cam
1455 1097 1539 1157 mea,
1560 1078 1650 1154 idque
1674 1077 1736 1138 lec-

384 1173 454 1228 toris
477 1168 627 1239 erudiendi
652 1186 755 1241 causa,
779 1187 967 1246 nequaquem
990 1169 1078 1244 Igitur
1100 1170 1276 1230 rnamenta.
1464 1242 1471 1253 Ι
1701 1160 1704 1171 '

471 1257 523 1315 Ad
547 1256 734 1334 Analysin
758 1255 864 1314 XXII.
909 1255 980 1316 lam
1003 1255 1041 1315 ad
1063 1256 1285 1331 praecedentem
1301 1254 1435 1331 anelys'rn
1451 1248 1635 1322 est'rlictum,
1660 1252 1734 1310 hanc

384 1353 481 1405 textus
508 1344 683 1421 particulam
714 1343 870 1402 cohaerere
898 1360 1001 1402 sensus
1030 1361 1119 1402 causa
1147 1362 1214 1403 cum
1243 1344 1393 1419 superiori.
1439 1342 1560 1400 Frustra
1590 1342 1678 1415 igitur
1706 1350 1734 1395 ta

384 1434 495 1504 munis,
527 1431 672 1502 Roboris,
702 1448 758 1490 non
782 1430 909 1489 advenio
932 1441 1133 1508 oppugnator,
1163 1429 1215 1490 sad
1238 1433 1365 1509 hospes,
1396 1431 1517 1487 eminus·
1538 1436 1567 1487 te
1589 1426 1734 1485 salutans.

384 1520 459 1579 Nam
490 1521 544 1577 etsi
572 1519 683 1578 nullam
714 1518 1050 1590 attulisses.rati0ncm,
1084 1536 1134 1576 cur
1156 1519 1288 1594 siugulas
1317 1519 1451 1591 regiones
1474 1517 1644 1587 trisecares,
1675 1531 1734 1572 non

384 1605 450 1665 idco
475 1614 503 1665 te
526 1605 776 1684 reprehenderem,
800 1604 1038 1677 sulficeretmth‚
1063 1616 1092 1664 ct
1118 1606 1173 1665 hoc
1195 1615 1224 1666 et
1240 1605 1426 1684 praecedenti
1443 1612 1525 1662 textu
1547 1612 1735 1667 monstrasse,

385 1704 414 1753 ta
436 1693 556 1752 arbitrio
579 1695 622 1751 uti
644 1696 674 1751 in
700 1692 934 1752 distinctionibus
958 1696 1024 1767 tois,
1048 1696 1158 1769 quippe
1181 1697 1232 1769 qai
1254 1710 1330 1753 nunc
1353 1690 1554 1767 quadriseces,
1580 1707 1659 1748 nunc
1682 1691 1735 1746 tri·

385 1798 476 1840 seces.
521 1780 648 1839 Multum
671 1789 700 1837 et
723 1783 785 1855 ipsa
808 1781 905 1839 tribuo
928 1771 1269 1856 archetypali‘Trinitati
1292 1782 1321 1837 in
1338 1777 1494 1854 effigiendo
1511 1777 1629 1850 mundo,
1654 1776 1735 1857 quod*

386 1868 511 1946 Epitom.
536 1869 653 1926 Astron.
677 1866 750 1927 libro
773 1866 826 1926 IV.
851 1866 974 1944 explico.
1019 1866 1114 1926 Tuam
1137 1868 1256 1943 quidem
1273 1867 1507 1926 distributionem
1525 1865 1635 1924 dierum
1652 1882 1734 1923 crea·

388 1957 476 2014 tionis
493 1957 566 2013 inter
582 1970 721 2031 personas
737 1953 889 2014 Trinitatis
905 1964 1108 2014 sacrosanctae
1125 1959 1290 2015 transmitto
1309 1954 1463 2029 theologis,
1489 1971 1545 2028 ego
1566 1960 1613 2011 sat
1629 1952 1733 2023 habeo,

386 2044 411 2100 si
444 2043 472 2099 in
497 2043 562 2118 ipsa
592 2042 686 2118 figura
716 2042 815 2101 muudi
844 2043 932 2117 inque
962 2044 1126 2120 praecipuis
1157 2043 1221 2119 ejus
1245 2043 1380 2103 membris
1410 2039 1557 2117 quandam
1581 2040 1736 2098 exhibeam

386 2128 609 2189 slmilitudinem
631 2137 836 2189 sacrosanctae
859 2128 1019 2187 Trinitatis.

474 2215 506 2275 Si
531 2218 660 2276 trisectio
683 2216 841 2292 cujuslibet
862 2217 997 2276 elementi
1021 2215 1182 2290 probabilis
1210 2235 1243 2275 err
1269 2234 1304 2276 eo
1326 2216 1374 2284 fit,
1404 2213 1622 2290 quod'coelum
1645 2230 1736 2288 supe-

385 2322 450 2364 rum
473 2304 578 2381 triplex
601 2321 667 2363 esso
690 2294 874 2380 perhibetur,
898 2311 974 2372 esto,
999 2305 1061 2361 non'
1080 2320 1135 2378 ego
1161 2304 1189 2362 id
1212 2307 1336 2379 negavi,
1368 2321 1435 2361 nam
1459 2302 1539 2360 aliud
1561 2309 1606 2360 sst
1627 2302 1736 2376 proba-

386 2392 485 2450 bilitas
508 2394 645 2462 rationis,
670 2390 706 2450 de
730 2409 789 2466 qua
812 2400 844 2449 tu
867 2390 931 2457 hic,
955 2390 1036 2449 aliud
1056 2391 1259 2465 probabiliter
1279 2408 1438 2467 sensnum,
1471 2406 1559 2464 quam
1582 2405 1638 2464 ego
1660 2406 1735 2464 nego

385 2495 438 2553 per
470 2481 569 2537 omnia
596 2481 690 2553 sequi.
736 2479 805 2551 Ais,
835 2485 862 2536 te
893 2478 929 2536 da
954 2481 1151 2552 proportione
1174 2479 1309 2538 locatam
1330 2481 1487 2537 actionum
1510 2484 1538 2535 et
1557 2479 1736 2550 passionum

384 2567 465 2623 inter
485 2569 650 2624 maie—riam
672 2573 701 2624 at
720 2566 872 2643 sannam,
900 2580 964 2623 nan
991 2565 1026 2622 da
1048 2565 1233 2625 dimerreione
1260 2567 1502 2625 intervallorum.
1549 2565 1640 2639 Atqui
1667 2580 1736 2622 sen-

385 2668 471 2710 snum
494 2653 688 2729 probabilitas
710 2670 747 2712 na
770 2655 813 2711 sic
836 2651 953 2728 quidem
977 2654 1086 2727 ubique
1102 2655 1241 2728 sequitur.
1288 2653 1372 2712 Aiirie
1388 2651 1507 2728 quidem
1527 2660 1587 2710 tres
1602 2653 1736 2727 regiones

381 2738 581 2816 qualitatibus
605 2739 822 2816 quodammodo
846 2738 998 2799 distinctas
1019 2739 1109 2799 habet
1131 2740 1321 2809 Aristoteles,
1350 2740 1401 2799 sed
1424 2739 1513 2798 habet
1541 2741 1602 2797 sine
1625 2737 1737 2796 irrvIdia

389 2826 597 2887 hodiernorum
620 2827 877 2905 philosophorum
901 2836 932 2887 at
954 2830 983 2884 in
1007 2829 1073 2902 lgna
1097 2826 1144 2886 rel
1167 2845 1253 2903 aqua,
1278 2836 1311 2887 ut
1332 2826 1372 2885 in
1388 2844 1494 2901 magno
1512 2842 1642 2898 oceano,
1667 2824 1736 2901 quid

386 2932 499 2991 quaeso
527 2924 557 2974 ts
588 2931 623 2973 ex
654 2916 789 2975 sensibus
821 2914 979 2990 allegabis,
1014 2914 1091 2974 unde
1114 2915 1235 2992 probes,
1264 2915 1349 2974 aliter
1375 2917 1509 2992 superius
1537 2923 1736 2991 comparatam

387 3019 454 3060 cum
484 3002 649 3061 actionibus
679 3011 708 3063 et
738 3003 925 3079 passionibus
954 3003 1065 3062 lormae
1095 3003 1124 3059 in
1147 3005 1315 3072 materiam,
1344 3002 1428 3060 aliter
1458 3004 1486 3059 in
1510 3001 1623 3073 medio,
1654 3000 1737 3058 aliter

387 3088 511 3164 denique
534 3091 563 3147 iu
586 3089 685 3161 lando,
710 3087 908 3165 etquodnam
932 3091 1058 3164 signum,
1083 3105 1168 3164 quem
1192 3093 1345 3150 terminum
1369 3106 1428 3165 quo
1450 3088 1517 3149 loco
1540 3105 1641 3165 porres,
1665 3103 1736 3146 con-

292 3252 296 3261 Ι
366 3175 459 3235 'finis
481 3175 706 3251 distinguentem
729 3175 843 3236 mediae
866 3178 993 3251 regionis
1017 3194 1082 3235 cum
1107 3181 1252 3251 extremis,
1276 3180 1347 3253 qula
1364 3181 1507 3235 mensuris
1524 3177 1740 3252 quantitatula,

386 3260 564 3337 aequalitate
589 3263 635 3323 rel
657 3265 846 3340 proportione
869 3266 1007 3322 continua
1032 3266 1244 3335 constantibus,
1268 3274 1329 3324 tute
1350 3268 1414 3341 ipse
1433 3264 1495 3339 jam
1518 3264 1606 3323 modo
1629 3280 1736 3323 renun-

390 3350 484 3409 ciasti.
529 3348 587 3409 Sed
610 3351 680 3425 quid
703 3367 759 3428 ego
783 3350 891 3409 frustra
914 3350 1041 3425 fatigar?
1086 3352 1200 3411 Fateris
1223 3369 1291 3412 ecce
1306 3354 1370 3428 ipsa
1384 3352 1631 3426 probabilitatem
1646 3352 1736 3422 hrain

388 3437 588 3496 datincnona
609 3456 672 3497 non
688 3455 753 3496 ‘aare
775 3440 809 3496 in
831 3454 929 3512 arnan,
952 3437 1004 3497 aad
1020 3441 1126 3513 patiar
1147 3442 1182 3497 in
1203 3440 1370 3514 intellectu5
1393 3439 1498 3497 trustra
1515 3439 1643 3515 quldem‚
1665 3436 1737 3496 nihil

389 3526 466 3582 enim
487 3528 534 3601 cst
555 3526 586 3581 in
609 3524 759 3585 intellectu
783 3543 899 3598 verum,
933 3524 1012 3601 quod
1035 3542 1091 3583 non
1116 3529 1154 3584 sit
1177 3528 1206 3584 in
1229 3543 1274 3598 re,
1304 3544 1380 3602 quae
1413 3537 1458 3586 ast
1481 3534 1579 3596 extra,
1613 3527 1668 3584 hoc
1691 3532 1737 3583 cst

352 3632 358 3641 ¹
389 3613 417 3668 in
442 3610 608 3670 sensilibus.
653 3611 712 3672 Sed
736 3611 864 3687 nequid
888 3620 969 3671 extra
991 3620 1091 3687 septa;
1115 3613 1187 3672 illud
1212 3613 1359 3687 dicebam,
1382 3614 1489 3672 trustra
1512 3624 1541 3672 ts
1564 3614 1649 3672 irasci
1671 3628 1736 3671 meo

390 3698 468 3757 dicto
492 3697 528 3757 de
550 3700 609 3757 tuis
633 3698 887 3773 distinctionibus,
912 3717 977 3758 curn
1000 3699 1029 3759 iri
1052 3701 1114 3777 lpse
1138 3719 1270 3778 usurpes.

476 3785 529 3842 Ad
552 3785 733 3863 Analyslu
757 3784 878 3844 XXIII.
925 3785 1011 3862 Quod
1035 3789 1219 3862 potIssimum
1251 3776 1390 3862 urgebam
1418 3788 1447 3843 in
1472 3786 1527 3844 hac
1550 3786 1751 3847 conclusione·

389 3875 475 3932 unius
499 3875 736 3950 comparationis,
759 3882 873 3932 trramm
895 3876 1041 3933 unitatum
1063 3892 1214 3935 mensuras
1238 3892 1301 3934 csse
1323 3873 1559 3933 iudetorminatas
1582 3893 1600 3933 a
1623 3882 1735 3947 natura,

388 3959 419 4018 id
443 3959 530 4019 video
561 3968 591 4020 te
614 3962 705 4020 tacita
727 3962 933 4037 praeter-itione
964 3961 1133 4021 concedere.
1178 3964 1267 4023 Recte
1290 3963 1378 4038 igitur
1409 3961 1500 4020 habat
1527 3978 1593 4021 mea
1615 3979 1736 4036 compa·

388 4049 492 4107 ratiox
521 4048 644 4125 Accipio
668 4056 765 4108 tamen
797 4049 850 4106 abs
873 4057 901 4107 te
924 4051 1086 4108 auctarium
1110 4049 1182 4109 illud
1206 4051 1458 4125 comparationum
1481 4066 1626 4121 mearum,
1658 4048 1736 4125 quod

389 4152 501 4207 mones,
526 4136 579 4195 tibi
602 4136 692 4194 etiam
714 4143 812 4193 motus
835 4152 898 4194 esse
921 4138 1096 4213 propositos,
1120 4139 1195 4198 iuter
1217 4154 1292 4215 quos
1313 4139 1351 4195 sit
1373 4136 1534 4209 harmonia,
1561 4153 1618 4194 non
1642 4140 1737 4195 minus

389 4239 477 4298 quam
501 4222 581 4297 mihi,
606 4221 658 4282 sed
681 4232 747 4282 tuos
770 4230 866 4281 motas
890 4240 953 4282 esse
976 4224 1168 4295 universales,
1191 4242 1255 4285 esse
1278 4234 1375 4284 motus
1394 4224 1601 4284 alterationum
1624 4236 1654 4282 et
1668 4241 1737 4300 par·

388 4309 556 4383 lactionum,
580 4326 661 4369 meos
685 4326 750 4369 esse
772 4309 971 4385 particulares.
1018 4312 1140 4388 Accipio
1163 4322 1192 4370 et
1214 4311 1375 4371 concludor
1402 4314 1444 4369 tui
1467 4313 1555 4385 igitur
1577 4310 1737 4371 dimensio·
1774 4298 1779 4311 ¹

388 4397 477 4455 nibus
500 4397 715 4457 mathematicis
738 4414 796 4456 nan
820 4396 993 4471 subduntur,
1017 4406 1047 4455 at
1068 4400 1124 4456 mei
1147 4400 1320 4474 subduntur,
1347 4406 1533 4476 quapropter,
1556 4406 1589 4457 ut
1611 4388 1736 4458 maxime

389 4482 557 4557 concedam,
581 4485 648 4544 illos
671 4493 738 4544 tuos
761 4492 858 4543 motus
881 4502 918 4544 ex
941 4482 991 4543 illo
1014 4502 1109 4544 rerum
1132 4503 1236 4560 genere
1252 4503 1326 4559 esse,
1350 4486 1430 4562 qnod
1450 4488 1652 4562 proportiones
1667 4486 1737 4545 har·

342 4618 344 4623 ι
386 4573 519 4630 monicae
541 4581 654 4645 certas,
685 4579 759 4649 puta
781 4572 963 4647 dlatessaron
988 4572 1035 4630 vel
1058 4573 1193 4648 diapente
1216 4577 1351 4651 reprist,
1375 4582 1407 4633 et
1428 4572 1541 4645 media,
1573 4574 1680 4649 quibas
1704 4583 1736 4633 tu

390 4656 493 4716 harum
517 4659 679 4734 quamlibet
701 4658 737 4718 de
759 4662 906 4736 praesenti
929 4658 1032 4718 adesse
1057 4659 1162 4734 discas,
1185 4662 1267 4720 nulla
1289 4668 1365 4720 sunt.
1411 4659 1478 4721 Hoc
1500 4663 1595 4738 ipsum
1619 4679 1737 4721 manere

388 4742 512 4804 lectores
540 4747 598 4806 mei
628 4753 673 4804 est
704 4748 856 4835 propositi.
902 4746 977 4811 Nam
1008 4746 1044 4806 de
1074 4747 1202 4809 motibus
1233 4749 1438 4809 alterationem
1469 4766 1506 4807 ex
1526 4748 1658 4825 professo
1689 4752 1736 4827 egi
