3872 5846
739 351 823 411 brba
839 353 886 409 IV.
905 353 1069 424 (lemnum
1517 363 1579 423 268

224 532 346 610 eligerit
368 534 498 593 animum
520 530 559 594 ad
580 530 711 594 laborem
734 530 914 593 indefessum
929 535 1072 610 auxitque
1089 531 1266 595 desiderium
1281 533 1412 610 sciendi3
1434 534 1578 596 breviter:

225 639 284 680 non
304 622 459 697 inspiravit
480 621 625 694 animum,
648 638 709 680 non
731 619 824 679 ullam
846 619 988 680 dictarum
1010 620 1057 681 hic
1079 621 1264 694 facultatum,
1288 612 1340 681 s'ed
1364 623 1481 681 excivit.
1495 617 1535 697 ¹⁶)

310 709 354 767 Ex
378 725 436 783 quo
459 708 593 786 exemplo
615 708 702 769 facile
725 709 820 767 cuivis
843 714 934 785 patet,
959 726 1046 784 quam
1070 707 1171 786 procul
1194 709 1272 769 absit
1293 710 1331 766 ab
1350 725 1385 769 eo
1408 709 1578 787 astrologia,

225 803 258 855 ut
280 795 319 855 ad
342 798 440 871 capita
461 794 529 869 illa,
558 794 649 871 vulgo
678 788 802 873 proponi
830 795 931 854 solita:
963 794 999 854 de
1022 795 1219 871 Parentibus,
1251 795 1287 856 de
1310 795 1410 869 Secu,
1438 796 1474 857 de
1497 796 1579 858 Sub·

223 886 350 958 muno,
381 882 417 943 de
439 882 569 957 Liberis,
596 882 632 942 de
653 901 783 944 numero
812 881 963 956 Uxorem,
994 882 1030 942 ds
1056 883 1230 959 Babylone,
1261 883 1297 963 ἅς
1321 882 1510 961 Mopittsrs'o,
1543 885 1580 945 ds

226 973 359 1043 Amicis,
381 970 418 1030 dc
441 969 593 1043 Inimiois,
615 968 652 1029 de
673 969 932 1044 Hoereditotibut,
956 970 992 1031 de
1015 969 1166 1043 Familia,
1190 970 1226 1029 de
1247 970 1450 1051 Regionihtu,
1472 971 1508 1033 de
1529 972 1579 1031 fn·

225 1057 316 1118 finitis
337 1057 405 1118 aliis
428 1074 463 1117 ax
487 1074 545 1118 nno
568 1057 634 1117 solo
657 1057 787 1117 themate
808 1057 994 1133 genethliaco
1017 1058 1193 1134 respondere
1215 1066 1317 1118 exacte
1339 1061 1442 1135 possit
1568 1070 1572 1075 ’

308 1145 355 1205 De
377 1148 456 1204 vitae
478 1144 597 1220 quidem
620 1143 811 1220 longitudino,
837 1148 981 1221 quatenus
1003 1147 1196 1223 pronunciare
1212 1149 1306 1220 possit
1320 1144 1497 1222 astrologus,
1519 1146 1576 1205 hoc

224 1240 276 1307 esi,
299 1249 377 1309 quae
399 1235 438 1292 sit
460 1235 506 1292 vis
528 1231 729 1306 directionum,
753 1231 849 1292 dicam
871 1231 960 1310 paulo
983 1241 1059 1308 post.
1105 1233 1151 1291 De
1171 1233 1301 1292 Fortuna
1322 1250 1393 1293 vero
1416 1235 1477 1292 nati
1500 1249 1578 1293 nunc

222 1322 343 1380 seorsim
366 1319 477 1396 aliquid
500 1319 654 1380 dicendum
678 1319 775 1395 video,
799 1329 1029 1381 consentaneum
1051 1337 1141 1398 supra
1164 1319 1257 1379 dictis.
1303 1320 1375 1379 Tria
1397 1328 1484 1395 sunt,
1508 1324 1577 1397 qui·

221 1409 277 1469 bus
299 1410 352 1468 uiti
377 1406 491 1468 videtur
513 1408 639 1467 bominis
661 1398 786 1481 fortuni,
811 1406 909 1484 quoad
932 1408 1092 1467 naturaliar
1116 1410 1239 1481 animus,
1263 1402 1489 1485 physiognomia
1510 1424 1577 1468 cor·

222 1497 303 1572 poris
324 1503 355 1555 et
375 1495 479 1572 genius
502 1496 650 1571 tutelaris3
681 1511 804 1571 quorum
831 1495 868 1554 de
891 1497 984 1572 primo
1013 1513 1099 1555 nemo
1121 1494 1253 1567 dubitat,
1285 1495 1408 1555 alterum
1433 1495 1575 1561 occultius

222 1600 277 1643 nee
298 1586 341 1643 ita
361 1582 452 1659 vulgo
474 1591 577 1642 notum
599 1588 659 1655 est,
683 1582 719 1642 de
742 1584 827 1642 tertio
851 1580 924 1641 nibil
946 1583 1003 1641 nisi
1025 1584 1208 1659 conjecturas
1231 1583 1333 1643 afferre
1355 1598 1484 1660 possum.
1530 1583 1576 1642 De

221 1672 314 1748 primo
337 1669 478 1731 hactenus
501 1673 627 1746 egimus,
653 1668 688 1730 de
711 1672 810 1731 animo
834 1670 963 1743 scilicet,
987 1687 1021 1730 er
1046 1688 1104 1747 quo
1127 1687 1222 1729 mores
1245 1670 1423 1748 dependent,
1447 1670 1483 1731 de
1506 1673 1574 1747 qui-

223 1759 277 1818 bus
300 1756 384 1833 vulgi
405 1758 592 1835 proverbium
615 1759 713 1816 tritum
736 1764 796 1831 est,
828 1756 908 1832 quod
931 1755 1055 1833 quilibet
1076 1760 1115 1819 sit
1137 1757 1271 1818 fortunae
1292 1776 1365 1818 suaa
1387 1759 1482 1833 labar,
1514 1774 1574 1835 quo

222 1844 299 1905 dicto
328 1862 443 1905 summa
471 1850 560 1905 totius
589 1844 677 1922 hujus
706 1843 910 1923 philosophias
941 1848 1031 1921 partis
1054 1847 1229 1906 continetur.
1273 1846 1339 1921 Age
1370 1848 1456 1917 enim,
1484 1863 1575 1906 unum

220 1950 313 2010 genus
336 1935 485 1992 actionum
507 1949 687 2008 morumque,
710 1933 791 2008 prius
815 1934 903 1992 etiam
924 1931 1060 2009 exemplo
1070 1933 1196 2013 feminae
1210 1939 1330 2007 aarum,
1353 1932 1421 1993 loco
1445 1936 1574 1993 omnium

221 2022 259 2080 ob
282 2020 383 2080 oculos
405 2026 581 2079 statuamus.
629 2020 678 2080 Sic
701 2021 779 2080 enim
801 2026 870 2078 sunt
892 2025 1080 2096 comparatae
1102 2038 1148 2080 res
1172 2020 1331 2093 humanae,
1356 2029 1389 2079 ut
1411 2038 1576 2081 messorum

219 2116 249 2169 et
269 2106 449 2185 populariter
472 2109 648 2184 sapientium
673 2107 834 2180 hominum,
856 2124 916 2165 non
939 2109 969 2165 in
987 2107 1078 2183 vulgo
1101 2114 1225 2182 uotum,
1242 2107 1301 2167 -sed
1316 2109 1405 2167 etiam
1428 2108 1459 2167 in
1479 2110 1577 2184 magi·

145 2235 149 2241 -
219 2197 358 2255 stratibus
380 2197 469 2272 inque
492 2211 575 2255 sacro
598 2194 708 2269 ordine,
732 2211 848 2272 semper
870 2212 978 2270 magna
1002 2197 1088 2272 copia
1111 2197 1164 2264 sit,
1187 2196 1296 2272 quibus
1319 2196 1448 2268 discreti,
1473 2197 1575 2270 critici,

219 2372 285 2446 quis
309 2377 408 2430 utatur
429 2369 561 2442 fortuna,
591 2386 627 2447 ca
650 2368 734 2443 dieo,
767 2384 844 2446 quae
874 2377 919 2429 est
946 2388 983 2430 ex
1004 2369 1156 2429 bominum
1183 2371 1332 2444 coetibus,
1363 2369 1434 2431 huic
1465 2372 1573 2430 etsist

215 2456 328 2534 judicio
352 2457 388 2517 de
411 2457 572 2517 moralibus
594 2466 674 2517 recto
698 2463 728 2518 et
749 2455 851 2518 labore
874 2455 1076 2533 industriaque
1100 2458 1129 2517 in
1152 2458 1240 2517 rebus
1262 2458 1408 2535 propriis,
1439 2456 1571 2534 evulgo
1687 2536 1690 2542 Ι
1728 2452 1750 2469 ’“

220 2546 354 2619 secretis,
378 2562 452 2621 opus
475 2547 593 2604 omnino
617 2552 678 2618 est,
702 2552 818 2622 oportet
840 2553 938 2605 tamen
961 2545 1059 2625 animo
1081 2543 1268 2623 pinguedinis
1294 2544 1407 2631 aliqpid
1430 2561 1495 2604 esse
1517 2544 1573 2604 ad-

219 2635 350 2707 mixtum,
375 2640 490 2708 oportet
512 2650 607 2692 mores
630 2634 657 2691 ei
681 2633 839 2709 populares
861 2631 1039 2708 modumque
1055 2632 1162 2708 agendi
1185 2632 1276 2691 talem
1300 2650 1373 2707 esse,
1400 2633 1450 2708 qui
1473 2649 1572 2693 crasso

219 2718 330 2797 populo
353 2719 486 2797 placeat,;
515 2720 604 2781 animi
634 2721 755 2778 nimium
778 2720 902 2781 subtiles
933 2727 962 2779 et
983 2721 1122 2795 inquieti,
1156 2721 1212 2778 nisi
1235 2737 1266 2778 se
1288 2721 1432 2796 recipiant
1458 2720 1487 2775 in
1511 2718 1570 2776 ali-

218 2825 306 2885 quem
328 2824 476 2867 secasmm
498 2807 662 2867 studiorum
685 2807 756 2883 (hoc
778 2809 853 2887 ipso
867 2805 998 2885 despecti
1020 2813 1050 2865 et
1071 2809 1244 2883 contemti),
1271 2823 1369 2866 creare
1393 2806 1449 2866 sibi
1471 2804 1570 2865 solent

220 2896 387 2955 lufortnuis.
432 2895 538 2970 ltaque
560 2897 586 2954 si
608 2897 676 2970 quis
699 2911 734 2954 ex
758 2893 852 2969 figura
874 2893 947 2953 cosli
970 2894 1158 2970 genethliaca
1186 2892 1370 2967 conjecturas
1392 2892 1482 2951 habet
1504 2893 1569 2951 auf-

219 2982 352 3044 deientes
381 2982 417 3041 de
439 2982 632 3058 qualitatibus
656 2983 758 3055 animi,
788 2981 986 3056 conjecturam
1017 2984 1042 3039 is
1065 2984 1153 3041 etiam
1183 2978 1220 3040 da
1242 2979 1359 3040 fortuna
1389 2980 1516 3038 hominis
1538 2981 1569 3038 in

221 3070 327 3151 genere
350 3070 438 3129 faciet
459 3087 517 3129 non
540 3073 678 3147 ineptam,
702 3066 754 3129 sad
778 3069 974 3145 conJeeturam
996 3067 1089 3127 solam
1113 3075 1321 3147 praetereaque
1344 3066 1432 3142 nibil3
1458 3067 1570 3127 scilicet

218 3156 280 3217 falli
304 3159 393 3217 etiam
408 3156 459 3216 ille
474 3163 580 3234 potest,
603 3164 720 3234 propter
734 3145 929 3216 interventum
951 3155 1075 3234 plurium
1096 3172 1258 3229 causarum,
1282 3160 1342 3214 mm
1358 3163 1569 3231 supernatura·

131 3305 137 3325 Ι
219 3244 307 3314 lium,
336 3262 426 3319 quam
447 3244 632 3305 naturalium.
677 3243 753 3303 Nam
781 3251 815 3303 ut
835 3244 960 3304 alterum
981 3243 1114 3303 fortunae
1136 3242 1263 3301 hominis
1287 3240 1509 3302 fundamentum
1532 3260 1569 3302 ex

220 3333 419 3408 superioribus
449 3349 612 3405 accersam,
644 3332 843 3406 dignationem
873 3349 913 3391 sc.
943 3331 1059 3404 vultus,
1093 3331 1262 3406 imaginatio
1294 3329 1413 3405 quidem
1443 3337 1568 3389 matrum

219 3419 377 3497 plurimum
406 3417 494 3494 hujus
524 3419 636 3479 confert
667 3420 757 3479 foetui
781 3426 843 3478 toto
866 3420 1039 3493 gestationis
1057 3426 1207 3495 tempore,
1239 3424 1270 3475 ut
1298 3434 1387 3496 saepe
1410 3416 1569 3477 infelicium

220 3512 373 3585 parentum
395 3504 541 3586 (adeoque
564 3515 593 3567 et
616 3505 740 3566 aliorum
762 3505 912 3565 bominum
934 3503 1153 3579 animalinmve,
1178 3504 1278 3569 erebro
1303 3512 1332 3564 et
1354 3522 1420 3565 oum
1437 3503 1568 3580 emphasi

219 3594 450 3671 praegnantibus
473 3590 703 3672 obversantium)
734 3601 763 3653 et
791 3592 891 3652 voltus
919 3601 950 3651 et
975 3608 1071 3653 mores
1099 3600 1129 3652 et
1156 3592 1213 3650 illis
1245 3591 1442 3653 fundamentis
1469 3582 1570 3652 innixa

220 3682 337 3741 fortuna
359 3682 520 3743 consimilis
547 3681 736 3741 haneferatur
759 3682 788 3737 in
811 3680 932 3740 foetum.
977 3679 1035 3739 Sed
1064 3686 1164 3740 tamen
1194 3687 1338 3757 utsupra
1365 3677 1570 3758 paradigmata

219 3770 360 3830 mentalis
381 3768 478 3828 Procli
502 3768 770 3844 multiplicabantur
792 3768 821 3824 in
844 3766 1000 3839 animalia,
1026 3766 1142 3846 vitalia,
1166 3762 1300 3841 mobilia,
1329 3766 1505 3845 complicata
1526 3774 1568 3829 st.

220 3856 295 3917 ideis
316 3859 398 3916 vitae
419 3846 625 3933 motuumque,
650 3859 692 3916 sic
715 3857 803 3915 etiam
825 3854 873 3913 hic
895 3854 1045 3914 character
1066 3855 1142 3915 coeli
1164 3854 1366 3930 genethliacus
1389 3856 1570 3929 immergitur

220 3946 250 4002 fn
272 3947 400 4020 speciem
424 3943 523 4002 vultus
547 3942 662 4004 occulta
684 3945 715 4002 vi
737 3942 886 4002 facultatis
908 3942 1082 4002 formatricis
1104 3943 1331 4020 agnosciturqne
1354 3960 1389 4000 ex
1405 3943 1467 4001 nati
1483 3940 1567 4001 vultu

220 4031 378 4091 occultiore
408 4030 506 4090 adbuc
534 4033 728 4108 spectantium
757 4028 911 4104 instinctu,
945 4029 1107 4105 videasque
1135 4029 1174 4089 ad
1196 4046 1265 4108 eos,
1295 4031 1345 4105 qui
1368 4030 1423 4089 sub
1447 4027 1569 4105 copulas

219 4118 346 4197 plurium
376 4119 561 4196 planetarum
591 4126 660 4177 ante
690 4116 789 4177 Solem
820 4123 980 4176 nascuntur
1009 4116 1201 4197 (δορυφοριας
1230 4116 1382 4193 appellant
1415 4112 1569 4193 astrologi)

222 4207 353 4283 copulari
376 4210 479 4278 etiam,
511 4207 604 4267 veluti
626 4206 738 4265 fascino
761 4204 902 4280 quodam,
934 4212 1034 4265 coetus
1064 4206 1213 4265 hominum
1235 4202 1429 4281 popularium.
1476 4202 1568 4278 Cujus

219 4296 262 4355 rei
284 4293 450 4370 exemplum
472 4293 510 4354 ad
533 4311 649 4355 omnem
671 4294 852 4369 posteritatis
865 4294 1035 4353 memoriam
1051 4290 1286 4352 commendatum
1307 4290 1405 4350 videre
1421 4297 1466 4350 est
1488 4290 1568 4366 apud

219 4380 302 4441 Hier.
327 4381 492 4442 (lurdonum
514 4384 545 4440 in
566 4380 667 4458 genesi
691 4378 828 4439 Lutheri:
842 4375 881 4455 Π)
904 4397 1072 4456 quanquam
1096 4396 1202 4439 causae
1217 4387 1314 4438 motus
1336 4377 1446 4454 publici
1467 4376 1568 4454 plures

220 4477 436 4530 concurrerunt.
480 4469 539 4544 Qui
561 4471 604 4528 sic
623 4475 786 4527 nascuntur
808 4463 993 4549 (quanquam
1023 4484 1082 4527 non
1104 4484 1164 4525 nna
1186 4473 1266 4525 certa
1293 4466 1386 4525 forma
1409 4466 1567 4543 praescribi

219 4557 341 4635 potest),
363 4556 521 4634 plurimum
543 4557 565 4614 fi
587 4555 689 4616 valent
710 4554 986 4631 auctoritate-apud
1008 4554 1163 4632 populum,
1189 4552 1345 4632 plurimum
1368 4553 1514 4629 suffragiis
1536 4553 1566 4610 in

220 4643 353 4717 consilio,
378 4643 534 4722 plurimum
555 4646 653 4721 gram
675 4641 755 4719 apud
777 4644 923 4720 principes
945 4644 1027 4718 reip,
1053 4658 1180 4719 qnorum
1203 4638 1320 4716 quidem
1343 4647 1372 4701 et
1393 4649 1498 4699 natura
1519 4654 1567 4698 re·

218 4730 360 4809 spondet,
391 4732 492 4807 itaque
524 4748 614 4810 saepe
634 4732 753 4792 fortuna
780 4737 840 4792 stat
861 4747 880 4789 a
902 4730 1034 4807 partibus
1056 4731 1205 4803 immeriti,
1234 4745 1330 4813 neque
1363 4727 1430 4788 aliis
1452 4725 1567 4801 idoneis

1099 5040 1198 5107 „¹1
