3872 5846
1581 290 1590 319 Ι

752 418 836 478 Liber
852 425 896 479 IV.
918 426 1006 495 Caput
1023 424 1073 482 ΙΙΙ
1205 492 1207 499 ‚
1525 431 1587 490 229

721 502 728 514 Ι

232 611 370 655 sonorum
393 600 596 675 proportiones
619 600 715 676 iisque
738 609 842 662 natura
865 603 992 662 bominis
1015 602 1178 663 delectatur
1199 605 1360 682 impensius
1383 603 1587 681 exprimendis,

232 682 265 741 lit
287 681 370 756 inde,
404 688 475 760 quia
497 703 586 746 sonos
609 686 656 747 vel
687 692 813 750 maxime
835 693 863 748 in
888 698 1034 769 potestate
1064 690 1315 751 hebetauimaus
1339 694 1446 762 omnis,
1480 695 1588 770 quippe
1654 684 1658 695 ’

233 771 309 829 iutra
337 788 369 831 sc
398 772 554 846 formatos,
584 776 622 834 ab
650 777 927 852 ipsis'praccordiis
957 783 1096 852 emissos,
1128 778 1166 836 ad
1196 796 1311 836 omnem
1341 781 1445 837 mentis
1475 786 1587 851 nutum,

233 873 347 948 omnem
367 859 465 919 cordis
487 870 598 920 motum
621 866 842 939 promtissimus,
868 873 897 924 et
920 864 998 942 quod
1023 869 1102 943 prius
1127 866 1245 939 dictum,
1271 868 1341 941 quia
1364 868 1587 924 instrumentum

232 945 321 1005 etiam
344 956 447 1006 nactus
471 954 516 1007 cst
538 950 729 1026 aptissimum,
754 962 853 1025 guttur
875 955 905 1009 in
928 952 1049 1029 longum
1072 960 1246 1030 porrectum,
1270 955 1361 1011 instar
1384 953 1509 1012 chordae
1533 972 1588 1013 seu

232 1034 330 1107 potins
358 1033 488 1110 fistulae,
519 1054 579 1112 qna
601 1040 630 1095 in
655 1036 837 1114 longitndine
869 1040 1019 1100 rectilinea
1050 1058 1107 1099 vox
1131 1058 1245 1099 sursum
1269 1039 1404 1099 deorsum
1435 1050 1511 1099 errat
1534 1058 1588 1098 ex·

232 1119 422 1196 puditissime.

319 1206 501 1268 Generaliter
527 1217 625 1270 autem
657 1212 686 1269 in
715 1214 849 1274 omnibus
880 1214 982 1286 rebus,
1013 1215 1043 1272 in
1066 1215 1173 1291 quibus
1196 1214 1346 1290 quantitas
1373 1221 1403 1274 ct
1426 1213 1587 1273 secundum

231 1311 298 1354 eam
324 1295 494 1356 barmoniae
523 1301 624 1375 quaeri
648 1309 786 1380 possunt,
816 1304 914 1361 insunt
943 1302 1012 1361 illae
1042 1301 1134 1360 multo
1165 1302 1362 1360 evidentiores
1393 1320 1444 1378 per
1466 1308 1588 1374 motum,

232 1399 321 1456 quam
343 1385 406 1443 siue
428 1392 519 1443 motu.
563 1386 639 1447 Nam
669 1389 724 1445 etsi
751 1391 827 1447 inest
858 1393 887 1448 in
920 1389 1112 1468 unaqualibet
1135 1388 1212 1449 linea
1234 1398 1313 1448 recta
1336 1388 1399 1463 ejus
1423 1388 1586 1462 dimidium,
1621 1382 1630 1423 ‘¹

232 1470 334 1543 tertia,
363 1480 483 1550 quarta,
517 1477 634 1549 quinta,
665 1482 749 1534 sexta
771 1493 930 1553 earumque
953 1477 1148 1554 multiplices,
1179 1476 1271 1536 latent
1300 1484 1397 1533 tamen
1428 1494 1481 1535 eae
1511 1476 1587 1534 inter

232 1564 330 1634 partes
353 1556 443 1631 alias,
474 1563 527 1618 toti
557 1562 877 1635 incommensurabiles,
909 1566 937 1620 iu
968 1581 1028 1624 uua
1057 1574 1086 1623 et
1109 1563 1211 1623 cedern
1234 1564 1403 1622 contusione
1433 1581 1498 1621 cum
1522 1571 1601 1621 tota·

233 1646 276 1703 sic
303 1646 508 1725 absconditae,
537 1655 571 1706 ut
596 1651 621 1708 si
654 1651 778 1710 maxime
808 1652 935 1711 secunda
966 1653 1043 1711 liuen
1072 1651 1204 1726 aequalis
1235 1651 1431 1727 aliquotarum
1458 1651 1586 1727 partitum

143 1730 175 1761 ³
233 1729 320 1792 alicui
344 1740 403 1793 stet
427 1733 514 1808 juxta
537 1743 645 1808 totam,
673 1738 755 1797 verbi
784 1754 873 1797 causa
905 1738 985 1798 trabs
1007 1740 1236 1815 superliminaris
1265 1742 1351 1797 trium
1375 1737 1481 1815 pedum
1500 1738 1586 1812 justa

234 1825 349 1896 postem
373 1822 507 1895 quinum,
539 1823 603 1898 ejus
626 1832 723 1883 tamen
746 1829 895 1902 proportio
918 1827 955 1883 ad
980 1834 1072 1885 totam
1096 1843 1152 1885 nou
1177 1830 1218 1885 ita
1240 1826 1325 1885 facile
1348 1828 1525 1895 innotescet,
1554 1842 1589 1883 ac

233 1908 258 1966 si
285 1916 382 1966 motus
404 1907 511 1983 aliquis
535 1911 746 1988 comparabiles
770 1911 1151 1989 longitudinesdisceruat,
1175 1915 1334 1972 constituat
1357 1921 1386 1972 et
1407 1911 1588 1971 determinet

236 1992 335 2053 Causa
357 1993 431 2053 baec
454 2003 507 2075 pst,
531 1997 609 2072 quod
633 1998 682 2056 ubi
708 2003 857 2074 quantitas
881 2004 1010 2060 estsine
1033 2009 1114 2060 motu
1137 2000 1296 2059 secuudum
1320 2017 1394 2073 eam,
1418 2000 1457 2057 ibi
1481 1999 1587 2072 omnia,
1613 2042 1616 2047 .

235 2097 311 2157 quac
340 2082 439 2141 insunt
471 2084 500 2140 in
531 2086 709 2159 quantitate,
741 2088 827 2145 simul
858 2096 926 2146 sunt
954 2089 1056 2171 codem
1089 2097 1233 2164 tempore,
1265 2103 1365 2149 omnes
1393 2104 1434 2144 sc.
1459 2089 1584 2162 partium
1615 2078 1621 2131 ἓ

236 2171 364 2227 omnium
395 2172 597 2246 proportiones
625 2170 662 2229 ad
692 2179 802 2245 totnm;
833 2182 865 2232 st
896 2177 921 2234 si
951 2177 1100 2252 quantitas
1128 2175 1228 2251 aliqua
1259 2183 1340 2232 motu
1364 2171 1491 2248 quodam
1520 2190 1589 2251 per-

235 2257 381 2328 transitur,
406 2264 476 2316 tunc
498 2254 541 2336 (ut
562 2267 607 2318 cst
629 2267 725 2318 mutus
748 2259 887 2339 essentia)
909 2280 987 2340 quae
1010 2258 1201 2338 pertransitus
1214 2270 1281 2320 sunt
1298 2263 1509 2338 proportiones,
1532 2276 1587 2319 eae
1694 2265 1698 2275 '

234 2359 292 2401 nou
315 2351 384 2401 suut
405 2345 544 2422 amplius,
574 2363 650 2421 qnae
681 2348 810 2406 nondum
837 2358 905 2408 sunt
929 2352 1135 2426 pertransitor,
1158 2348 1297 2407 nondum
1329 2351 1417 2408 etiem
1441 2355 1523 2419 snut,
1555 2354 1586 2405 et

234 2447 295 2489 una
315 2433 438 2505 quaevis
462 2437 609 2509 proportio
632 2433 697 2492 sola
719 2443 777 2508 est,
801 2453 868 2495 eum
890 2448 987 2496 motus
1010 2438 1039 2493 in
1062 2436 1126 2511 eJ'us
1150 2438 1275 2512 vestigia
1298 2437 1439 2512 pervenit.
1483 2434 1531 2492 Ita
1555 2432 1588 2491 fit

233 2520 418 2576 successione
442 2528 588 2593 motuum,
618 2530 649 2579 ut
673 2521 861 2582 enucleentur
887 2526 1089 2602 proportiones
1117 2524 1304 2582 harmonicae
1334 2525 1372 2581 ab
1396 2523 1586 2593 inconcinnius,

234 2612 265 2665 et
286 2613 415 2664 secretae
438 2623 456 2664 a
478 2610 603 2667 mixtura
625 2607 749 2678 illenim,
775 2610 866 2670 velasti
890 2629 978 2689 purae
1001 2613 1030 2667 iu
1053 2609 1119 2669 luce
1141 2612 1355 2669 coristituautur
1384 2609 1479 2682 adque
1502 2626 1587 2668 com-

234 2691 470 2766 prehendendum
493 2697 627 2755 sensibus
650 2699 879 2772 exporrigautur.
925 2698 1067 2771 Adeoque
1088 2715 1125 2755 ne
1140 2714 1221 2755 meus
1242 2700 1306 2774 ipsa
1322 2695 1439 2772 quidem
1463 2697 1491 2750 in
1518 2695 1588 2753 data

234 2781 397 2854 quantitate
420 2784 622 2857 proportiones
645 2783 828 2845 harmonicas
863 2788 925 2844 siue
948 2784 1076 2860 quadam
1109 2793 1204 2843 motus
1232 2785 1358 2858 imagine
1387 2779 1526 2839 discernit
1549 2781 1586 2838 ab

233 2864 413 2926 inconcinnis
440 2868 574 2941 indultis,
604 2878 673 2931 ante
701 2880 730 2931 et
753 2882 819 2950 post
842 2874 1004 2946 stantibus,
1035 2866 1087 2929 scd
1118 2872 1299 2948 pertransitis
1321 2863 1418 2951 (verbi
1441 2884 1531 2926 causa
1552 2868 1581 2923 in
1614 2892 1621 2931 2

234 2949 358 3033 circulo)
381 2955 528 3014 subtensis
555 2957 691 3031 induitis,
721 2963 750 3016 in
779 2960 919 3018 subtensa
949 2961 1053 3018 tertiae
1082 2965 1133 3017 ant
1165 2965 1286 3034 quartae
1313 2956 1403 3032 partis
1431 2952 1532 3012 circuli
1554 2961 1583 3011 et
1615 2958 1618 2971 ‘

233 3041 377 3100 similibus
401 3060 524 3118 operosa
553 3052 598 3103 est
621 3046 741 3122 ejusque
766 3045 1041 3106 demonstrationem
1072 3047 1197 3120 exquirit
1224 3051 1419 3120 praestatque,
1440 3043 1583 3114 cogitatu,

233 3127 313 3203 quod
335 3138 465 3204 praestat
487 3148 591 3190 manus
614 3132 702 3192 ducta
724 3131 816 3206 linea,
845 3141 877 3191 nt
901 3151 966 3195 eam
988 3132 1045 3192 boe
1066 3141 1134 3191 actu
1162 3138 1294 3190 secernat
1323 3131 1360 3188 ab
1384 3129 1503 3187 infinitis
1525 3144 1584 3185 non

235 3218 370 3286 cogitatis
400 3229 430 3274 et
450 3234 509 3275 uon
534 3217 644 3290 ductis,
674 3221 794 3295 atejus
823 3223 1043 3295 congruentiam
1073 3227 1124 3278 aut
1146 3220 1391 3295 incongruitatem
1421 3217 1542 3275 seorsim
1566 3234 1585 3274 a

234 3303 337 3361 ceteris
360 3320 440 3361 meus
463 3308 619 3366 intueatur.

321 3388 406 3449 Mens
436 3392 554 3466 quidem
581 3395 639 3451 ista
665 3401 777 3469 potest,
802 3395 871 3468 qnia
899 3393 1050 3454 voluntate
1073 3395 1162 3452 utitur
1192 3407 1304 3465 suoque
1327 3390 1469 3449 arbitratu
1497 3388 1586 3447 saltat

234 3479 266 3535 in
288 3475 339 3535 illa
361 3482 555 3553 quantitatum
582 3480 695 3539 infinita
718 3480 874 3551 divisione,
906 3499 982 3558 quac
1010 3489 1074 3540 tota
1103 3481 1192 3538 menti
1215 3477 1302 3537 simul
1331 3488 1448 3554 praesto
1480 3484 1525 3536 est
1547 3475 1587 3535 ad

235 3565 435 3640 cogitandum,
466 3569 615 3628 sessiones
646 3584 716 3628 vero
747 3571 1007 3645 perceptionesque
1037 3568 1113 3628 aliae
1142 3565 1308 3637 naturales,
1340 3573 1437 3623 motus
1460 3563 1586 3638 denique

236 3668 403 3728 corporum,
435 3670 486 3728 per
509 3672 582 3730 quos
606 3655 783 3731 adjuvantur
812 3660 1026 3731 perceptiones,
1055 3670 1113 3711 non
1140 3656 1182 3712 sic
1211 3654 1239 3709 in
1263 3654 1417 3711 animantis
1441 3657 1586 3728 potestate

236 3746 318 3809 snut,
350 3748 397 3811 ut,
429 3742 454 3796 si
477 3740 581 3800 infiniti
603 3744 668 3801 soni
699 3752 751 3800 aut
777 3745 910 3802 binorum
934 3742 1115 3818 planetarum
1146 3739 1277 3799 lulluitac
1299 3739 1504 3814 angulationes
1536 3754 1587 3813 per

236 3834 330 3885 totum
354 3828 452 3885 circuli
477 3830 618 3888 ambitum
649 3831 734 3888 simul
767 3830 868 3890 eodem
892 3839 1021 3906 tempore
1057 3832 1130 3887 inter
1152 3836 1184 3885 sa
1207 3826 1347 3886 contusae
1370 3834 1481 3897 essent,
1512 3840 1584 3899 pos·

236 3917 347 3973 sintae
369 3914 532 3974 subducere
555 3935 573 3974 a
596 3917 748 3991 rejecticiis
771 3920 858 3993 inque
881 3916 959 3976 solos
981 3916 1131 3993 placentes
1153 3930 1218 3973 sese
1233 3917 1378 3990 recipere;
1402 3929 1475 3987 opus
1499 3913 1587 3985 igitur

236 4001 347 4061 babent
368 4008 458 4075 motu,
482 4020 541 4077 quo
564 4004 757 4063 intercedente
780 4005 886 4077 omnia,
909 4020 985 4081 quae
1009 4003 1181 4079 quantitatis
1206 4017 1295 4060 carisa
1318 4001 1456 4062 contusae
1479 4010 1585 4068 essent,

236 4105 290 4164 per
312 4098 444 4164 tempora
467 4090 652 4150 succedentia
668 4091 850 4163 evolvantur,
874 4095 908 4149 ut
921 4091 1037 4167 singula
1052 4089 1117 4150 sola
1136 4088 1270 4147 sensibus
1292 4085 1434 4147 accident.
1475 4083 1586 4175 Quodsi

239 4175 316 4232 oculi
339 4174 434 4234 simile
463 4177 533 4249 quid
562 4180 650 4236 menti
674 4186 812 4252 possunt,
844 4185 877 4237 ut
908 4195 946 4255 er
967 4178 1137 4237 contusione
1169 4175 1281 4233 infinita
1303 4192 1362 4233 una
1392 4175 1587 4250 praesentium

239 4260 302 4321 sine
325 4269 405 4321 motu
436 4261 547 4338 eligant
575 4266 788 4340 praestantiora
815 4260 865 4346 (nt
894 4267 1079 4323 almannum
1108 4280 1178 4322 usae
1201 4262 1377 4332 ministerio,
1410 4279 1444 4319 ex
1468 4258 1587 4317 induitis

238 4349 337 4408 circuli
361 4351 509 4409 subtensis
530 4351 721 4428 possibilibus
745 4351 854 4427 eligant
867 4351 1071 4428 delineeutque
1087 4351 1256 4409 subtensam
1275 4351 1379 4408 tertiae
1395 4348 1479 4424 parti,
1507 4345 1586 4405 latus

237 4454 279 4497 sc.
302 4433 471 4517 trianguli),
495 4438 639 4514 idipsum
664 4457 721 4498 non
744 4447 805 4497 tam
830 4440 914 4512 ocrvli,
940 4457 1027 4516 quam
1050 4455 1132 4497 mens
1156 4440 1294 4512 ipseper
1317 4433 1417 4495 oculos
1441 4433 1587 4493 censenda

238 4531 285 4584 est
306 4525 411 4597 lacere,
435 4542 489 4585 uec
511 4525 567 4585 boc
589 4526 677 4602 plane
700 4528 763 4586 siue
786 4540 881 4596 motu,
906 4535 939 4585 ut
961 4526 1036 4599 dixi,
1059 4542 1206 4584 mannum.

327 4609 365 4671 Ut
387 4612 476 4687 igitur
499 4612 576 4675 hanc
597 4613 833 4674 observationem
857 4615 1000 4689 prioribus
1022 4613 1220 4690 pronunciatis
1244 4608 1438 4685 applicemus,
1464 4613 1586 4684 oportet,

238 4700 264 4757 si
287 4715 333 4757 res
356 4682 458 4773 aliqua
479 4700 639 4774 perarduum
661 4700 750 4761 debet
772 4718 837 4761 esse
859 4702 1022 4777 subjectum
1039 4699 1232 4777 proportionis
1254 4696 1449 4768 harmonicae,
1473 4700 1588 4769 oportet

239 4789 359 4861 iuquam
382 4794 412 4845 et
433 4789 643 4861 quantitatem,
673 4787 886 4864 longitudinem
916 4806 957 4848 se.
987 4791 1016 4846 in
1039 4785 1090 4846 illa
1113 4804 1144 4845 re
1167 4788 1262 4843 inesse
1289 4792 1319 4842 at
1348 4784 1433 4858 sigua
1462 4798 1526 4841 esse
1548 4778 1587 4840 ad

239 4874 440 4946 binominus,
473 4875 498 4932 si
521 4872 673 4950 longitudo
697 4883 741 4935 cst
764 4874 905 4956 circulus,
938 4872 986 4934 vel
1008 4875 1100 4948 trina,
1129 4874 1154 4933 sl
1176 4881 1256 4933 recta
1278 4870 1370 4945 linea,
1394 4885 1516 4959 quorum
1539 4867 1587 4942 vel
