3872 5846
630 347 805 421 ‚iubendi
823 348 1096 435 ῡιιιιιιιιιιιιίιι
1300 389 1310 409 κ
1485 358 1556 431 ιιι

285 531 426 610 Reliquas
440 533 520 597 ,artis
542 533 767 608 compositoriam
789 532 909 609 regulos
927 531 1114 597 artificibus
1107 531 1179 609 ipis
1199 530 1336 611 relinquo
1358 535 1555 611 ιιιιιιιιιι-

199 619 253 679 das
283 629 334 679 aut
365 623 509 679 rationem
541 637 640 679 earum
670 619 855 679 reddendam
900 619 976 681 Milli
1007 622 1083 681 onim
1114 637 1190 696 quoe
1222 619 1374 723 hueusque
1402 620 1555 699 disputari

196 707 313 773 abunde
337 690 494 783 sufficiunt,
518 724 584 766 cum
608 706 645 769 od
668 718 803 769 naturam
827 717 928 767 cantus
953 706 1171 780 illustrandam,
1195 710 1296 784 primis
1318 709 1423 769 saltem
1446 718 1476 769 et
1498 728 1554 787 ge·

197 792 347 855 neraiibns
371 796 434 873 eJ'us
457 794 685 854 iundemcrrtis'
679 813 707 852 in
731 806 835 855 natura
858 795 1041 862 monstratis
1074 800 1136 853 tuni
1159 798 1285 857 monime
1314 794 1352 855 ad
1375 797 1556 875 speculatio·

198 899 249 941 nes
273 882 339 942 libri
363 878 400 940 V.
424 885 584 959 sequentis,
608 882 690 958 eujus
714 881 779 943 libri
803 880 926 941 materia
949 880 1019 939 mihi
1041 884 1146 941 unicus
1174 884 1203 939 in
1226 891 1289 942 toto
1313 900 1400 960 opere
1423 886 1488 944 linis
1512 893 1557 946 cst

195 973 376 1047 propositus
424 973 618 1029 astronomus
647 973 723 1029 enim
754 987 810 1045 ego
837 972 914 1028 sicut
943 968 979 1027 de
1001 968 1102 1051 figuris
1131 969 1315 1047 regularibus
1347 971 1465 1050 disputo
1497 991 1555 1033 nou

196 1068 257 1116 tam
279 1060 455 1134 geometrice
480 1052 551 1139 (ruisi
586 1058 635 1115 ubi
664 1056 715 1118 illa
744 1052 840 1127 adbirc
869 1056 1045 1133 incompleta
1077 1059 1142 1117 sisa
1165 1053 1225 1140 est)
1249 1076 1336 1133 quarn
1360 1064 1555 1128 astronomica

196 1154 226 1203 et
247 1145 463 1225 metaphysica,
494 1148 537 1203 sic
560 1147 648 1203 etiarn
678 1144 714 1204 de
742 1152 845 1203 celitus
875 1145 1125 1229 proportionibus
1138 1145 1233 1205 scribo
1262 1164 1322 1205 non
1354 1155 1414 1206 tam
1443 1151 1553 1208 musica

196 1250 284 1308 quam
308 1230 494 1323 geometrice,
518 1231 572 1335 phJ
570 1235 649 1307 ιῑιι,
673 1232 799 1308 dariique
823 1232 960 1309 utprtus,
983 1222 1176 1295 astronomica
1196 1243 1225 1292 et
1247 1234 1461 1313 metaphysica.
1486 1238 1556 1312 quia

195 1322 272 1380 sicut
296 1314 478 1396 corporibus
498 1316 627 1396 quicuque
651 1318 833 1397 regularibus
862 1332 896 1378 ex
919 1321 1096 1396 geometria,
1127 1322 1170 1379 sie
1198 1321 1285 1379 etiam
1315 1324 1553 1398 proportionibus

195 1416 318 1484 totoque
349 1415 495 1484 apparatu
527 1408 698 1471 harmonice
728 1424 762 1469 ex
794 1410 906 1466 musica
940 1425 1013 1484 epus
1040 1407 1138 1469 haheo
1169 1406 1207 1466 ad
1231 1408 1418 1512 explicandas
1450 1427 1555 1470 causas

196 1498 393 1571 proportionis
423 1496 537 1555 orbium
571 1495 741 1555 coelestium
769 1496 1075 1571 cecentricitntumque
1106 1505 1135 1557 ιι
1167 1504 1299 1554 motuum
1329 1498 1358 1554 in
1390 1497 1554 1574 opsidibus

195 1585 298 1645 Artem
322 1600 391 1647 raro
415 1582 609 1662 componendi
632 1590 745 1657 contus,
769 1599 846 1658 quae
868 1584 967 1669 pruris
990 1593 1034 1641 est
1050 1582 1171 1684 musico,
1194 1600 1382 1659 nequaquam
1405 1585 1552 1686 profiteor,

195 1689 283 1749 quam
307 1689 343 1731 ex
366 1670 477 1733 Artusii
500 1687 589 1749 supra
612 1669 680 1729 dicti
704 1688 797 1745 exque
819 1658 902 1729 Sellii
926 1668 1062 1743 Calvisii,
1087 1671 1171 1732 amici
1196 1669 1343 1747 quondam
1366 1672 1433 1748 mei,
1456 1672 1549 1749 libris,

196 1758 232 1817 de
256 1767 318 1818 arte
341 1761 549 1835 compositorio
572 1767 676 1817 contus
698 1758 793 1837 editis,
817 1761 924 1819 rectius
947 1758 998 1834 qui
1023 1758 1102 1817 volet
1123 1765 1221 1834 potet,
1245 1776 1320 1835 quos
1342 1761 1424 1837 ipsos
1445 1769 1552 1835 tamon,

196 1862 255 1905 non
278 1836 356 1922 quod
381 1849 508 1924 optimos
530 1856 647 1935 putem,
672 1844 723 1903 sed
746 1848 815 1921 quia
839 1844 994 1904 aliusnon
1019 1844 1095 1919 vidi,
1119 1847 1248 1941 nomino.

447 2062 496 2131 Dc
527 2063 640 2135 tritius
666 2061 914 2135 medietatibus
942 2059 1113 2145 digressio
1143 2059 1294 2149 politica

281 2205 359 2262 Folio
376 2208 419 2262 29.
436 2206 511 2261 lineo
529 2210 553 2263 9.
573 2210 609 2276 (p.
630 2208 678 2262 tii
700 2206 745 2260 lin.
766 2204 809 2273 29)
831 2205 1019 2275 paragraphus
1045 2219 1162 2273 sequens
1186 2203 1247 2260 luco
1271 2221 1322 2261 suo
1345 2204 1473 2262 exclusus
1501 2214 1552 2273 est,

195 2284 268 2353 quod
286 2299 385 2354 operae
410 2284 478 2339 folia
501 2285 663 2354 exemplaris
687 2285 795 2339 income
819 2283 1021 2340 distribuissent
1056 2324 1062 2337 .
1098 2322 1105 2336 .
1141 2284 1252 2354 (quippe
1279 2285 1333 2353 'isal
1369 2325 1551 2343 .....

280 2378 384 2454 Neque
408 2387 504 2438 tanrcn
534 2376 573 2437 ob
597 2377 625 2436 id
649 2368 880 2456 reprehendendi
905 2385 973 2436 suut
988 2385 1132 2451 auctores,
1157 2378 1207 2454 qui
1227 2380 1431 2454 proportiones
1446 2378 1552 2456 hujus·

195 2465 274 2524 modi
297 2464 383 2525 tilulo
405 2464 637 2525 harmonittariim
661 2474 690 2522 in
714 2482 804 2541 remp.
826 2466 978 2542 recipiunt.
998 2470 1074 2535 (Vide
1092 2473 1173 2519 locum
1192 2472 1386 2534 pulcherrimum
1409 2475 1436 2522 ln
1455 2474 1551 2524 Budluo

196 2549 358 2623 cenapum.)
381 2552 456 2612 Nam
480 2555 534 2612 etsi
555 2570 667 2629 paucae
696 2570 731 2611 ex
754 2554 798 2611 sia
826 2552 958 2611 iormatis
979 2569 1073 2611 meras
1101 2552 1269 2611 harmonias
1292 2551 1447 2629 definiunt,
1481 2555 1552 2615 reli·

196 2659 270 2717 quae
293 2657 393 2701 omnes
422 2642 459 2701 ab
483 2641 641 2701 harmoniis
664 2639 778 2699 alienae
801 2650 884 2712 surii,
917 2656 1017 2700 omncs
1050 2649 1147 2699 tamen
1178 2638 1267 2714 hujus
1296 2638 1473 2700 delinitionis
1495 2642 1552 2703 hoc

193 2728 319 2803 habent,
348 2727 429 2804 qnod
452 2735 687 2805 contemperatae
716 2737 785 2787 sunt
816 2744 851 2787 ex
873 2726 1018 2786 ambabus
1041 2726 1295 2803 proportionibus,
1317 2728 1501 2789 arithmetica
1524 2739 1553 2789 ιι

194 2818 386 2891 geometrica3
410 2835 448 2877 err
470 2817 819 2894 quocontcmperatione
842 2817 919 2874 inest
943 2813 1001 2872 illio
1024 2814 1098 2872 haec
1120 2814 1149 2869 in
1165 2811 1239 2889 Rep.
1263 2814 1407 2890 aptitudo·
1452 2815 1552 2877 Vlels-

195 2907 248 2962 sim
272 2920 343 2963 vcro
365 2907 395 2960 in
409 2903 484 2981 Rep.
508 2906 532 2962 si
557 2918 615 2979 qtra
627 2906 673 2962 ιιι
697 2908 740 2960 est
762 2902 1009 2971 harmonicorum,
1037 2908 1069 2960 ut
1092 2900 1293 2971 harmonicae,
1317 2919 1412 2978 neque
1434 2908 1550 2963 uestrae

191 2991 365 3051 medietates
387 2990 573 3050 harmonicae
596 2992 694 3067 sperni
709 2998 855 3067 poterunt,
880 3006 952 3066 ques
967 2989 1072 3047 laxiori
1089 2986 1256 3047 delinitione
1277 2990 1319 3046 ιιι
1335 2988 1433 3049 trodo:
1463 2990 1553 3068 Qisud

193 3082 229 3138 eit
251 3084 340 3139 oratic
362 3078 407 3152 id,
431 3079 513 3155 quod
533 3077 688 3137 antecedit
710 3082 790 3137 inter
803 3076 881 3136 duae
896 3093 981 3137 voces
990 3082 1196 3147 ιιιιιιιιαιιιιι,
1219 3072 1389 3135 comotione
1409 3083 1436 3136 ct
1451 3082 1550 3154 iprum

193 3180 261 3225 cum
283 3166 408 3226 iliorum
426 3175 568 3242 meaque.
614 3165 648 3224 ln
671 3165 849 3225 sectionibus
872 3166 960 3241 igitur
983 3171 1037 3223 etc.

283 3253 438 3313 Hactenus
467 3257 585 3313 omissa.
630 3253 705 3311 (lum
736 3260 834 3313 autem
858 3251 965 3311 Bodini
992 3250 1188 3310 meminissem
1216 3249 1346 3325 jamque·
1368 3249 1451 3309 linito
1472 3250 1548 3311 libro

189 3344 279 3401 tertio
299 3351 331 3401 ct
353 3340 457 3400 addito
476 3342 620 3418 superiori
649 3340 844 3417 paragrapho,
874 3340 946 3398 satis
970 3348 1124 3415 operatum
1148 3352 1213 3398 essa
1241 3338 1456 3397 mathematicis
1478 3356 1548 3417 spa·

192 3428 390 3488 culationibus
414 3431 605 3501 censuissem,
638 3427 720 3485 linita
753 3428 807 3486 hoc
829 3428 950 3502 spinosa
978 3427 1115 3490 materia.
1146 3424 1258 3501 placuit
1288 3442 1324 3485 ex
1346 3428 1410 3502 lpse
1432 3424 1548 3487 Bodinu

190 3519 351 3593 praecipua
373 3516 581 3592 disputationis
604 3515 692 3591 hujus
714 3515 853 3591 politicae
877 3517 974 3590 capita
996 3513 1212 3587 nonsscrihare,
1236 3513 1334 3572 verbis
1348 3520 1378 3572 et
1392 3512 1494 3573 ordino
1517 3522 1551 3573 ut

190 3603 348 3680 plurimum
376 3618 412 3663 cir
436 3620 501 3663 mee
532 3603 587 3662 loci
611 3603 689 3663 illius
712 3611 801 3679 eapte
832 3602 1036 3672 conformatis,
1064 3610 1098 3659 at
1126 3611 1156 3660 ιι
1178 3599 1253 3659 lueis
1274 3600 1388 3676 aliquid
1416 3601 1548 3661 aaaron

146 3712 154 3725 ·
190 3690 258 3750 loce
282 3704 334 3769 per
356 3704 388 3750 ιι
411 3693 546 3766 obscero,
570 3691 678 3767 quippe
701 3689 833 3749 Bodinus
858 3706 891 3749 ιιι
916 3688 1131 3749 mathematicis
1155 3687 1317 3765 disciplinis
1338 3690 1486 3753 nonsatis
1508 3689 1546 3747 od

190 3778 269 3839 hooc
291 3778 522 3855 speculationem
546 3776 686 3855 preasidii
708 3777 823 3855 attulit,
853 3786 882 3836 et
905 3787 936 3835 ut
960 3775 1091 3836 taedium
1119 3792 1301 3835 moratorum
1324 3774 1550 3836 demonstratio-

192 3882 261 3925 num
292 3866 581 3939 mathematicorum,
621 3866 730 3942 quibus
760 3872 841 3923 tetus
871 3864 947 3923 liber
976 3869 1107 3936 comtat,
1145 3864 1367 3940 interpositione
1399 3863 1551 3941 popularis

190 3952 340 4028 incundae
368 3956 509 4013 materiae
539 3954 660 4012 lenirem
691 3968 821 4028 ususque
850 3952 914 4027 ιιιι
944 3967 1001 4011 ιιι
1035 3949 1145 4011 nullius
1178 3952 1208 4007 in
1239 3951 1444 4026 cognmenda
1474 3950 1548 4028 Rep.

192 4051 312 4117 guastum
339 4041 548 4102 exhiberem·
545 4040 705 4117 Incipiam
734 4048 832 4098 ιιιιιιι
862 4040 899 4098 ab
924 4038 1119 4115 explicatione
1149 4039 1191 4098 rai
1215 4037 1420 4099 mathematica
1448 4039 1550 4099 fusiori

193 4128 293 4207 adque
315 4129 434 4188 lectoris
454 4146 515 4187 non
539 4127 738 4187 mathematici
761 4133 880 4203 captum
902 4124 1169 4185 accommodatiori.

159 4267 166 4280 .
281 4215 408 4292 Quande
430 4218 558 4276 numeris
573 4215 697 4291 aliquot,
721 4230 780 4272 non
795 4220 913 4274 otiante
930 4230 1029 4272 eorum
1044 4211 1255 4290 magnitudine,
1279 4211 1425 4273 ιιιιιιιιι
1438 4228 1551 4290 aequo-

191 4302 248 4378 ila,
273 4312 343 4363 tunc
366 4311 411 4364 est
433 4305 582 4433 proportio
606 4302 798 4361 arithmetico
845 4298 899 4360 Ut:

298 4442 322 4510 3,
377 4440 403 4508 9,
457 4442 481 4507 b,
536 4439 577 4507 19,
635 4438 675 4529 lp,
729 4438 770 4490 ιι.
896 4435 1033 4501 ouantem
1050 4435 1121 4489 enim
1138 4436 1154 4491 ti
1172 4436 1258 4503 muJ‘or
1276 4442 1319 4490 ast
1336 4437 1466 4507 etiami,
1492 4444 1552 4493 tan-

197 4482 324 4579 addes,
379 4480 403 4577 3,
458 4480 482 4577 3,
552 4509 579 4576 3,
650 4529 675 4573 o,
722 4506 772 4559 3
827 4508 885 4560 turn
911 4504 1037 4574 [totidem
1062 4504 1112 4559 scil
1142 4504 1305 4574 unitatibus)
1335 4508 1368 4563 12
1395 4513 1437 4560 est
1465 4508 1553 4575 major

296 4551 631 4668 W*
537 4596 578 4667 ιι,
633 4597 675 4664 eo,
730 4594 771 4649 ιι.
829 4578 953 4643 quomo

282 4707 365 4768 Haec
387 4709 536 4784 proportio
567 4708 597 4764 in
622 4704 679 4763 hoc
702 4703 836 4781 exemplo
860 4710 904 4763 est
929 4702 1087 4781 disjuncta:
1118 4718 1188 4781 ergo
1216 4704 1366 4779 proportio
1396 4701 1552 4779 coniuncto

1323 4805 1392 4867 13·
1418 4840 1424 4851 =
