<?xml version="1.0" encoding="UTF-8"?>
<!DOCTYPE html PUBLIC "-//W3C//DTD XHTML 1.0 Transitional//EN"
    "http://www.w3.org/TR/xhtml1/DTD/xhtml1-transitional.dtd">
<html xmlns="http://www.w3.org/1999/xhtml" xml:lang="en" lang="en">
 <head>
  <title>
</title>
<meta http-equiv="Content-Type" content="text/html;charset=utf-8" />
  <meta name='ocr-system' content='tesseract 3.04.00' />
  <meta name='ocr-capabilities' content='ocr_page ocr_carea ocr_par ocr_line ocrx_word'/>
</head>
<body>
  <div class='ocr_page' id='page_1' title='image "./joanniskepleria29frisgoog_0261.png"; bbox 0 0 3872 5846; ppageno 0'>
   <div class='ocr_carea' id='block_1_1' title="bbox 372 354 1304 429">
    <p class='ocr_par' dir='ltr' id='par_1_1' title="bbox 372 354 1304 429">
     <span class='ocr_line' id='line_1_1' title="bbox 372 354 1304 429; baseline -0.002 -11"><span class='ocrx_word' id='word_1_1' title='bbox 372 369 436 429; x_wconf 75' lang='lat'>240</span> <span class='ocrx_word' id='word_1_2' title='bbox 593 378 598 383; x_wconf 86' lang='lat'><em>·</em></span> <span class='ocrx_word' id='word_1_3' title='bbox 785 358 827 413; x_wconf 87' lang='lat' dir='ltr'>De</span> <span class='ocrx_word' id='word_1_4' title='bbox 846 354 1108 426; x_wconf 79' lang='lat' dir='ltr'>configurationibus</span> <span class='ocrx_word' id='word_1_5' title='bbox 1126 354 1304 419; x_wconf 80' lang='lat' dir='ltr'>Hannouicis.</span> 
     </span>
    </p>
   </div>
   <div class='ocr_carea' id='block_1_2' title="bbox 318 531 1729 4866">
    <p class='ocr_par' dir='ltr' id='par_1_2' title="bbox 369 531 1728 1949">
     <span class='ocr_line' id='line_1_2' title="bbox 372 531 1725 610; baseline 0.006 -17"><span class='ocrx_word' id='word_1_6' title='bbox 372 537 497 608; x_wconf 84' lang='lat' dir='ltr'>quadrati</span> <span class='ocrx_word' id='word_1_7' title='bbox 514 549 629 591; x_wconf 85' lang='lat' dir='ltr'>areaere</span> <span class='ocrx_word' id='word_1_8' title='bbox 646 533 682 589; x_wconf 90' lang='lat' dir='ltr'>ad</span> <span class='ocrx_word' id='word_1_9' title='bbox 699 531 861 587; x_wconf 89' lang='lat' dir='ltr'>diametrum</span> <span class='ocrx_word' id='word_1_10' title='bbox 878 531 922 587; x_wconf 82' lang='lat' dir='ltr'>val</span> <span class='ocrx_word' id='word_1_11' title='bbox 940 532 1000 601; x_wconf 91' lang='lat' dir='ltr'>ojus</span> <span class='ocrx_word' id='word_1_12' title='bbox 1017 534 1188 603; x_wconf 88' lang='lat' dir='ltr'>quadratum.</span> <span class='ocrx_word' id='word_1_13' title='bbox 1224 538 1318 594; x_wconf 90' lang='lat' dir='ltr'>Posito</span> <span class='ocrx_word' id='word_1_14' title='bbox 1336 540 1430 606; x_wconf 89' lang='lat' dir='ltr'>igitur.</span> <span class='ocrx_word' id='word_1_15' title='bbox 1455 541 1528 610; x_wconf 92' lang='lat' dir='ltr'>quod</span> <span class='ocrx_word' id='word_1_16' title='bbox 1545 549 1644 599; x_wconf 84' lang='lat' dir='ltr'>natura</span> <span class='ocrx_word' id='word_1_17' title='bbox 1661 548 1725 602; x_wconf 91' lang='lat' dir='ltr'>sub·</span> 
     </span>
     <span class='ocr_line' id='line_1_3' title="bbox 369 611 1724 695; baseline 0.006 -21"><span class='ocrx_word' id='word_1_18' title='bbox 369 618 473 674; x_wconf 82' lang='lat' dir='ltr'>lurraris</span> <span class='ocrx_word' id='word_1_19' title='bbox 491 616 592 671; x_wconf 88' lang='lat' dir='ltr'>habeat</span> <span class='ocrx_word' id='word_1_20' title='bbox 609 629 720 670; x_wconf 85' lang='lat' dir='ltr'>sensum</span> <span class='ocrx_word' id='word_1_21' title='bbox 738 611 832 667; x_wconf 89' lang='lat' dir='ltr'>circuli</span> <span class='ocrx_word' id='word_1_22' title='bbox 848 611 966 678; x_wconf 75' lang='lat' dir='ltr'>zodiaci,</span> <span class='ocrx_word' id='word_1_23' title='bbox 990 611 1085 669; x_wconf 87' lang='lat' dir='ltr'>circuli</span> <span class='ocrx_word' id='word_1_24' title='bbox 1103 614 1228 672; x_wconf 89' lang='lat' dir='ltr'>nimirum</span> <span class='ocrx_word' id='word_1_25' title='bbox 1247 618 1397 686; x_wconf 89' lang='lat' dir='ltr'>sensibilis,</span> <span class='ocrx_word' id='word_1_26' title='bbox 1421 620 1488 676; x_wconf 83' lang='lat' dir='ltr'>ioris</span> <span class='ocrx_word' id='word_1_27' title='bbox 1507 625 1618 695; x_wconf 85' lang='lat' dir='ltr'>stantis,</span> <span class='ocrx_word' id='word_1_28' title='bbox 1643 642 1724 693; x_wconf 89' lang='lat' dir='ltr'>quem</span> 
     </span>
     <span class='ocr_line' id='line_1_4' title="bbox 371 690 1725 766; baseline 0.005 -14"><span class='ocrx_word' id='word_1_29' title='bbox 371 699 432 766; x_wconf 91' lang='lat' dir='ltr'>ipsa</span> <span class='ocrx_word' id='word_1_30' title='bbox 451 695 588 751; x_wconf 77' lang='lat' dir='ltr'><strong>examinet</strong></span> <span class='ocrx_word' id='word_1_31' title='bbox 607 695 641 748; x_wconf 88' lang='lat' dir='ltr'>ad</span> <span class='ocrx_word' id='word_1_32' title='bbox 659 693 749 746; x_wconf 79' lang='lat' dir='ltr'>irleam</span> <span class='ocrx_word' id='word_1_33' title='bbox 766 690 862 745; x_wconf 90' lang='lat' dir='ltr'>circuli</span> <span class='ocrx_word' id='word_1_34' title='bbox 879 690 1010 747; x_wconf 70' lang='lat' dir='ltr'><strong>abstracti</strong></span> <span class='ocrx_word' id='word_1_35' title='bbox 1028 691 1232 766; x_wconf 79' lang='lat' dir='ltr'>intellectualis,</span> <span class='ocrx_word' id='word_1_36' title='bbox 1257 713 1338 765; x_wconf 88' lang='lat' dir='ltr'>quam</span> <span class='ocrx_word' id='word_1_37' title='bbox 1356 696 1418 766; x_wconf 86' lang='lat' dir='ltr'>ipsa</span> <span class='ocrx_word' id='word_1_38' title='bbox 1436 713 1528 754; x_wconf 89' lang='lat' dir='ltr'>secum</span> <span class='ocrx_word' id='word_1_39' title='bbox 1550 700 1635 757; x_wconf 87' lang='lat' dir='ltr'>babet</span> <span class='ocrx_word' id='word_1_40' title='bbox 1651 704 1725 759; x_wconf 88' lang='lat' dir='ltr'>intus</span> 
     </span>
     <span class='ocr_line' id='line_1_5' title="bbox 372 771 1725 848; baseline 0.003 -18"><span class='ocrx_word' id='word_1_41' title='bbox 372 784 516 830; x_wconf 77' lang='lat' dir='ltr'>connatam</span> <span class='ocrx_word' id='word_1_42' title='bbox 540 789 589 828; x_wconf 90' lang='lat' dir='ltr'>seu</span> <span class='ocrx_word' id='word_1_43' title='bbox 614 778 794 834; x_wconf 81' lang='lat' dir='ltr'>concreatum,</span> <span class='ocrx_word' id='word_1_44' title='bbox 820 775 886 824; x_wconf 89' lang='lat' dir='ltr'>tunc</span> <span class='ocrx_word' id='word_1_45' title='bbox 904 784 970 824; x_wconf 86' lang='lat' dir='ltr'>sane</span> <span class='ocrx_word' id='word_1_46' title='bbox 997 771 1137 840; x_wconf 83' lang='lat' dir='ltr'>sequitur,</span> <span class='ocrx_word' id='word_1_47' title='bbox 1164 775 1238 842; x_wconf 91' lang='lat' dir='ltr'>quod</span> <span class='ocrx_word' id='word_1_48' title='bbox 1261 775 1355 831; x_wconf 89' lang='lat' dir='ltr'>ordine</span> <span class='ocrx_word' id='word_1_49' title='bbox 1379 783 1493 831; x_wconf 90' lang='lat' dir='ltr'>naturae</span> <span class='ocrx_word' id='word_1_50' title='bbox 1515 778 1591 846; x_wconf 89' lang='lat' dir='ltr'>prius</span> <span class='ocrx_word' id='word_1_51' title='bbox 1616 783 1725 848; x_wconf 74' lang='lat' dir='ltr'>senuas,</span> 
     </span>
     <span class='ocr_line' id='line_1_6' title="bbox 373 848 1725 925; baseline 0.004 -15"><span class='ocrx_word' id='word_1_52' title='bbox 373 863 489 925; x_wconf 89' lang='lat' dir='ltr'>quantus</span> <span class='ocrx_word' id='word_1_53' title='bbox 515 869 594 909; x_wconf 88' lang='lat' dir='ltr'>arcus</span> <span class='ocrx_word' id='word_1_54' title='bbox 618 850 722 906; x_wconf 80' lang='lat' dir='ltr'>zodiaci</span> <span class='ocrx_word' id='word_1_55' title='bbox 749 850 785 905; x_wconf 92' lang='lat' dir='ltr'>sit</span> <span class='ocrx_word' id='word_1_56' title='bbox 810 865 828 903; x_wconf 93' lang='lat' dir='ltr'>a</span> <span class='ocrx_word' id='word_1_57' title='bbox 851 848 957 913; x_wconf 85' lang='lat' dir='ltr'>duobus</span> <span class='ocrx_word' id='word_1_58' title='bbox 983 849 1103 918; x_wconf 88' lang='lat' dir='ltr'>planetis</span> <span class='ocrx_word' id='word_1_59' title='bbox 1131 852 1319 908; x_wconf 82' lang='lat' dir='ltr'>interstinctus</span> <span class='ocrx_word' id='word_1_60' title='bbox 1346 862 1374 909; x_wconf 88' lang='lat' dir='ltr'>et</span> <span class='ocrx_word' id='word_1_61' title='bbox 1388 864 1491 925; x_wconf 90' lang='lat' dir='ltr'>quauta</span> <span class='ocrx_word' id='word_1_62' title='bbox 1512 864 1588 913; x_wconf 91' lang='lat' dir='ltr'>recta</span> <span class='ocrx_word' id='word_1_63' title='bbox 1603 858 1644 921; x_wconf 87' lang='lat' dir='ltr'>illi</span> <span class='ocrx_word' id='word_1_64' title='bbox 1662 861 1725 915; x_wconf 90' lang='lat' dir='ltr'>sub·</span> 
     </span>
     <span class='ocr_line' id='line_1_7' title="bbox 371 927 1726 1007; baseline 0.005 -19"><span class='ocrx_word' id='word_1_65' title='bbox 371 933 506 999; x_wconf 86' lang='lat' dir='ltr'>tendatur,</span> <span class='ocrx_word' id='word_1_66' title='bbox 525 932 604 998; x_wconf 88' lang='lat' dir='ltr'>cujus</span> <span class='ocrx_word' id='word_1_67' title='bbox 623 929 774 1000; x_wconf 81' lang='lat' dir='ltr'>qualitatis,</span> <span class='ocrx_word' id='word_1_68' title='bbox 803 930 874 983; x_wconf 90' lang='lat' dir='ltr'>sitne</span> <span class='ocrx_word' id='word_1_69' title='bbox 893 927 1010 984; x_wconf 63' lang='lat' dir='ltr'>effzrbilis</span> <span class='ocrx_word' id='word_1_70' title='bbox 1027 929 1197 1000; x_wconf 76' lang='lat' dir='ltr'>longitudino</span> <span class='ocrx_word' id='word_1_71' title='bbox 1221 947 1256 987; x_wconf 90' lang='lat' dir='ltr'>an</span> <span class='ocrx_word' id='word_1_72' title='bbox 1274 931 1334 986; x_wconf 88' lang='lat' dir='ltr'>sola</span> <span class='ocrx_word' id='word_1_73' title='bbox 1350 933 1474 1001; x_wconf 84' lang='lat' dir='ltr'>potentia</span> <span class='ocrx_word' id='word_1_74' title='bbox 1491 936 1630 1007; x_wconf 89' lang='lat' dir='ltr'>quadrati,</span> <span class='ocrx_word' id='word_1_75' title='bbox 1656 956 1726 994; x_wconf 87' lang='lat' dir='ltr'>anne</span> 
     </span>
     <span class='ocr_line' id='line_1_8' title="bbox 372 1006 1726 1082; baseline 0.004 -14"><span class='ocrx_word' id='word_1_76' title='bbox 372 1030 434 1069; x_wconf 93' lang='lat' dir='ltr'>cum</span> <span class='ocrx_word' id='word_1_77' title='bbox 452 1012 506 1067; x_wconf 84' lang='lat' dir='ltr'>elia</span> <span class='ocrx_word' id='word_1_78' title='bbox 524 1009 640 1078; x_wconf 90' lang='lat' dir='ltr'>quadam</span> <span class='ocrx_word' id='word_1_79' title='bbox 659 1006 794 1063; x_wconf 82' lang='lat' dir='ltr'>affabilem</span> <span class='ocrx_word' id='word_1_80' title='bbox 818 1007 901 1073; x_wconf 79' lang='lat' dir='ltr'>feriat</span> <span class='ocrx_word' id='word_1_81' title='bbox 920 1023 1053 1061; x_wconf 87' lang='lat' dir='ltr'>summam</span> <span class='ocrx_word' id='word_1_82' title='bbox 1071 1010 1267 1077; x_wconf 84' lang='lat' dir='ltr'>quadratorum</span> <span class='ocrx_word' id='word_1_83' title='bbox 1291 1016 1319 1065; x_wconf 90' lang='lat' dir='ltr'>et</span> <span class='ocrx_word' id='word_1_84' title='bbox 1342 1011 1529 1078; x_wconf 84' lang='lat' dir='ltr'>rectangulum</span> <span class='ocrx_word' id='word_1_85' title='bbox 1554 1013 1676 1082; x_wconf 78' lang='lat' dir='ltr'>effabile,</span> <span class='ocrx_word' id='word_1_86' title='bbox 1698 1019 1726 1073; x_wconf 94' lang='lat' dir='ltr'>iu</span> 
     </span>
     <span class='ocr_line' id='line_1_9' title="bbox 372 1085 1726 1161; baseline 0.004 -15"><span class='ocrx_word' id='word_1_87' title='bbox 372 1107 426 1161; x_wconf 91' lang='lat' dir='ltr'>qua</span> <span class='ocrx_word' id='word_1_88' title='bbox 443 1087 610 1160; x_wconf 87' lang='lat' dir='ltr'>proprietate</span> <span class='ocrx_word' id='word_1_89' title='bbox 627 1085 760 1140; x_wconf 84' lang='lat' dir='ltr'>fundatur</span> <span class='ocrx_word' id='word_1_90' title='bbox 777 1086 921 1141; x_wconf 82' lang='lat' dir='ltr'>effabilltas</span> <span class='ocrx_word' id='word_1_91' title='bbox 940 1103 1029 1155; x_wconf 89' lang='lat' dir='ltr'>areae,</span> <span class='ocrx_word' id='word_1_92' title='bbox 1053 1088 1121 1145; x_wconf 85' lang='lat' dir='ltr'>baec</span> <span class='ocrx_word' id='word_1_93' title='bbox 1133 1089 1245 1157; x_wconf 89' lang='lat' dir='ltr'>inquam</span> <span class='ocrx_word' id='word_1_94' title='bbox 1257 1090 1332 1159; x_wconf 90' lang='lat' dir='ltr'>prius</span> <span class='ocrx_word' id='word_1_95' title='bbox 1344 1089 1515 1145; x_wconf 80' lang='lat' dir='ltr'>innotescere</span> <span class='ocrx_word' id='word_1_96' title='bbox 1530 1101 1653 1148; x_wconf 79' lang='lat' dir='ltr'>naturae·</span> <span class='ocrx_word' id='word_1_97' title='bbox 1664 1096 1726 1150; x_wconf 90' lang='lat' dir='ltr'>sub·</span> 
     </span>
     <span class='ocr_line' id='line_1_10' title="bbox 370 1166 1727 1243; baseline 0.005 -20"><span class='ocrx_word' id='word_1_98' title='bbox 370 1167 459 1223; x_wconf 88' lang='lat' dir='ltr'>lunari</span> <span class='ocrx_word' id='word_1_99' title='bbox 476 1168 603 1223; x_wconf 81' lang='lat' dir='ltr'>ridentur</span> <span class='ocrx_word' id='word_1_100' title='bbox 621 1166 715 1221; x_wconf 90' lang='lat' dir='ltr'>ordine</span> <span class='ocrx_word' id='word_1_101' title='bbox 733 1173 861 1234; x_wconf 84' lang='lat' dir='ltr'>naturae,</span> <span class='ocrx_word' id='word_1_102' title='bbox 884 1166 948 1234; x_wconf 91' lang='lat' dir='ltr'>quia</span> <span class='ocrx_word' id='word_1_103' title='bbox 964 1166 1037 1221; x_wconf 89' lang='lat' dir='ltr'>latus</span> <span class='ocrx_word' id='word_1_104' title='bbox 1055 1168 1131 1236; x_wconf 86' lang='lat' dir='ltr'>prins</span> <span class='ocrx_word' id='word_1_105' title='bbox 1150 1177 1193 1223; x_wconf 82' lang='lat' dir='ltr'>est</span> <span class='ocrx_word' id='word_1_106' title='bbox 1209 1169 1310 1240; x_wconf 84' lang='lat' dir='ltr'>figura,</span> <span class='ocrx_word' id='word_1_107' title='bbox 1338 1185 1372 1223; x_wconf 89' lang='lat' dir='ltr'>ex</span> <span class='ocrx_word' id='word_1_108' title='bbox 1390 1169 1484 1225; x_wconf 89' lang='lat' dir='ltr'>lateris</span> <span class='ocrx_word' id='word_1_109' title='bbox 1501 1171 1727 1243; x_wconf 84' lang='lat' dir='ltr'>multiplicatione</span> 
     </span>
     <span class='ocr_line' id='line_1_11' title="bbox 372 1243 1727 1320; baseline 0.006 -17"><span class='ocrx_word' id='word_1_110' title='bbox 372 1248 522 1316; x_wconf 90' lang='lat' dir='ltr'>descripta,</span> <span class='ocrx_word' id='word_1_111' title='bbox 540 1251 638 1314; x_wconf 75' lang='lat' dir='ltr'>poetes</span> <span class='ocrx_word' id='word_1_112' title='bbox 656 1244 772 1310; x_wconf 87' lang='lat' dir='ltr'>demum,</span> <span class='ocrx_word' id='word_1_113' title='bbox 791 1245 838 1299; x_wconf 90' lang='lat' dir='ltr'>ubi</span> <span class='ocrx_word' id='word_1_114' title='bbox 856 1252 916 1299; x_wconf 89' lang='lat' dir='ltr'>tota</span> <span class='ocrx_word' id='word_1_115' title='bbox 934 1243 1022 1313; x_wconf 83' lang='lat' dir='ltr'>figura</span> <span class='ocrx_word' id='word_1_116' title='bbox 1040 1243 1178 1315; x_wconf 85' lang='lat' dir='ltr'>descripta</span> <span class='ocrx_word' id='word_1_117' title='bbox 1195 1247 1315 1303; x_wconf 79' lang='lat' dir='ltr'>fueritin</span> <span class='ocrx_word' id='word_1_118' title='bbox 1327 1248 1438 1302; x_wconf 82' lang='lat' dir='ltr'>zodiaco</span> <span class='ocrx_word' id='word_1_119' title='bbox 1451 1248 1562 1318; x_wconf 87' lang='lat' dir='ltr'>circulo,</span> <span class='ocrx_word' id='word_1_120' title='bbox 1581 1261 1727 1320; x_wconf 89' lang='lat' dir='ltr'>patescunt</span> 
     </span>
     <span class='ocr_line' id='line_1_12' title="bbox 371 1322 1727 1396; baseline 0.004 -15"><span class='ocrx_word' id='word_1_121' title='bbox 371 1326 430 1394; x_wconf 89' lang='lat' dir='ltr'>ejus</span> <span class='ocrx_word' id='word_1_122' title='bbox 449 1323 541 1393; x_wconf 85' lang='lat' dir='ltr'>angarii</span> <span class='ocrx_word' id='word_1_123' title='bbox 559 1337 706 1391; x_wconf 89' lang='lat' dir='ltr'>eorumque</span> <span class='ocrx_word' id='word_1_124' title='bbox 725 1322 878 1392; x_wconf 86' lang='lat' dir='ltr'>quantitas,</span> <span class='ocrx_word' id='word_1_125' title='bbox 903 1331 931 1376; x_wconf 88' lang='lat' dir='ltr'>et</span> <span class='ocrx_word' id='word_1_126' title='bbox 948 1338 984 1376; x_wconf 92' lang='lat' dir='ltr'>an</span> <span class='ocrx_word' id='word_1_127' title='bbox 1001 1323 1019 1375; x_wconf 93' lang='lat' dir='ltr'>ii</span> <span class='ocrx_word' id='word_1_128' title='bbox 1038 1324 1094 1384; x_wconf 86' lang='lat' dir='ltr'>sint</span> <span class='ocrx_word' id='word_1_129' title='bbox 1111 1339 1145 1378; x_wconf 86' lang='lat' dir='ltr'>ex</span> <span class='ocrx_word' id='word_1_130' title='bbox 1164 1328 1306 1396; x_wconf 76' lang='lat' dir='ltr'>congruis,</span> <span class='ocrx_word' id='word_1_131' title='bbox 1333 1332 1362 1380; x_wconf 89' lang='lat' dir='ltr'>et</span> <span class='ocrx_word' id='word_1_132' title='bbox 1379 1332 1415 1381; x_wconf 86' lang='lat' dir='ltr'>an</span> <span class='ocrx_word' id='word_1_133' title='bbox 1432 1328 1520 1396; x_wconf 86' lang='lat' dir='ltr'>figura</span> <span class='ocrx_word' id='word_1_134' title='bbox 1537 1332 1662 1388; x_wconf 87' lang='lat' dir='ltr'>omnibus</span> <span class='ocrx_word' id='word_1_135' title='bbox 1680 1351 1727 1390; x_wconf 84' lang='lat' dir='ltr'>an-</span> 
     </span>
     <span class='ocr_line' id='line_1_13' title="bbox 371 1401 1726 1477; baseline 0.007 -18"><span class='ocrx_word' id='word_1_136' title='bbox 371 1406 442 1476; x_wconf 89' lang='lat' dir='ltr'>gulis</span> <span class='ocrx_word' id='word_1_137' title='bbox 460 1408 605 1458; x_wconf 90' lang='lat' dir='ltr'>concurrat</span> <span class='ocrx_word' id='word_1_138' title='bbox 621 1401 656 1455; x_wconf 93' lang='lat' dir='ltr'>ad</span> <span class='ocrx_word' id='word_1_139' title='bbox 674 1401 788 1456; x_wconf 90' lang='lat' dir='ltr'>eandem</span> <span class='ocrx_word' id='word_1_140' title='bbox 805 1402 999 1470; x_wconf 80' lang='lat' dir='ltr'>congruentiae</span> <span class='ocrx_word' id='word_1_141' title='bbox 1017 1403 1149 1473; x_wconf 87' lang='lat' dir='ltr'>speciem,</span> <span class='ocrx_word' id='word_1_142' title='bbox 1173 1412 1201 1461; x_wconf 89' lang='lat' dir='ltr'>et</span> <span class='ocrx_word' id='word_1_143' title='bbox 1218 1421 1253 1459; x_wconf 90' lang='lat' dir='ltr'>au</span> <span class='ocrx_word' id='word_1_144' title='bbox 1272 1404 1463 1461; x_wconf 85' lang='lat' dir='ltr'>continuabilia</span> <span class='ocrx_word' id='word_1_145' title='bbox 1488 1406 1525 1460; x_wconf 90' lang='lat' dir='ltr'>sit</span> <span class='ocrx_word' id='word_1_146' title='bbox 1541 1413 1726 1477; x_wconf 81' lang='lat' dir='ltr'>congruentia.</span> 
     </span>
     <span class='ocr_line' id='line_1_14' title="bbox 371 1479 1726 1557; baseline 0.005 -18"><span class='ocrx_word' id='word_1_147' title='bbox 371 1484 503 1550; x_wconf 79' lang='lat' dir='ltr'>Breviter,</span> <span class='ocrx_word' id='word_1_148' title='bbox 522 1480 698 1548; x_wconf 76' lang='lat' dir='ltr'>congruentia</span> <span class='ocrx_word' id='word_1_149' title='bbox 719 1488 762 1534; x_wconf 89' lang='grc' dir='ltr'>εει</span> <span class='ocrx_word' id='word_1_150' title='bbox 779 1479 893 1535; x_wconf 76' lang='lat' dir='ltr'>affectus</span> <span class='ocrx_word' id='word_1_151' title='bbox 912 1480 1087 1549; x_wconf 88' lang='lat' dir='ltr'>angulorum,</span> <span class='ocrx_word' id='word_1_152' title='bbox 1114 1482 1246 1538; x_wconf 90' lang='lat' dir='ltr'>scibilitas</span> <span class='ocrx_word' id='word_1_153' title='bbox 1269 1483 1396 1543; x_wconf 88' lang='lat' dir='ltr'>laterum.</span> <span class='ocrx_word' id='word_1_154' title='bbox 1434 1486 1487 1541; x_wconf 88' lang='lat' dir='ltr'>Ubi</span> <span class='ocrx_word' id='word_1_155' title='bbox 1505 1502 1570 1556; x_wconf 92' lang='lat' dir='ltr'>ergo</span> <span class='ocrx_word' id='word_1_156' title='bbox 1592 1489 1669 1557; x_wconf 87' lang='lat' dir='ltr'>prius</span> <span class='ocrx_word' id='word_1_157' title='bbox 1686 1491 1726 1546; x_wconf 92' lang='lat' dir='ltr'>in·</span> 
     </span>
     <span class='ocr_line' id='line_1_15' title="bbox 372 1557 1727 1637; baseline 0.006 -19"><span class='ocrx_word' id='word_1_158' title='bbox 372 1562 490 1618; x_wconf 73' lang='lat' dir='ltr'>uomscit</span> <span class='ocrx_word' id='word_1_159' title='bbox 507 1558 611 1630; x_wconf 86' lang='lat' dir='ltr'>fi&#39;gurae</span> <span class='ocrx_word' id='word_1_160' title='bbox 629 1557 747 1629; x_wconf 89' lang='lat' dir='ltr'>angulus</span> <span class='ocrx_word' id='word_1_161' title='bbox 765 1575 848 1630; x_wconf 89' lang='lat' dir='ltr'>quam</span> <span class='ocrx_word' id='word_1_162' title='bbox 866 1558 945 1617; x_wconf 84' lang='lat' dir='ltr'>latus,</span> <span class='ocrx_word' id='word_1_163' title='bbox 963 1559 1000 1612; x_wconf 91' lang='lat' dir='ltr'>ibi</span> <span class='ocrx_word' id='word_1_164' title='bbox 1018 1560 1124 1628; x_wconf 87' lang='lat' dir='ltr'>priores</span> <span class='ocrx_word' id='word_1_165' title='bbox 1142 1569 1170 1617; x_wconf 91' lang='lat' dir='ltr'>et</span> <span class='ocrx_word' id='word_1_166' title='bbox 1187 1564 1309 1631; x_wconf 89' lang='lat' dir='ltr'>potiores</span> <span class='ocrx_word' id='word_1_167' title='bbox 1333 1565 1457 1619; x_wconf 86' lang='lat' dir='ltr'>videntur</span> <span class='ocrx_word' id='word_1_168' title='bbox 1474 1581 1536 1621; x_wconf 88' lang='lat' dir='ltr'>esse</span> <span class='ocrx_word' id='word_1_169' title='bbox 1553 1576 1648 1637; x_wconf 90' lang='lat' dir='ltr'>partes</span> <span class='ocrx_word' id='word_1_170' title='bbox 1665 1587 1727 1626; x_wconf 89' lang='lat' dir='ltr'>eon-</span> 
     </span>
     <span class='ocr_line' id='line_1_16' title="bbox 373 1637 1728 1715; baseline 0.007 -19"><span class='ocrx_word' id='word_1_171' title='bbox 373 1640 514 1714; x_wconf 89' lang='lat' dir='ltr'>gruentiae</span> <span class='ocrx_word' id='word_1_172' title='bbox 533 1653 613 1708; x_wconf 92' lang='lat' dir='ltr'>qnam</span> <span class='ocrx_word' id='word_1_173' title='bbox 631 1637 797 1701; x_wconf 86' lang='lat' dir='ltr'>scibilitatis,</span> <span class='ocrx_word' id='word_1_174' title='bbox 821 1637 867 1694; x_wconf 92' lang='lat' dir='ltr'>ubi</span> <span class='ocrx_word' id='word_1_175' title='bbox 885 1638 1022 1707; x_wconf 86' lang='lat' dir='ltr'>posterius</span> <span class='ocrx_word' id='word_1_176' title='bbox 1040 1640 1216 1707; x_wconf 84' lang='lat' dir='ltr'>posteriores.</span> <span class='ocrx_word' id='word_1_177' title='bbox 1253 1644 1290 1697; x_wconf 78' lang='lat' dir='ltr'>At</span> <span class='ocrx_word' id='word_1_178' title='bbox 1307 1643 1411 1709; x_wconf 87' lang='lat' dir='ltr'>figurae</span> <span class='ocrx_word' id='word_1_179' title='bbox 1434 1643 1470 1697; x_wconf 90' lang='lat' dir='ltr'>ad</span> <span class='ocrx_word' id='word_1_180' title='bbox 1486 1651 1607 1699; x_wconf 86' lang='lat' dir='ltr'>centrum</span> <span class='ocrx_word' id='word_1_181' title='bbox 1626 1651 1728 1715; x_wconf 91' lang='lat' dir='ltr'>pertin·</span> 
     </span>
     <span class='ocr_line' id='line_1_17' title="bbox 373 1715 1728 1795; baseline 0.005 -20"><span class='ocrx_word' id='word_1_182' title='bbox 373 1720 463 1791; x_wconf 87' lang='lat' dir='ltr'>gentis</span> <span class='ocrx_word' id='word_1_183' title='bbox 482 1717 558 1787; x_wconf 89' lang='lat' dir='ltr'>prius</span> <span class='ocrx_word' id='word_1_184' title='bbox 576 1716 723 1771; x_wconf 88' lang='lat' dir='ltr'>innotescit</span> <span class='ocrx_word' id='word_1_185' title='bbox 740 1715 869 1785; x_wconf 87' lang='lat' dir='ltr'>angulus,</span> <span class='ocrx_word' id='word_1_186' title='bbox 892 1715 996 1784; x_wconf 87' lang='lat' dir='ltr'>figurae</span> <span class='ocrx_word' id='word_1_187' title='bbox 1020 1733 1084 1771; x_wconf 79' lang='lat' dir='ltr'>vero</span> <span class='ocrx_word' id='word_1_188' title='bbox 1105 1716 1134 1771; x_wconf 91' lang='lat' dir='ltr'>iu</span> <span class='ocrx_word' id='word_1_189' title='bbox 1152 1719 1298 1788; x_wconf 87' lang='lat' dir='ltr'>superficie</span> <span class='ocrx_word' id='word_1_190' title='bbox 1317 1722 1472 1790; x_wconf 83' lang='lat' dir='ltr'>descriptae</span> <span class='ocrx_word' id='word_1_191' title='bbox 1495 1724 1555 1791; x_wconf 85' lang='lat' dir='ltr'>(per</span> <span class='ocrx_word' id='word_1_192' title='bbox 1573 1724 1643 1779; x_wconf 91' lang='lat' dir='ltr'>duos</span> <span class='ocrx_word' id='word_1_193' title='bbox 1661 1735 1728 1795; x_wconf 91' lang='lat' dir='ltr'>puta</span> 
     </span>
     <span class='ocr_line' id='line_1_18' title="bbox 373 1795 1728 1869; baseline 0.001 -12"><span class='ocrx_word' id='word_1_194' title='bbox 373 1801 448 1857; x_wconf 92' lang='lat' dir='ltr'>solos</span> <span class='ocrx_word' id='word_1_195' title='bbox 465 1797 601 1868; x_wconf 90' lang='lat' dir='ltr'>planetas)</span> <span class='ocrx_word' id='word_1_196' title='bbox 619 1795 696 1864; x_wconf 91' lang='lat' dir='ltr'>prius</span> <span class='ocrx_word' id='word_1_197' title='bbox 719 1795 865 1851; x_wconf 89' lang='lat' dir='ltr'>innotescit</span> <span class='ocrx_word' id='word_1_198' title='bbox 889 1795 976 1865; x_wconf 82' lang='lat' dir='ltr'>latus3</span> <span class='ocrx_word' id='word_1_199' title='bbox 997 1804 1073 1850; x_wconf 92' lang='lat' dir='ltr'>recte</span> <span class='ocrx_word' id='word_1_200' title='bbox 1099 1813 1164 1866; x_wconf 89' lang='lat' dir='ltr'>ergo</span> <span class='ocrx_word' id='word_1_201' title='bbox 1187 1798 1247 1853; x_wconf 90' lang='lat' dir='ltr'>fieri</span> <span class='ocrx_word' id='word_1_202' title='bbox 1265 1798 1384 1869; x_wconf 87' lang='lat' dir='ltr'>videtur,</span> <span class='ocrx_word' id='word_1_203' title='bbox 1409 1800 1432 1854; x_wconf 92' lang='lat' dir='ltr'>si</span> <span class='ocrx_word' id='word_1_204' title='bbox 1454 1800 1482 1854; x_wconf 89' lang='lat' dir='ltr'>in</span> <span class='ocrx_word' id='word_1_205' title='bbox 1500 1799 1589 1869; x_wconf 82' lang='lat' dir='ltr'>ligura</span> <span class='ocrx_word' id='word_1_206' title='bbox 1614 1804 1728 1859; x_wconf 66' lang='lat' dir='ltr'>cerradi</span> 
     </span>
     <span class='ocr_line' id='line_1_19' title="bbox 372 1874 1447 1949; baseline -0.001 -16"><span class='ocrx_word' id='word_1_207' title='bbox 372 1878 464 1949; x_wconf 89' lang='lat' dir='ltr'>potior</span> <span class='ocrx_word' id='word_1_208' title='bbox 480 1876 615 1930; x_wconf 89' lang='lat' dir='ltr'>habeatur</span> <span class='ocrx_word' id='word_1_209' title='bbox 633 1874 828 1944; x_wconf 90' lang='lat' dir='ltr'>congruentiae</span> <span class='ocrx_word' id='word_1_210' title='bbox 845 1875 928 1941; x_wconf 89' lang='lat' dir='ltr'>ratio,</span> <span class='ocrx_word' id='word_1_211' title='bbox 946 1876 974 1929; x_wconf 91' lang='lat' dir='ltr'>in</span> <span class='ocrx_word' id='word_1_212' title='bbox 992 1876 1158 1945; x_wconf 86' lang='lat' dir='ltr'>superficiali</span> <span class='ocrx_word' id='word_1_213' title='bbox 1175 1879 1265 1947; x_wconf 89' lang='lat' dir='ltr'>potior</span> <span class='ocrx_word' id='word_1_214' title='bbox 1284 1878 1447 1933; x_wconf 86' lang='lat' dir='ltr'>scibilitatis.</span> 
     </span>
    </p>

    <p class='ocr_par' dir='ltr' id='par_1_3' title="bbox 372 1952 1728 2175">
     <span class='ocr_line' id='line_1_20' title="bbox 460 1952 1728 2027; baseline 0.006 -17"><span class='ocrx_word' id='word_1_215' title='bbox 460 1955 538 2010; x_wconf 90' lang='lat' dir='ltr'>Haec</span> <span class='ocrx_word' id='word_1_216' title='bbox 553 1953 638 2022; x_wconf 91' lang='lat' dir='ltr'>igitur</span> <span class='ocrx_word' id='word_1_217' title='bbox 661 1953 688 2007; x_wconf 92' lang='lat' dir='ltr'>in</span> <span class='ocrx_word' id='word_1_218' title='bbox 707 1952 873 2017; x_wconf 70' lang='lat' dir='ltr'>contrarium</span> <span class='ocrx_word' id='word_1_219' title='bbox 897 1961 1008 2009; x_wconf 89' lang='lat' dir='ltr'>nostrae</span> <span class='ocrx_word' id='word_1_220' title='bbox 1033 1957 1213 2024; x_wconf 85' lang='lat' dir='ltr'>propositioni</span> <span class='ocrx_word' id='word_1_221' title='bbox 1237 1957 1322 2013; x_wconf 90' lang='lat' dir='ltr'>allata</span> <span class='ocrx_word' id='word_1_222' title='bbox 1348 1964 1414 2012; x_wconf 91' lang='lat' dir='ltr'>sunt</span> <span class='ocrx_word' id='word_1_223' title='bbox 1440 1957 1518 2012; x_wconf 90' lang='lat' dir='ltr'>uobis</span> <span class='ocrx_word' id='word_1_224' title='bbox 1546 1957 1728 2027; x_wconf 86' lang='lat' dir='ltr'>dissolvenda,</span> 
     </span>
     <span class='ocr_line' id='line_1_21' title="bbox 373 2031 1726 2104; baseline 0.001 -14"><span class='ocrx_word' id='word_1_225' title='bbox 373 2034 520 2104; x_wconf 88' lang='lat' dir='ltr'>eademque</span> <span class='ocrx_word' id='word_1_226' title='bbox 547 2032 728 2102; x_wconf 81' lang='lat' dir='ltr'>operareris</span> <span class='ocrx_word' id='word_1_227' title='bbox 755 2032 923 2100; x_wconf 86' lang='lat' dir='ltr'>argumentis</span> <span class='ocrx_word' id='word_1_228' title='bbox 950 2031 1119 2088; x_wconf 89' lang='lat' dir='ltr'>roborandus</span> <span class='ocrx_word' id='word_1_229' title='bbox 1154 2035 1221 2091; x_wconf 90' lang='lat' dir='ltr'>ordo</span> <span class='ocrx_word' id='word_1_230' title='bbox 1252 2035 1449 2104; x_wconf 90' lang='lat' dir='ltr'>proprietatum</span> <span class='ocrx_word' id='word_1_231' title='bbox 1478 2039 1672 2104; x_wconf 86' lang='lat' dir='ltr'>congruentiae</span> <span class='ocrx_word' id='word_1_232' title='bbox 1699 2046 1726 2093; x_wconf 91' lang='lat' dir='ltr'>et</span> 
     </span>
     <span class='ocr_line' id='line_1_22' title="bbox 372 2112 1354 2175; baseline -0.003 -5"><span class='ocrx_word' id='word_1_233' title='bbox 372 2112 536 2170; x_wconf 80' lang='lat' dir='ltr'>subditatis.</span> <span class='ocrx_word' id='word_1_234' title='bbox 1351 2168 1354 2175; x_wconf 79' lang='grc'><em>,</em></span> 
     </span>
    </p>

    <p class='ocr_par' dir='ltr' id='par_1_4' title="bbox 369 2188 1729 4234">
     <span class='ocr_line' id='line_1_23' title="bbox 459 2188 1725 2262; baseline 0.003 -16"><span class='ocrx_word' id='word_1_235' title='bbox 459 2191 580 2246; x_wconf 89' lang='lat' dir='ltr'>Primum</span> <span class='ocrx_word' id='word_1_236' title='bbox 597 2188 695 2258; x_wconf 86' lang='lat' dir='ltr'>igitur,</span> <span class='ocrx_word' id='word_1_237' title='bbox 718 2190 770 2244; x_wconf 88' lang='lat' dir='ltr'>etsi</span> <span class='ocrx_word' id='word_1_238' title='bbox 788 2206 882 2244; x_wconf 83' lang='lat' dir='ltr'>verum</span> <span class='ocrx_word' id='word_1_239' title='bbox 900 2198 956 2259; x_wconf 88' lang='lat' dir='ltr'>est,</span> <span class='ocrx_word' id='word_1_240' title='bbox 980 2190 1014 2246; x_wconf 91' lang='lat' dir='ltr'>de</span> <span class='ocrx_word' id='word_1_241' title='bbox 1032 2191 1120 2260; x_wconf 87' lang='lat' dir='ltr'>figura</span> <span class='ocrx_word' id='word_1_242' title='bbox 1138 2193 1252 2247; x_wconf 83' lang='lat' dir='ltr'>cenunli</span> <span class='ocrx_word' id='word_1_243' title='bbox 1270 2192 1381 2247; x_wconf 81' lang='lat' dir='ltr'>formari</span> <span class='ocrx_word' id='word_1_244' title='bbox 1403 2209 1454 2261; x_wconf 90' lang='lat' dir='ltr'>per</span> <span class='ocrx_word' id='word_1_245' title='bbox 1471 2192 1586 2248; x_wconf 89' lang='lat' dir='ltr'>duorum</span> <span class='ocrx_word' id='word_1_246' title='bbox 1604 2194 1725 2262; x_wconf 87' lang='lat' dir='ltr'>planeta·</span> 
     </span>
     <span class='ocr_line' id='line_1_24' title="bbox 370 2267 1726 2342; baseline -0.001 -15"><span class='ocrx_word' id='word_1_247' title='bbox 370 2288 431 2327; x_wconf 90' lang='lat' dir='ltr'>rum</span> <span class='ocrx_word' id='word_1_248' title='bbox 448 2270 539 2326; x_wconf 88' lang='lat' dir='ltr'>radios</span> <span class='ocrx_word' id='word_1_249' title='bbox 557 2283 640 2323; x_wconf 88' lang='lat' dir='ltr'>uuum</span> <span class='ocrx_word' id='word_1_250' title='bbox 658 2267 796 2336; x_wconf 89' lang='lat' dir='ltr'>angulum,</span> <span class='ocrx_word' id='word_1_251' title='bbox 814 2285 870 2322; x_wconf 89' lang='lat' dir='ltr'>uon</span> <span class='ocrx_word' id='word_1_252' title='bbox 888 2277 979 2323; x_wconf 88' lang='lat' dir='ltr'>tamen</span> <span class='ocrx_word' id='word_1_253' title='bbox 996 2269 1060 2325; x_wconf 91' lang='lat' dir='ltr'>inde</span> <span class='ocrx_word' id='word_1_254' title='bbox 1078 2271 1211 2339; x_wconf 88' lang='lat' dir='ltr'>sequitur,</span> <span class='ocrx_word' id='word_1_255' title='bbox 1231 2280 1261 2325; x_wconf 91' lang='lat' dir='ltr'>ut</span> <span class='ocrx_word' id='word_1_256' title='bbox 1278 2285 1355 2325; x_wconf 88' lang='lat' dir='ltr'>mens</span> <span class='ocrx_word' id='word_1_257' title='bbox 1373 2270 1525 2339; x_wconf 87' lang='lat' dir='ltr'>percipiens</span> <span class='ocrx_word' id='word_1_258' title='bbox 1544 2273 1726 2342; x_wconf 87' lang='lat' dir='ltr'>quantitatem</span> 
     </span>
     <span class='ocr_line' id='line_1_25' title="bbox 373 2347 1725 2421; baseline 0.001 -15"><span class='ocrx_word' id='word_1_259' title='bbox 373 2349 465 2419; x_wconf 78' lang='lat' dir='ltr'>angarii</span> <span class='ocrx_word' id='word_1_260' title='bbox 483 2347 615 2418; x_wconf 91' lang='lat' dir='ltr'>percipiat</span> <span class='ocrx_word' id='word_1_261' title='bbox 633 2355 748 2402; x_wconf 86' lang='lat' dir='ltr'>naturae</span> <span class='ocrx_word' id='word_1_262' title='bbox 773 2348 868 2402; x_wconf 90' lang='lat' dir='ltr'>ordine</span> <span class='ocrx_word' id='word_1_263' title='bbox 886 2349 962 2416; x_wconf 89' lang='lat' dir='ltr'>prius</span> <span class='ocrx_word' id='word_1_264' title='bbox 979 2349 1095 2417; x_wconf 89' lang='lat' dir='ltr'>figurae,</span> <span class='ocrx_word' id='word_1_265' title='bbox 1123 2347 1200 2416; x_wconf 87' lang='lat' dir='ltr'>cujus</span> <span class='ocrx_word' id='word_1_266' title='bbox 1225 2348 1334 2404; x_wconf 83' lang='lat' dir='ltr'>iuturus</span> <span class='ocrx_word' id='word_1_267' title='bbox 1353 2355 1396 2403; x_wconf 87' lang='lat' dir='ltr'>est</span> <span class='ocrx_word' id='word_1_268' title='bbox 1422 2347 1551 2421; x_wconf 83' lang='lat' dir='ltr'>angulos,</span> <span class='ocrx_word' id='word_1_269' title='bbox 1576 2367 1725 2421; x_wconf 88' lang='lat' dir='ltr'>congruen-</span> 
     </span>
     <span class='ocr_line' id='line_1_26' title="bbox 371 2426 1726 2499; baseline -0.001 -14"><span class='ocrx_word' id='word_1_270' title='bbox 371 2432 446 2486; x_wconf 89' lang='lat' dir='ltr'>tiam.</span> <span class='ocrx_word' id='word_1_271' title='bbox 483 2428 573 2481; x_wconf 83' lang='lat' dir='ltr'>Causa</span> <span class='ocrx_word' id='word_1_272' title='bbox 590 2432 674 2494; x_wconf 88' lang='lat' dir='ltr'>patet,</span> <span class='ocrx_word' id='word_1_273' title='bbox 693 2426 758 2493; x_wconf 89' lang='lat' dir='ltr'>quia</span> <span class='ocrx_word' id='word_1_274' title='bbox 776 2428 960 2494; x_wconf 82' lang='lat' dir='ltr'>congruentia,</span> <span class='ocrx_word' id='word_1_275' title='bbox 978 2429 1006 2482; x_wconf 93' lang='lat' dir='ltr'>in</span> <span class='ocrx_word' id='word_1_276' title='bbox 1024 2436 1155 2497; x_wconf 86' lang='lat' dir='ltr'>quantum</span> <span class='ocrx_word' id='word_1_277' title='bbox 1173 2434 1216 2482; x_wconf 93' lang='lat' dir='ltr'>est</span> <span class='ocrx_word' id='word_1_278' title='bbox 1234 2429 1316 2482; x_wconf 85' lang='lat' dir='ltr'>unius</span> <span class='ocrx_word' id='word_1_279' title='bbox 1329 2428 1422 2495; x_wconf 90' lang='lat' dir='ltr'>anguli</span> <span class='ocrx_word' id='word_1_280' title='bbox 1440 2427 1555 2497; x_wconf 87' lang='lat' dir='ltr'>ejusque</span> <span class='ocrx_word' id='word_1_281' title='bbox 1571 2430 1726 2499; x_wconf 74' lang='lat' dir='ltr'>aequalium</span> 
     </span>
     <span class='ocr_line' id='line_1_27' title="bbox 372 2502 1726 2578; baseline 0.002 -19"><span class='ocrx_word' id='word_1_282' title='bbox 372 2509 484 2578; x_wconf 81' lang='lat' dir='ltr'>aliquot,</span> <span class='ocrx_word' id='word_1_283' title='bbox 502 2506 531 2560; x_wconf 92' lang='lat' dir='ltr'>in</span> <span class='ocrx_word' id='word_1_284' title='bbox 547 2520 632 2560; x_wconf 91' lang='lat' dir='ltr'>unum</span> <span class='ocrx_word' id='word_1_285' title='bbox 654 2502 743 2558; x_wconf 89' lang='lat' dir='ltr'>locum</span> <span class='ocrx_word' id='word_1_286' title='bbox 760 2503 887 2576; x_wconf 88' lang='lat' dir='ltr'>planum,</span> <span class='ocrx_word' id='word_1_287' title='bbox 915 2507 993 2562; x_wconf 89' lang='lat' dir='ltr'>nimis</span> <span class='ocrx_word' id='word_1_288' title='bbox 1012 2515 1055 2563; x_wconf 90' lang='lat' dir='ltr'>est</span> <span class='ocrx_word' id='word_1_289' title='bbox 1078 2506 1225 2576; x_wconf 88' lang='lat' dir='ltr'>generalis;</span> <span class='ocrx_word' id='word_1_290' title='bbox 1252 2516 1315 2562; x_wconf 86' lang='lat' dir='ltr'>aaut</span> <span class='ocrx_word' id='word_1_291' title='bbox 1334 2507 1405 2564; x_wconf 90' lang='lat' dir='ltr'>euim</span> <span class='ocrx_word' id='word_1_292' title='bbox 1427 2507 1549 2562; x_wconf 85' lang='lat' dir='ltr'>infinitae</span> <span class='ocrx_word' id='word_1_293' title='bbox 1566 2509 1726 2576; x_wconf 85' lang='lat' dir='ltr'>angulorum</span> 
     </span>
     <span class='ocr_line' id='line_1_28' title="bbox 373 2582 1725 2656; baseline -0.004 -13"><span class='ocrx_word' id='word_1_294' title='bbox 373 2589 413 2644; x_wconf 88' lang='lat' dir='ltr'>sic</span> <span class='ocrx_word' id='word_1_295' title='bbox 430 2584 637 2656; x_wconf 89' lang='lat' dir='ltr'>congruentium</span> <span class='ocrx_word' id='word_1_296' title='bbox 656 2582 774 2652; x_wconf 79' lang='lat' dir='ltr'>formae,</span> <span class='ocrx_word' id='word_1_297' title='bbox 795 2591 873 2639; x_wconf 87' lang='lat' dir='ltr'>tanto</span> <span class='ocrx_word' id='word_1_298' title='bbox 891 2600 1000 2655; x_wconf 86' lang='lat' dir='ltr'>semper</span> <span class='ocrx_word' id='word_1_299' title='bbox 1017 2586 1109 2656; x_wconf 84' lang='lat' dir='ltr'>plnres</span> <span class='ocrx_word' id='word_1_300' title='bbox 1127 2602 1254 2656; x_wconf 89' lang='lat' dir='ltr'>numero,</span> <span class='ocrx_word' id='word_1_301' title='bbox 1280 2594 1381 2656; x_wconf 92' lang='lat' dir='ltr'>quanto</span> <span class='ocrx_word' id='word_1_302' title='bbox 1400 2586 1500 2656; x_wconf 89' lang='lat' dir='ltr'>singuli</span> <span class='ocrx_word' id='word_1_303' title='bbox 1518 2594 1582 2641; x_wconf 89' lang='lat' dir='ltr'>sunt</span> <span class='ocrx_word' id='word_1_304' title='bbox 1599 2585 1725 2641; x_wconf 88' lang='lat' dir='ltr'>minores.</span> 
     </span>
     <span class='ocr_line' id='line_1_29' title="bbox 372 2663 1727 2735; baseline -0.003 -13"><span class='ocrx_word' id='word_1_305' title='bbox 372 2668 435 2722; x_wconf 89' lang='lat' dir='ltr'>Non</span> <span class='ocrx_word' id='word_1_306' title='bbox 454 2674 497 2719; x_wconf 86' lang='lat' dir='ltr'>eat</span> <span class='ocrx_word' id='word_1_307' title='bbox 513 2664 597 2734; x_wconf 86' lang='lat' dir='ltr'>igitur</span> <span class='ocrx_word' id='word_1_308' title='bbox 615 2663 684 2719; x_wconf 86' lang='lat' dir='ltr'>haec</span> <span class='ocrx_word' id='word_1_309' title='bbox 700 2663 748 2718; x_wconf 85' lang='lat' dir='ltr'>illa</span> <span class='ocrx_word' id='word_1_310' title='bbox 766 2664 958 2733; x_wconf 87' lang='lat' dir='ltr'>congruentia,</span> <span class='ocrx_word' id='word_1_311' title='bbox 983 2664 1017 2720; x_wconf 91' lang='lat' dir='ltr'>de</span> <span class='ocrx_word' id='word_1_312' title='bbox 1034 2681 1089 2734; x_wconf 88' lang='lat' dir='ltr'>qua</span> <span class='ocrx_word' id='word_1_313' title='bbox 1107 2682 1157 2720; x_wconf 92' lang='lat' dir='ltr'>nos</span> <span class='ocrx_word' id='word_1_314' title='bbox 1185 2665 1354 2735; x_wconf 90' lang='lat' dir='ltr'>disputamus</span> <span class='ocrx_word' id='word_1_315' title='bbox 1373 2665 1447 2731; x_wconf 62' lang='lat' dir='ltr'>,libro</span> <span class='ocrx_word' id='word_1_316' title='bbox 1465 2664 1506 2734; x_wconf 87' lang='lat'>11,</span> <span class='ocrx_word' id='word_1_317' title='bbox 1530 2680 1600 2733; x_wconf 89' lang='lat' dir='ltr'>quoe</span> <span class='ocrx_word' id='word_1_318' title='bbox 1621 2663 1727 2733; x_wconf 89' lang='lat' dir='ltr'>augulis</span> 
     </span>
     <span class='ocr_line' id='line_1_30' title="bbox 371 2738 1727 2815; baseline -0.003 -16"><span class='ocrx_word' id='word_1_319' title='bbox 371 2760 426 2800; x_wconf 91' lang='lat' dir='ltr'>nou</span> <span class='ocrx_word' id='word_1_320' title='bbox 445 2744 558 2799; x_wconf 85' lang='lat' dir='ltr'>seorsim</span> <span class='ocrx_word' id='word_1_321' title='bbox 575 2743 682 2809; x_wconf 88' lang='lat' dir='ltr'>accidit,</span> <span class='ocrx_word' id='word_1_322' title='bbox 700 2738 749 2799; x_wconf 89' lang='lat' dir='ltr'>sed</span> <span class='ocrx_word' id='word_1_323' title='bbox 766 2742 860 2814; x_wconf 80' lang='lat' dir='ltr'>figaris</span> <span class='ocrx_word' id='word_1_324' title='bbox 878 2744 991 2814; x_wconf 88' lang='lat' dir='ltr'>integris</span> <span class='ocrx_word' id='word_1_325' title='bbox 1009 2752 1122 2814; x_wconf 88' lang='lat' dir='ltr'>propter</span> <span class='ocrx_word' id='word_1_326' title='bbox 1139 2745 1261 2815; x_wconf 89' lang='lat' dir='ltr'>angulos,</span> <span class='ocrx_word' id='word_1_327' title='bbox 1281 2761 1330 2798; x_wconf 92' lang='lat' dir='ltr'>nec</span> <span class='ocrx_word' id='word_1_328' title='bbox 1347 2744 1442 2813; x_wconf 85' lang='lat' dir='ltr'>figuris</span> <span class='ocrx_word' id='word_1_329' title='bbox 1459 2743 1582 2811; x_wconf 88' lang='lat' dir='ltr'>singulis,</span> <span class='ocrx_word' id='word_1_330' title='bbox 1600 2743 1649 2798; x_wconf 90' lang='lat' dir='ltr'>sed</span> <span class='ocrx_word' id='word_1_331' title='bbox 1667 2742 1727 2815; x_wconf 52' lang='lat' dir='ltr'>plag</span> 
     </span>
     <span class='ocr_line' id='line_1_31' title="bbox 372 2820 1727 2893; baseline -0.003 -14"><span class='ocrx_word' id='word_1_332' title='bbox 372 2824 448 2879; x_wconf 90' lang='lat' dir='ltr'>ribus</span> <span class='ocrx_word' id='word_1_333' title='bbox 466 2820 539 2877; x_wconf 87' lang='lat' dir='ltr'>inter</span> <span class='ocrx_word' id='word_1_334' title='bbox 556 2837 586 2877; x_wconf 91' lang='lat' dir='ltr'>se</span> <span class='ocrx_word' id='word_1_335' title='bbox 600 2822 711 2891; x_wconf 85' lang='lat' dir='ltr'>junctis.</span> <span class='ocrx_word' id='word_1_336' title='bbox 748 2823 844 2893; x_wconf 90' lang='lat' dir='ltr'>Itaque</span> <span class='ocrx_word' id='word_1_337' title='bbox 862 2839 917 2877; x_wconf 94' lang='lat' dir='ltr'>oon</span> <span class='ocrx_word' id='word_1_338' title='bbox 934 2830 1041 2878; x_wconf 89' lang='lat' dir='ltr'>tautum</span> <span class='ocrx_word' id='word_1_339' title='bbox 1059 2824 1224 2892; x_wconf 84' lang='lat' dir='ltr'>dissolvitur,</span> <span class='ocrx_word' id='word_1_340' title='bbox 1244 2824 1385 2879; x_wconf 88' lang='lat' dir='ltr'>sedetiam</span> <span class='ocrx_word' id='word_1_341' title='bbox 1403 2831 1578 2891; x_wconf 90' lang='lat' dir='ltr'>retorquetur</span> <span class='ocrx_word' id='word_1_342' title='bbox 1596 2822 1727 2891; x_wconf 85' lang='lat' dir='ltr'>objectio;</span> 
     </span>
     <span class='ocr_line' id='line_1_32' title="bbox 372 2899 1727 2975; baseline -0.004 -17"><span class='ocrx_word' id='word_1_343' title='bbox 372 2900 446 2975; x_wconf 91' lang='lat' dir='ltr'>quod</span> <span class='ocrx_word' id='word_1_344' title='bbox 465 2900 536 2955; x_wconf 86' lang='lat' dir='ltr'>euim</span> <span class='ocrx_word' id='word_1_345' title='bbox 551 2900 599 2955; x_wconf 88' lang='lat' dir='ltr'>illa</span> <span class='ocrx_word' id='word_1_346' title='bbox 616 2901 649 2956; x_wconf 92' lang='lat' dir='ltr'>de</span> <span class='ocrx_word' id='word_1_347' title='bbox 668 2901 903 2958; x_wconf 80' lang='lat' dir='ltr'>circumferentiali</span> <span class='ocrx_word' id='word_1_348' title='bbox 921 2910 1113 2972; x_wconf 86' lang='lat' dir='ltr'>usurpaverat,</span> <span class='ocrx_word' id='word_1_349' title='bbox 1138 2919 1283 2973; x_wconf 89' lang='lat' dir='ltr'>possumus</span> <span class='ocrx_word' id='word_1_350' title='bbox 1301 2920 1351 2958; x_wconf 90' lang='lat' dir='ltr'>nos</span> <span class='ocrx_word' id='word_1_351' title='bbox 1370 2919 1456 2974; x_wconf 80' lang='lat' dir='ltr'>aequo</span> <span class='ocrx_word' id='word_1_352' title='bbox 1471 2903 1535 2971; x_wconf 85' lang='lat' dir='ltr'>jure</span> <span class='ocrx_word' id='word_1_353' title='bbox 1562 2900 1596 2956; x_wconf 90' lang='lat' dir='ltr'>de</span> <span class='ocrx_word' id='word_1_354' title='bbox 1613 2899 1727 2956; x_wconf 87' lang='lat' dir='ltr'>centrali</span> 
     </span>
     <span class='ocr_line' id='line_1_33' title="bbox 372 2977 1727 3053; baseline -0.004 -17"><span class='ocrx_word' id='word_1_355' title='bbox 372 2993 514 3048; x_wconf 88' lang='lat' dir='ltr'>usurpare,</span> <span class='ocrx_word' id='word_1_356' title='bbox 532 2980 748 3049; x_wconf 86' lang='lat' dir='ltr'>congruentiam,</span> <span class='ocrx_word' id='word_1_357' title='bbox 767 2997 838 3049; x_wconf 89' lang='lat' dir='ltr'>quae</span> <span class='ocrx_word' id='word_1_358' title='bbox 856 2982 934 3037; x_wconf 89' lang='lat' dir='ltr'>nobis</span> <span class='ocrx_word' id='word_1_359' title='bbox 952 2982 998 3035; x_wconf 90' lang='lat' dir='ltr'>hic</span> <span class='ocrx_word' id='word_1_360' title='bbox 1016 2988 1059 3036; x_wconf 87' lang='lat' dir='ltr'>est</span> <span class='ocrx_word' id='word_1_361' title='bbox 1075 2982 1231 3053; x_wconf 88' lang='lat' dir='ltr'>proposita,</span> <span class='ocrx_word' id='word_1_362' title='bbox 1256 2982 1286 3035; x_wconf 91' lang='lat' dir='ltr'>iu</span> <span class='ocrx_word' id='word_1_363' title='bbox 1304 2997 1338 3036; x_wconf 84' lang='lat' dir='ltr'>ea</span> <span class='ocrx_word' id='word_1_364' title='bbox 1353 2982 1531 3049; x_wconf 83' lang='lat' dir='ltr'>posteriorem</span> <span class='ocrx_word' id='word_1_365' title='bbox 1550 2994 1610 3034; x_wconf 89' lang='lat' dir='ltr'>esse</span> <span class='ocrx_word' id='word_1_366' title='bbox 1628 2977 1727 3034; x_wconf 92' lang='lat' dir='ltr'>scibili·</span> 
     </span>
     <span class='ocr_line' id='line_1_34' title="bbox 371 3057 1727 3130; baseline -0.005 -14"><span class='ocrx_word' id='word_1_367' title='bbox 371 3067 441 3129; x_wconf 82' lang='lat' dir='ltr'>tate,</span> <span class='ocrx_word' id='word_1_368' title='bbox 461 3074 545 3128; x_wconf 89' lang='lat' dir='ltr'>quare</span> <span class='ocrx_word' id='word_1_369' title='bbox 563 3059 684 3127; x_wconf 89' lang='lat' dir='ltr'>potiores</span> <span class='ocrx_word' id='word_1_370' title='bbox 703 3075 763 3114; x_wconf 86' lang='lat' dir='ltr'>esse</span> <span class='ocrx_word' id='word_1_371' title='bbox 781 3068 909 3129; x_wconf 88' lang='lat' dir='ltr'>oportere</span> <span class='ocrx_word' id='word_1_372' title='bbox 926 3060 1009 3127; x_wconf 87' lang='lat' dir='ltr'>hujus</span> <span class='ocrx_word' id='word_1_373' title='bbox 1032 3077 1114 3130; x_wconf 89' lang='lat' dir='ltr'>quam</span> <span class='ocrx_word' id='word_1_374' title='bbox 1131 3061 1204 3116; x_wconf 90' lang='lat' dir='ltr'>illius</span> <span class='ocrx_word' id='word_1_375' title='bbox 1222 3068 1329 3130; x_wconf 88' lang='lat' dir='ltr'>partes,</span> <span class='ocrx_word' id='word_1_376' title='bbox 1353 3076 1486 3116; x_wconf 87' lang='lat' dir='ltr'>concessu</span> <span class='ocrx_word' id='word_1_377' title='bbox 1506 3058 1615 3128; x_wconf 86' lang='lat' dir='ltr'>quidem</span> <span class='ocrx_word' id='word_1_378' title='bbox 1633 3057 1727 3112; x_wconf 86' lang='lat' dir='ltr'>adver-</span> 
     </span>
     <span class='ocr_line' id='line_1_35' title="bbox 373 3136 1728 3215; baseline -0.003 -22"><span class='ocrx_word' id='word_1_379' title='bbox 373 3138 445 3193; x_wconf 89' lang='lat' dir='ltr'>sarii.</span> <span class='ocrx_word' id='word_1_380' title='bbox 483 3137 561 3192; x_wconf 88' lang='lat' dir='ltr'>Prius</span> <span class='ocrx_word' id='word_1_381' title='bbox 580 3138 649 3192; x_wconf 91' lang='lat' dir='ltr'>enirn</span> <span class='ocrx_word' id='word_1_382' title='bbox 668 3138 783 3207; x_wconf 86' lang='lat' dir='ltr'>liguram</span> <span class='ocrx_word' id='word_1_383' title='bbox 802 3146 911 3209; x_wconf 86' lang='lat' dir='ltr'>oportet</span> <span class='ocrx_word' id='word_1_384' title='bbox 928 3139 1002 3208; x_wconf 85' lang='lat' dir='ltr'>fieri,</span> <span class='ocrx_word' id='word_1_385' title='bbox 1029 3156 1109 3207; x_wconf 89' lang='lat' dir='ltr'>quarn</span> <span class='ocrx_word' id='word_1_386' title='bbox 1133 3150 1193 3195; x_wconf 90' lang='lat' dir='ltr'>tota</span> <span class='ocrx_word' id='word_1_387' title='bbox 1210 3155 1360 3215; x_wconf 77' lang='lat' dir='ltr'>congruere</span> <span class='ocrx_word' id='word_1_388' title='bbox 1383 3137 1470 3207; x_wconf 87' lang='lat' dir='ltr'>possit</span> <span class='ocrx_word' id='word_1_389' title='bbox 1513 3138 1574 3192; x_wconf 85' lang='lat' dir='ltr'>Jem</span> <span class='ocrx_word' id='word_1_390' title='bbox 1595 3153 1657 3192; x_wconf 88' lang='lat' dir='ltr'>vero</span> <span class='ocrx_word' id='word_1_391' title='bbox 1674 3136 1728 3211; x_wconf 78' lang='lat' dir='ltr'>nisi</span> 
     </span>
     <span class='ocr_line' id='line_1_36' title="bbox 371 3215 1726 3287; baseline -0.003 -15"><span class='ocrx_word' id='word_1_392' title='bbox 371 3219 443 3273; x_wconf 90' lang='lat' dir='ltr'>latus</span> <span class='ocrx_word' id='word_1_393' title='bbox 461 3217 564 3286; x_wconf 85' lang='lat' dir='ltr'>figurae</span> <span class='ocrx_word' id='word_1_394' title='bbox 582 3217 675 3272; x_wconf 89' lang='lat' dir='ltr'>scibile</span> <span class='ocrx_word' id='word_1_395' title='bbox 693 3218 736 3286; x_wconf 89' lang='lat' dir='ltr'>sit,</span> <span class='ocrx_word' id='word_1_396' title='bbox 755 3218 843 3285; x_wconf 86' lang='lat' dir='ltr'>figura</span> <span class='ocrx_word' id='word_1_397' title='bbox 859 3218 919 3271; x_wconf 90' lang='lat' dir='ltr'>fieri</span> <span class='ocrx_word' id='word_1_398' title='bbox 937 3233 992 3272; x_wconf 92' lang='lat' dir='ltr'>non</span> <span class='ocrx_word' id='word_1_399' title='bbox 1009 3225 1108 3287; x_wconf 87' lang='lat' dir='ltr'>potest.</span> <span class='ocrx_word' id='word_1_400' title='bbox 1144 3218 1214 3273; x_wconf 90' lang='lat' dir='ltr'>Nam</span> <span class='ocrx_word' id='word_1_401' title='bbox 1226 3218 1279 3272; x_wconf 89' lang='lat' dir='ltr'>etsi</span> <span class='ocrx_word' id='word_1_402' title='bbox 1297 3234 1389 3272; x_wconf 85' lang='lat' dir='ltr'>verum</span> <span class='ocrx_word' id='word_1_403' title='bbox 1403 3225 1453 3286; x_wconf 89' lang='lat' dir='ltr'>est,</span> <span class='ocrx_word' id='word_1_404' title='bbox 1473 3215 1536 3270; x_wconf 87' lang='lat' dir='ltr'>dato</span> <span class='ocrx_word' id='word_1_405' title='bbox 1550 3233 1604 3270; x_wconf 94' lang='lat' dir='ltr'>uno</span> <span class='ocrx_word' id='word_1_406' title='bbox 1622 3217 1726 3284; x_wconf 86' lang='lat' dir='ltr'>figurae</span> 
     </span>
     <span class='ocr_line' id='line_1_37' title="bbox 373 3295 1728 3367; baseline -0.004 -16"><span class='ocrx_word' id='word_1_407' title='bbox 373 3295 484 3367; x_wconf 76' lang='lat' dir='ltr'>angaria,</span> <span class='ocrx_word' id='word_1_408' title='bbox 506 3310 588 3364; x_wconf 87' lang='lat' dir='ltr'>quem</span> <span class='ocrx_word' id='word_1_409' title='bbox 604 3296 673 3351; x_wconf 87' lang='lat' dir='ltr'>radii</span> <span class='ocrx_word' id='word_1_410' title='bbox 691 3295 806 3351; x_wconf 88' lang='lat' dir='ltr'>duorum</span> <span class='ocrx_word' id='word_1_411' title='bbox 820 3296 992 3364; x_wconf 89' lang='lat' dir='ltr'>planetarum</span> <span class='ocrx_word' id='word_1_412' title='bbox 1010 3296 1171 3351; x_wconf 87' lang='lat' dir='ltr'>formantia</span> <span class='ocrx_word' id='word_1_413' title='bbox 1190 3304 1296 3364; x_wconf 88' lang='lat' dir='ltr'>centro,</span> <span class='ocrx_word' id='word_1_414' title='bbox 1322 3295 1380 3351; x_wconf 90' lang='lat' dir='ltr'>dari</span> <span class='ocrx_word' id='word_1_415' title='bbox 1404 3310 1545 3350; x_wconf 90' lang='lat' dir='ltr'>numerum</span> <span class='ocrx_word' id='word_1_416' title='bbox 1563 3295 1681 3349; x_wconf 88' lang='lat' dir='ltr'>omniurn</span> <span class='ocrx_word' id='word_1_417' title='bbox 1701 3300 1728 3346; x_wconf 91' lang='lat' dir='ltr'>ct</span> 
     </span>
     <span class='ocr_line' id='line_1_38' title="bbox 372 3372 1728 3445; baseline -0.003 -18"><span class='ocrx_word' id='word_1_418' title='bbox 372 3391 423 3445; x_wconf 85' lang='lat' dir='ltr'>per</span> <span class='ocrx_word' id='word_1_419' title='bbox 440 3373 501 3427; x_wconf 91' lang='lat' dir='ltr'>illos</span> <span class='ocrx_word' id='word_1_420' title='bbox 518 3372 622 3442; x_wconf 83' lang='lat' dir='ltr'>figurae</span> <span class='ocrx_word' id='word_1_421' title='bbox 645 3374 729 3428; x_wconf 90' lang='lat' dir='ltr'>totius</span> <span class='ocrx_word' id='word_1_422' title='bbox 753 3373 934 3443; x_wconf 83' lang='lat' dir='ltr'>aptitudinem</span> <span class='ocrx_word' id='word_1_423' title='bbox 951 3374 986 3429; x_wconf 86' lang='lat' dir='ltr'>ad</span> <span class='ocrx_word' id='word_1_424' title='bbox 1005 3373 1220 3442; x_wconf 89' lang='lat' dir='ltr'>congruendum,</span> <span class='ocrx_word' id='word_1_425' title='bbox 1244 3389 1295 3428; x_wconf 93' lang='lat' dir='ltr'>nec</span> <span class='ocrx_word' id='word_1_426' title='bbox 1319 3373 1348 3427; x_wconf 93' lang='lat' dir='ltr'>in</span> <span class='ocrx_word' id='word_1_427' title='bbox 1372 3374 1444 3427; x_wconf 88' lang='lat' dir='ltr'>hanc</span> <span class='ocrx_word' id='word_1_428' title='bbox 1471 3372 1728 3428; x_wconf 87' lang='lat' dir='ltr'>demonstrationem</span> 
     </span>
     <span class='ocr_line' id='line_1_39' title="bbox 371 3450 1728 3522; baseline -0.004 -14"><span class='ocrx_word' id='word_1_429' title='bbox 371 3452 477 3521; x_wconf 85' lang='lat' dir='ltr'>ingredi</span> <span class='ocrx_word' id='word_1_430' title='bbox 494 3451 587 3506; x_wconf 89' lang='lat' dir='ltr'>lateris</span> <span class='ocrx_word' id='word_1_431' title='bbox 606 3460 743 3522; x_wconf 83' lang='lat' dir='ltr'>naturam3</span> <span class='ocrx_word' id='word_1_432' title='bbox 763 3460 791 3508; x_wconf 87' lang='lat' dir='ltr'>et</span> <span class='ocrx_word' id='word_1_433' title='bbox 807 3469 862 3508; x_wconf 90' lang='lat' dir='ltr'>uon</span> <span class='ocrx_word' id='word_1_434' title='bbox 880 3452 961 3508; x_wconf 91' lang='lat' dir='ltr'>datur</span> <span class='ocrx_word' id='word_1_435' title='bbox 978 3452 1026 3507; x_wconf 89' lang='lat' dir='ltr'>ille</span> <span class='ocrx_word' id='word_1_436' title='bbox 1044 3468 1114 3506; x_wconf 90' lang='lat' dir='ltr'>unns</span> <span class='ocrx_word' id='word_1_437' title='bbox 1132 3452 1236 3520; x_wconf 86' lang='lat' dir='ltr'>figurae</span> <span class='ocrx_word' id='word_1_438' title='bbox 1254 3450 1378 3522; x_wconf 91' lang='lat' dir='ltr'>angulus,</span> <span class='ocrx_word' id='word_1_439' title='bbox 1396 3451 1424 3505; x_wconf 94' lang='lat' dir='ltr'>id</span> <span class='ocrx_word' id='word_1_440' title='bbox 1437 3458 1480 3506; x_wconf 90' lang='grc' dir='ltr'>εει</span> <span class='ocrx_word' id='word_1_441' title='bbox 1497 3468 1552 3507; x_wconf 91' lang='lat' dir='ltr'>non</span> <span class='ocrx_word' id='word_1_442' title='bbox 1569 3450 1728 3520; x_wconf 89' lang='lat' dir='ltr'>agnoscitur</span> 
     </span>
     <span class='ocr_line' id='line_1_40' title="bbox 371 3528 1728 3604; baseline -0.005 -17"><span class='ocrx_word' id='word_1_443' title='bbox 371 3548 423 3604; x_wconf 90' lang='lat' dir='ltr'>pro</span> <span class='ocrx_word' id='word_1_444' title='bbox 442 3529 541 3599; x_wconf 89' lang='lat' dir='ltr'>angulo</span> <span class='ocrx_word' id='word_1_445' title='bbox 559 3531 663 3602; x_wconf 80' lang='lat' dir='ltr'>figurae</span> <span class='ocrx_word' id='word_1_446' title='bbox 681 3548 826 3603; x_wconf 85' lang='lat' dir='ltr'>congruas,</span> <span class='ocrx_word' id='word_1_447' title='bbox 845 3532 898 3586; x_wconf 91' lang='lat' dir='ltr'>nisi</span> <span class='ocrx_word' id='word_1_448' title='bbox 917 3548 966 3603; x_wconf 90' lang='lat' dir='ltr'>per</span> <span class='ocrx_word' id='word_1_449' title='bbox 982 3532 1054 3588; x_wconf 86' lang='lat' dir='ltr'>latus</span> <span class='ocrx_word' id='word_1_450' title='bbox 1072 3529 1175 3585; x_wconf 90' lang='lat' dir='ltr'>scibile.</span> <span class='ocrx_word' id='word_1_451' title='bbox 1211 3530 1292 3585; x_wconf 89' lang='lat' dir='ltr'>Prius</span> <span class='ocrx_word' id='word_1_452' title='bbox 1304 3546 1368 3600; x_wconf 92' lang='lat' dir='ltr'>ergo</span> <span class='ocrx_word' id='word_1_453' title='bbox 1382 3530 1486 3599; x_wconf 84' lang='lat' dir='ltr'>(ordine</span> <span class='ocrx_word' id='word_1_454' title='bbox 1497 3532 1620 3596; x_wconf 89' lang='lat' dir='ltr'>naturae)</span> <span class='ocrx_word' id='word_1_455' title='bbox 1639 3528 1728 3582; x_wconf 87' lang='lat' dir='ltr'>anima</span> 
     </span>
     <span class='ocr_line' id='line_1_41' title="bbox 371 3607 1729 3681; baseline -0.005 -14"><span class='ocrx_word' id='word_1_456' title='bbox 371 3612 425 3667; x_wconf 90' lang='lat' dir='ltr'>scit</span> <span class='ocrx_word' id='word_1_457' title='bbox 443 3608 528 3680; x_wconf 73' lang='lat' dir='ltr'>latua,</span> <span class='ocrx_word' id='word_1_458' title='bbox 555 3624 636 3679; x_wconf 83' lang='lat' dir='ltr'>quam</span> <span class='ocrx_word' id='word_1_459' title='bbox 662 3619 806 3681; x_wconf 83' lang='lat' dir='ltr'>agnoscat,</span> <span class='ocrx_word' id='word_1_460' title='bbox 830 3610 882 3665; x_wconf 89' lang='lat' dir='ltr'>sibi</span> <span class='ocrx_word' id='word_1_461' title='bbox 905 3611 963 3665; x_wconf 88' lang='lat' dir='ltr'>dari</span> <span class='ocrx_word' id='word_1_462' title='bbox 986 3610 1115 3679; x_wconf 88' lang='lat' dir='ltr'>angulum</span> <span class='ocrx_word' id='word_1_463' title='bbox 1139 3626 1297 3680; x_wconf 84' lang='lat' dir='ltr'>congruum.</span> <span class='ocrx_word' id='word_1_464' title='bbox 1343 3608 1445 3678; x_wconf 74' lang='lat' dir='ltr'>Quodsi</span> <span class='ocrx_word' id='word_1_465' title='bbox 1474 3623 1660 3680; x_wconf 86' lang='lat' dir='ltr'>comparemus</span> <span class='ocrx_word' id='word_1_466' title='bbox 1685 3607 1729 3661; x_wconf 87' lang='lat' dir='ltr'>bic</span> 
     </span>
     <span class='ocr_line' id='line_1_42' title="bbox 369 3685 1726 3760; baseline -0.004 -15"><span class='ocrx_word' id='word_1_467' title='bbox 369 3690 487 3758; x_wconf 66' lang='lat' dir='ltr'>amram</span> <span class='ocrx_word' id='word_1_468' title='bbox 505 3695 663 3760; x_wconf 90' lang='lat' dir='ltr'>utramque,</span> <span class='ocrx_word' id='word_1_469' title='bbox 687 3688 776 3744; x_wconf 86' lang='lat' dir='ltr'>minus</span> <span class='ocrx_word' id='word_1_470' title='bbox 795 3688 922 3758; x_wconf 85' lang='lat' dir='ltr'>equidem</span> <span class='ocrx_word' id='word_1_471' title='bbox 940 3690 1020 3745; x_wconf 90' lang='lat' dir='ltr'>datur</span> <span class='ocrx_word' id='word_1_472' title='bbox 1036 3690 1108 3745; x_wconf 89' lang='lat' dir='ltr'>latus</span> <span class='ocrx_word' id='word_1_473' title='bbox 1131 3686 1175 3742; x_wconf 86' lang='lat' dir='ltr'>rel</span> <span class='ocrx_word' id='word_1_474' title='bbox 1192 3704 1257 3742; x_wconf 89' lang='lat' dir='ltr'>area</span> <span class='ocrx_word' id='word_1_475' title='bbox 1274 3687 1378 3757; x_wconf 86' lang='lat' dir='ltr'>figurae</span> <span class='ocrx_word' id='word_1_476' title='bbox 1396 3688 1539 3757; x_wconf 89' lang='lat' dir='ltr'>centralis,</span> <span class='ocrx_word' id='word_1_477' title='bbox 1562 3688 1622 3757; x_wconf 90' lang='lat' dir='ltr'>ipso</span> <span class='ocrx_word' id='word_1_478' title='bbox 1639 3685 1726 3742; x_wconf 87' lang='lat' dir='ltr'>radia·</span> 
     </span>
     <span class='ocr_line' id='line_1_43' title="bbox 373 3765 1728 3839; baseline -0.001 -17"><span class='ocrx_word' id='word_1_479' title='bbox 373 3766 457 3822; x_wconf 87' lang='lat' dir='ltr'>tionis</span> <span class='ocrx_word' id='word_1_480' title='bbox 475 3775 551 3834; x_wconf 72' lang='lat' dir='ltr'>acar,</span> <span class='ocrx_word' id='word_1_481' title='bbox 569 3782 650 3836; x_wconf 91' lang='lat' dir='ltr'>quam</span> <span class='ocrx_word' id='word_1_482' title='bbox 669 3768 742 3824; x_wconf 85' lang='lat' dir='ltr'>latus</span> <span class='ocrx_word' id='word_1_483' title='bbox 759 3768 863 3839; x_wconf 83' lang='lat' dir='ltr'>figurae</span> <span class='ocrx_word' id='word_1_484' title='bbox 873 3767 1146 3835; x_wconf 68' lang='lat' dir='ltr'>circumferentialim</span> <span class='ocrx_word' id='word_1_485' title='bbox 1171 3767 1224 3821; x_wconf 88' lang='lat' dir='ltr'>hoc</span> <span class='ocrx_word' id='word_1_486' title='bbox 1242 3769 1313 3823; x_wconf 88' lang='lat' dir='ltr'>enim</span> <span class='ocrx_word' id='word_1_487' title='bbox 1331 3783 1439 3839; x_wconf 91' lang='lat' dir='ltr'>semper</span> <span class='ocrx_word' id='word_1_488' title='bbox 1462 3767 1643 3823; x_wconf 86' lang='lat' dir='ltr'>determinant</span> <span class='ocrx_word' id='word_1_489' title='bbox 1659 3765 1728 3821; x_wconf 85' lang='lat' dir='ltr'>radii</span> 
     </span>
     <span class='ocr_line' id='line_1_44' title="bbox 372 3844 1727 3918; baseline -0.001 -18"><span class='ocrx_word' id='word_1_490' title='bbox 372 3845 433 3917; x_wconf 89' lang='lat' dir='ltr'>ipsi,</span> <span class='ocrx_word' id='word_1_491' title='bbox 451 3844 499 3900; x_wconf 91' lang='lat' dir='ltr'>illa</span> <span class='ocrx_word' id='word_1_492' title='bbox 517 3862 570 3901; x_wconf 92' lang='lat' dir='ltr'>non</span> <span class='ocrx_word' id='word_1_493' title='bbox 589 3863 705 3918; x_wconf 88' lang='lat' dir='ltr'>semper,</span> <span class='ocrx_word' id='word_1_494' title='bbox 724 3848 773 3903; x_wconf 88' lang='lat' dir='ltr'>sed</span> <span class='ocrx_word' id='word_1_495' title='bbox 791 3849 819 3902; x_wconf 92' lang='lat' dir='ltr'>iu</span> <span class='ocrx_word' id='word_1_496' title='bbox 837 3846 999 3917; x_wconf 88' lang='lat' dir='ltr'>quibusdam</span> <span class='ocrx_word' id='word_1_497' title='bbox 1017 3854 1123 3902; x_wconf 87' lang='lat' dir='ltr'>tantum</span> <span class='ocrx_word' id='word_1_498' title='bbox 1140 3845 1248 3914; x_wconf 86' lang='lat' dir='ltr'>figuris,</span> <span class='ocrx_word' id='word_1_499' title='bbox 1270 3853 1300 3902; x_wconf 90' lang='lat' dir='ltr'>ut</span> <span class='ocrx_word' id='word_1_500' title='bbox 1317 3849 1344 3902; x_wconf 92' lang='lat' dir='ltr'>iu</span> <span class='ocrx_word' id='word_1_501' title='bbox 1357 3848 1473 3917; x_wconf 87' lang='lat' dir='ltr'>trigono,</span> <span class='ocrx_word' id='word_1_502' title='bbox 1491 3845 1555 3916; x_wconf 90' lang='lat' dir='ltr'>quia</span> <span class='ocrx_word' id='word_1_503' title='bbox 1572 3845 1658 3899; x_wconf 86' lang='lat' dir='ltr'>latera</span> <span class='ocrx_word' id='word_1_504' title='bbox 1677 3845 1727 3899; x_wconf 84' lang='lat' dir='ltr'>eir·</span> 
     </span>
     <span class='ocr_line' id='line_1_45' title="bbox 372 3921 1728 3996; baseline -0.002 -17"><span class='ocrx_word' id='word_1_505' title='bbox 372 3921 584 3985; x_wconf 85' lang='lat' dir='ltr'>camierentialis</span> <span class='ocrx_word' id='word_1_506' title='bbox 602 3928 695 3996; x_wconf 80' lang='lat' dir='ltr'>auguli</span> <span class='ocrx_word' id='word_1_507' title='bbox 712 3926 819 3995; x_wconf 85' lang='lat' dir='ltr'>singula</span> <span class='ocrx_word' id='word_1_508' title='bbox 836 3924 1005 3981; x_wconf 87' lang='lat' dir='ltr'>subtendunt</span> <span class='ocrx_word' id='word_1_509' title='bbox 1023 3942 1115 3981; x_wconf 82' lang='lat' dir='ltr'>arcum</span> <span class='ocrx_word' id='word_1_510' title='bbox 1132 3924 1275 3994; x_wconf 87' lang='lat' dir='ltr'>aequalem</span> <span class='ocrx_word' id='word_1_511' title='bbox 1293 3926 1453 3996; x_wconf 87' lang='lat' dir='ltr'>intercepto.</span> <span class='ocrx_word' id='word_1_512' title='bbox 1489 3923 1628 3980; x_wconf 80' lang='lat' dir='ltr'>Remotior</span> <span class='ocrx_word' id='word_1_513' title='bbox 1644 3922 1728 3992; x_wconf 84' lang='lat' dir='ltr'>igitur</span> 
     </span>
     <span class='ocr_line' id='line_1_46' title="bbox 373 4001 1726 4075; baseline -0.003 -18"><span class='ocrx_word' id='word_1_514' title='bbox 373 4008 416 4057; x_wconf 90' lang='lat' dir='ltr'>est</span> <span class='ocrx_word' id='word_1_515' title='bbox 432 4001 520 4070; x_wconf 79' lang='lat' dir='ltr'>figam</span> <span class='ocrx_word' id='word_1_516' title='bbox 538 4004 666 4060; x_wconf 84' lang='lat' dir='ltr'>centralis</span> <span class='ocrx_word' id='word_1_517' title='bbox 683 4005 718 4059; x_wconf 93' lang='lat' dir='ltr'>ab</span> <span class='ocrx_word' id='word_1_518' title='bbox 737 4012 801 4060; x_wconf 91' lang='lat' dir='ltr'>actu</span> <span class='ocrx_word' id='word_1_519' title='bbox 819 4002 930 4072; x_wconf 85' lang='lat' dir='ltr'>sciendi,</span> <span class='ocrx_word' id='word_1_520' title='bbox 949 4020 1031 4072; x_wconf 87' lang='lat' dir='ltr'>quam</span> <span class='ocrx_word' id='word_1_521' title='bbox 1042 4003 1304 4075; x_wconf 79' lang='lat' dir='ltr'>circumferentialis,</span> <span class='ocrx_word' id='word_1_522' title='bbox 1327 4006 1456 4062; x_wconf 87' lang='lat' dir='ltr'>remotior</span> <span class='ocrx_word' id='word_1_523' title='bbox 1472 4005 1554 4072; x_wconf 89' lang='lat' dir='ltr'>igitur</span> <span class='ocrx_word' id='word_1_524' title='bbox 1566 4001 1645 4056; x_wconf 87' lang='lat' dir='ltr'>ctiam</span> <span class='ocrx_word' id='word_1_525' title='bbox 1664 4016 1726 4054; x_wconf 91' lang='lat' dir='ltr'>con·</span> 
     </span>
     <span class='ocr_line' id='line_1_47' title="bbox 373 4076 1725 4154; baseline -0.003 -19"><span class='ocrx_word' id='word_1_526' title='bbox 373 4081 515 4151; x_wconf 80' lang='lat' dir='ltr'>grnentiae</span> <span class='ocrx_word' id='word_1_527' title='bbox 538 4082 700 4153; x_wconf 81' lang='lat' dir='ltr'>notificati03</span> <span class='ocrx_word' id='word_1_528' title='bbox 726 4084 925 4153; x_wconf 80' lang='lat' dir='ltr'>objectionem</span> <span class='ocrx_word' id='word_1_529' title='bbox 947 4081 1085 4138; x_wconf 85' lang='lat' dir='ltr'>nitebatur</span> <span class='ocrx_word' id='word_1_530' title='bbox 1111 4084 1261 4154; x_wconf 89' lang='lat' dir='ltr'>contrario,</span> <span class='ocrx_word' id='word_1_531' title='bbox 1292 4085 1370 4153; x_wconf 84' lang='lat' dir='ltr'>quasi</span> <span class='ocrx_word' id='word_1_532' title='bbox 1397 4082 1574 4151; x_wconf 87' lang='lat' dir='ltr'>congruentia</span> <span class='ocrx_word' id='word_1_533' title='bbox 1599 4076 1725 4134; x_wconf 73' lang='lat' dir='ltr'>cmtralis</span> 
     </span>
     <span class='ocr_line' id='line_1_48' title="bbox 371 4159 1293 4234; baseline 0.001 -17"><span class='ocrx_word' id='word_1_534' title='bbox 371 4166 446 4217; x_wconf 87' lang='lat' dir='ltr'>asset</span> <span class='ocrx_word' id='word_1_535' title='bbox 464 4159 574 4230; x_wconf 91' lang='lat' dir='ltr'>propior</span> <span class='ocrx_word' id='word_1_536' title='bbox 590 4163 716 4234; x_wconf 89' lang='lat' dir='ltr'>notitiae,</span> <span class='ocrx_word' id='word_1_537' title='bbox 739 4181 820 4233; x_wconf 88' lang='lat' dir='ltr'>qaam</span> <span class='ocrx_word' id='word_1_538' title='bbox 838 4161 1017 4230; x_wconf 85' lang='lat' dir='ltr'>congruentia</span> <span class='ocrx_word' id='word_1_539' title='bbox 1034 4160 1293 4218; x_wconf 78' lang='lat' dir='ltr'>cncumterentielis.</span> 
     </span>
    </p>

    <p class='ocr_par' dir='ltr' id='par_1_5' title="bbox 318 4240 1724 4313">
     <span class='ocr_line' id='line_1_49' title="bbox 318 4240 1724 4313; baseline 0.002 -21"><span class='ocrx_word' id='word_1_540' title='bbox 318 4302 326 4309; x_wconf 33' lang='grc' dir='ltr'>ι</span> <span class='ocrx_word' id='word_1_541' title='bbox 461 4240 594 4310; x_wconf 73' lang='lat' dir='ltr'>Amplius,</span> <span class='ocrx_word' id='word_1_542' title='bbox 613 4243 637 4297; x_wconf 91' lang='lat' dir='ltr'>si</span> <span class='ocrx_word' id='word_1_543' title='bbox 654 4243 747 4313; x_wconf 84' lang='lat' dir='ltr'>anguli</span> <span class='ocrx_word' id='word_1_544' title='bbox 764 4242 903 4312; x_wconf 86' lang='lat' dir='ltr'>quantitas</span> <span class='ocrx_word' id='word_1_545' title='bbox 920 4240 1080 4310; x_wconf 89' lang='lat' dir='ltr'>percipitur,</span> <span class='ocrx_word' id='word_1_546' title='bbox 1099 4257 1154 4309; x_wconf 91' lang='lat' dir='ltr'>qua</span> <span class='ocrx_word' id='word_1_547' title='bbox 1166 4258 1197 4296; x_wconf 90' lang='lat' dir='ltr'>re</span> <span class='ocrx_word' id='word_1_548' title='bbox 1215 4242 1389 4313; x_wconf 88' lang='lat' dir='ltr'>percipiatur,</span> <span class='ocrx_word' id='word_1_549' title='bbox 1406 4240 1458 4295; x_wconf 84' lang='lat' dir='ltr'>nisi</span> <span class='ocrx_word' id='word_1_550' title='bbox 1476 4256 1604 4295; x_wconf 83' lang='lat' dir='ltr'>mensure</span> <span class='ocrx_word' id='word_1_551' title='bbox 1620 4256 1679 4309; x_wconf 92' lang='lat' dir='ltr'>sua,</span> <span class='ocrx_word' id='word_1_552' title='bbox 1696 4240 1724 4295; x_wconf 91' lang='lat' dir='ltr'>id</span> 
     </span>
    </p>

    <p class='ocr_par' dir='ltr' id='par_1_6' title="bbox 371 4319 1725 4866">
     <span class='ocr_line' id='line_1_50' title="bbox 372 4319 1724 4391; baseline 0 -16"><span class='ocrx_word' id='word_1_553' title='bbox 372 4327 416 4375; x_wconf 88' lang='grc' dir='ltr'>εει</span> <span class='ocrx_word' id='word_1_554' title='bbox 432 4334 498 4373; x_wconf 89' lang='lat' dir='ltr'>arcu</span> <span class='ocrx_word' id='word_1_555' title='bbox 516 4319 608 4378; x_wconf 88' lang='lat' dir='ltr'>circuli</span> <span class='ocrx_word' id='word_1_556' title='bbox 625 4320 708 4390; x_wconf 88' lang='lat' dir='ltr'>illius,</span> <span class='ocrx_word' id='word_1_557' title='bbox 727 4322 774 4391; x_wconf 92' lang='lat' dir='ltr'>qui</span> <span class='ocrx_word' id='word_1_558' title='bbox 793 4339 826 4377; x_wconf 82' lang='lat' dir='ltr'>cx</span> <span class='ocrx_word' id='word_1_559' title='bbox 845 4321 937 4391; x_wconf 89' lang='lat' dir='ltr'>auguli</span> <span class='ocrx_word' id='word_1_560' title='bbox 949 4319 1080 4391; x_wconf 88' lang='lat' dir='ltr'>propositi</span> <span class='ocrx_word' id='word_1_561' title='bbox 1092 4329 1201 4391; x_wconf 86' lang='lat' dir='ltr'>puncto,</span> <span class='ocrx_word' id='word_1_562' title='bbox 1221 4320 1295 4389; x_wconf 90' lang='lat' dir='ltr'>quod</span> <span class='ocrx_word' id='word_1_563' title='bbox 1306 4321 1391 4375; x_wconf 88' lang='lat' dir='ltr'>Terra</span> <span class='ocrx_word' id='word_1_564' title='bbox 1405 4328 1454 4387; x_wconf 79' lang='lat' dir='ltr'>est,</span> <span class='ocrx_word' id='word_1_565' title='bbox 1474 4320 1653 4376; x_wconf 78' lang='lat' dir='ltr'>describitur?</span> <span class='ocrx_word' id='word_1_566' title='bbox 1672 4327 1724 4375; x_wconf 83' lang='lat' dir='ltr'>nou</span> 
     </span>
     <span class='ocr_line' id='line_1_51' title="bbox 372 4396 1723 4470; baseline 0.001 -18"><span class='ocrx_word' id='word_1_567' title='bbox 372 4412 437 4453; x_wconf 80' lang='lat' dir='ltr'>vero</span> <span class='ocrx_word' id='word_1_568' title='bbox 454 4396 541 4467; x_wconf 87' lang='lat' dir='ltr'>primo</span> <span class='ocrx_word' id='word_1_569' title='bbox 564 4399 658 4454; x_wconf 70' lang='lat' dir='ltr'>enardi</span> <span class='ocrx_word' id='word_1_570' title='bbox 676 4399 762 4470; x_wconf 89' lang='lat' dir='ltr'>illius,</span> <span class='ocrx_word' id='word_1_571' title='bbox 785 4400 832 4470; x_wconf 89' lang='lat' dir='ltr'>qui</span> <span class='ocrx_word' id='word_1_572' title='bbox 852 4399 956 4470; x_wconf 88' lang='lat' dir='ltr'>figurae</span> <span class='ocrx_word' id='word_1_573' title='bbox 974 4397 1087 4454; x_wconf 87' lang='lat' dir='ltr'>centrali</span> <span class='ocrx_word' id='word_1_574' title='bbox 1114 4398 1356 4467; x_wconf 89' lang='lat' dir='ltr'>circumscribitur,</span> <span class='ocrx_word' id='word_1_575' title='bbox 1381 4413 1429 4468; x_wconf 93' lang='lat' dir='ltr'>per</span> <span class='ocrx_word' id='word_1_576' title='bbox 1446 4399 1557 4454; x_wconf 85' lang='lat' dir='ltr'>Terram</span> <span class='ocrx_word' id='word_1_577' title='bbox 1580 4401 1723 4456; x_wconf 72' lang='lat' dir='ltr'>nausicaa.</span> 
     </span>
     <span class='ocr_line' id='line_1_52' title="bbox 373 4472 1725 4549; baseline 0.004 -21"><span class='ocrx_word' id='word_1_578' title='bbox 373 4475 464 4544; x_wconf 73' lang='lat' dir='ltr'>Quare</span> <span class='ocrx_word' id='word_1_579' title='bbox 481 4476 509 4529; x_wconf 90' lang='lat' dir='ltr'>in</span> <span class='ocrx_word' id='word_1_580' title='bbox 527 4478 702 4547; x_wconf 85' lang='lat' dir='ltr'>perceptione</span> <span class='ocrx_word' id='word_1_581' title='bbox 720 4478 880 4549; x_wconf 85' lang='lat' dir='ltr'>quantitatis</span> <span class='ocrx_word' id='word_1_582' title='bbox 899 4476 991 4548; x_wconf 87' lang='lat' dir='ltr'>anguli</span> <span class='ocrx_word' id='word_1_583' title='bbox 1005 4472 1044 4531; x_wconf 78' lang='lat' dir='ltr'>de</span> <span class='ocrx_word' id='word_1_584' title='bbox 1061 4474 1150 4545; x_wconf 89' lang='lat' dir='ltr'>tigura</span> <span class='ocrx_word' id='word_1_585' title='bbox 1167 4477 1280 4533; x_wconf 76' lang='lat' dir='ltr'>cenuali</span> <span class='ocrx_word' id='word_1_586' title='bbox 1297 4483 1405 4546; x_wconf 91' lang='lat' dir='ltr'>oportet</span> <span class='ocrx_word' id='word_1_587' title='bbox 1425 4474 1456 4533; x_wconf 83' lang='lat' dir='ltr'>dt</span> <span class='ocrx_word' id='word_1_588' title='bbox 1473 4477 1562 4531; x_wconf 81' lang='lat' dir='ltr'>anime</span> <span class='ocrx_word' id='word_1_589' title='bbox 1578 4480 1725 4548; x_wconf 83' lang='lat' dir='ltr'>potentiam</span> 
     </span>
     <span class='ocr_line' id='line_1_53' title="bbox 371 4554 1724 4626; baseline -0.001 -14"><span class='ocrx_word' id='word_1_590' title='bbox 371 4556 446 4612; x_wconf 78' lang='lat' dir='ltr'>ittam</span> <span class='ocrx_word' id='word_1_591' title='bbox 465 4563 580 4621; x_wconf 82' lang='lat' dir='ltr'>exserat,</span> <span class='ocrx_word' id='word_1_592' title='bbox 598 4571 653 4624; x_wconf 88' lang='lat' dir='ltr'>qua</span> <span class='ocrx_word' id='word_1_593' title='bbox 669 4558 787 4613; x_wconf 90' lang='lat' dir='ltr'>circulus</span> <span class='ocrx_word' id='word_1_594' title='bbox 806 4566 861 4625; x_wconf 88' lang='lat' dir='ltr'>est,</span> <span class='ocrx_word' id='word_1_595' title='bbox 889 4572 943 4611; x_wconf 94' lang='lat' dir='ltr'>uon</span> <span class='ocrx_word' id='word_1_596' title='bbox 960 4555 1047 4623; x_wconf 89' lang='lat' dir='ltr'>illam,</span> <span class='ocrx_word' id='word_1_597' title='bbox 1066 4569 1120 4624; x_wconf 89' lang='lat' dir='ltr'>qna</span> <span class='ocrx_word' id='word_1_598' title='bbox 1137 4554 1208 4609; x_wconf 82' lang='lat' dir='ltr'>exile</span> <span class='ocrx_word' id='word_1_599' title='bbox 1227 4562 1356 4623; x_wconf 85' lang='lat' dir='ltr'>punctum</span> <span class='ocrx_word' id='word_1_600' title='bbox 1374 4562 1424 4623; x_wconf 90' lang='lat' dir='ltr'>est,</span> <span class='ocrx_word' id='word_1_601' title='bbox 1449 4554 1484 4609; x_wconf 89' lang='lat' dir='ltr'>ad</span> <span class='ocrx_word' id='word_1_602' title='bbox 1502 4555 1575 4624; x_wconf 89' lang='lat' dir='ltr'>quod</span> <span class='ocrx_word' id='word_1_603' title='bbox 1595 4556 1724 4626; x_wconf 87' lang='lat' dir='ltr'>pertingit</span> 
     </span>
     <span class='ocr_line' id='line_1_54' title="bbox 372 4633 1724 4707; baseline -0.004 -15"><span class='ocrx_word' id='word_1_604' title='bbox 372 4637 497 4706; x_wconf 85' lang='lat' dir='ltr'>angulus.</span> <span class='ocrx_word' id='word_1_605' title='bbox 513 4660 518 4667; x_wconf 59' lang='lat'><strong><em>⁴</em></strong></span> <span class='ocrx_word' id='word_1_606' title='bbox 533 4637 619 4704; x_wconf 86' lang='lat' dir='ltr'>Atqui</span> <span class='ocrx_word' id='word_1_607' title='bbox 637 4634 732 4690; x_wconf 86' lang='lat' dir='ltr'>eodem</span> <span class='ocrx_word' id='word_1_608' title='bbox 749 4644 816 4707; x_wconf 76' lang='lat' dir='ltr'>typo</span> <span class='ocrx_word' id='word_1_609' title='bbox 833 4635 972 4692; x_wconf 88' lang='lat' dir='ltr'>circularis</span> <span class='ocrx_word' id='word_1_610' title='bbox 991 4649 1057 4689; x_wconf 87' lang='lat' dir='ltr'>suae</span> <span class='ocrx_word' id='word_1_611' title='bbox 1075 4635 1211 4689; x_wconf 73' lang='lat' dir='ltr'>carendae</span> <span class='ocrx_word' id='word_1_612' title='bbox 1235 4633 1348 4703; x_wconf 90' lang='lat' dir='ltr'>percipit</span> <span class='ocrx_word' id='word_1_613' title='bbox 1371 4636 1452 4688; x_wconf 85' lang='lat' dir='ltr'>etiam</span> <span class='ocrx_word' id='word_1_614' title='bbox 1474 4633 1724 4691; x_wconf 84' lang='lat' dir='ltr'>circumferentialis</span> 
     </span>
     <span class='ocr_line' id='line_1_55' title="bbox 372 4705 1724 4786; baseline -0.004 -16"><span class='ocrx_word' id='word_1_615' title='bbox 372 4716 477 4784; x_wconf 76' lang='lat' dir='ltr'>figuras</span> <span class='ocrx_word' id='word_1_616' title='bbox 494 4717 567 4772; x_wconf 86' lang='lat' dir='ltr'>letus</span> <span class='ocrx_word' id='word_1_617' title='bbox 584 4705 698 4784; x_wconf 77' lang='lat' dir='ltr'>ejusque</span> <span class='ocrx_word' id='word_1_618' title='bbox 716 4730 816 4786; x_wconf 70' lang='lat' dir='ltr'>arcum</span> <span class='ocrx_word' id='word_1_619' title='bbox 833 4715 917 4784; x_wconf 88' lang='lat' dir='ltr'>idque</span> <span class='ocrx_word' id='word_1_620' title='bbox 934 4715 1035 4786; x_wconf 80' lang='lat' dir='ltr'>primo;</span> <span class='ocrx_word' id='word_1_621' title='bbox 1057 4722 1153 4784; x_wconf 88' lang='lat' dir='ltr'>postea</span> <span class='ocrx_word' id='word_1_622' title='bbox 1171 4712 1294 4782; x_wconf 89' lang='lat' dir='ltr'>demum,</span> <span class='ocrx_word' id='word_1_623' title='bbox 1313 4712 1451 4782; x_wconf 90' lang='lat' dir='ltr'>duplicato</span> <span class='ocrx_word' id='word_1_624' title='bbox 1470 4713 1523 4768; x_wconf 87' lang='lat' dir='ltr'>hoc</span> <span class='ocrx_word' id='word_1_625' title='bbox 1541 4729 1620 4782; x_wconf 75' lang='lat' dir='ltr'>meu,</span> <span class='ocrx_word' id='word_1_626' title='bbox 1641 4727 1724 4766; x_wconf 90' lang='lat' dir='ltr'>emer-</span> 
     </span>
     <span class='ocr_line' id='line_1_56' title="bbox 373 4791 1724 4866; baseline -0.001 -18"><span class='ocrx_word' id='word_1_627' title='bbox 373 4796 414 4865; x_wconf 86' lang='lat' dir='ltr'>git</span> <span class='ocrx_word' id='word_1_628' title='bbox 430 4799 512 4853; x_wconf 82' lang='lat' dir='ltr'>etism</span> <span class='ocrx_word' id='word_1_629' title='bbox 529 4810 610 4850; x_wconf 69' lang='lat' dir='ltr'>meus</span> <span class='ocrx_word' id='word_1_630' title='bbox 628 4796 721 4851; x_wconf 90' lang='lat' dir='ltr'>circuli</span> <span class='ocrx_word' id='word_1_631' title='bbox 739 4797 864 4866; x_wconf 85' lang='lat' dir='ltr'>minoris,</span> <span class='ocrx_word' id='word_1_632' title='bbox 888 4796 935 4865; x_wconf 91' lang='lat' dir='ltr'>qui</span> <span class='ocrx_word' id='word_1_633' title='bbox 953 4794 1056 4863; x_wconf 83' lang='lat' dir='ltr'>figurae</span> <span class='ocrx_word' id='word_1_634' title='bbox 1079 4791 1193 4848; x_wconf 84' lang='lat' dir='ltr'>centrali</span> <span class='ocrx_word' id='word_1_635' title='bbox 1211 4791 1451 4861; x_wconf 89' lang='lat' dir='ltr'>circumscribitur,</span> <span class='ocrx_word' id='word_1_636' title='bbox 1477 4809 1525 4864; x_wconf 89' lang='lat' dir='ltr'>per</span> <span class='ocrx_word' id='word_1_637' title='bbox 1548 4793 1645 4864; x_wconf 91' lang='lat' dir='ltr'>prioris</span> <span class='ocrx_word' id='word_1_638' title='bbox 1663 4806 1724 4848; x_wconf 85' lang='lat' dir='ltr'>ceu·</span> 
     </span>
    </p>
   </div>
   <div class='ocr_carea' id='block_1_3' title="bbox 0 0 1941 5846">
    <p class='ocr_par' dir='ltr' id='par_1_7' title="bbox 0 0 1941 5846">
     <span class='ocr_line' id='line_1_57' title="bbox 0 0 1941 5846; baseline 0 0"><span class='ocrx_word' id='word_1_639' title='bbox 0 0 1941 5846; x_wconf 95' lang='lat' dir='ltr'> </span> 
     </span>
    </p>
   </div>
  </div>
 </body>
</html>
