3872 5846
359 336 422 403 m
770 327 813 382 De
831 325 1292 396 conligarefionihisfllutnonieis.

358 516 480 571 sennan
497 516 698 579 manassem,
728 502 892 565 conmutat
913 521 964 581 per
983 506 1221 576 nenorensem,
1252 516 1422 584 promam
1449 522 1501 585 par
1523 510 1711 571 remum..

359 600 441 669 tiam,
462 593 660 672 ddrrdeentur
682 608 734 670 per
754 593 933 669 superiorem
954 591 1143 669 ieouitatem,
1165 609 1241 667 quaa
1256 596 1356 657 omnin
1365 598 1431 672 pati
1449 595 1712 673 ineuntesque

361 701 419 744 non
442 684 472 741 in
495 700 536 756 se,
559 680 613 742 sed
635 684 663 739 in
686 681 749 740 sais
769 678 926 757 speeiehas
946 677 1105 738 sensilibus
1128 686 1157 738 et
1174 680 1360 741 nrentaiibus.
1405 681 1489 745 'inno
1510 685 1599 759 igitur
1621 686 1711 747 etiam

359 786 497 849 suprema
519 768 643 829 tenuitas
665 767 791 840 animae,
814 782 891 841 queo
913 781 1035 826 numero
1057 768 1383 845 mmperetionihusque
1406 778 1535 847 praeest,
1559 787 1595 831 ex
1616 771 1712 849 piari-

359 860 416 919 han
438 875 532 919 rerum
554 855 710 935 speeiebus
732 851 908 913 mentalibus
938 868 1026 913 mem
1048 853 1106 912 sibi
1129 853 1252 913 fabricat
1279 855 1443 933 formatque
1466 856 1634 937 relationis,
1662 875 1710 921 ot·

360 945 438 1007 dinis
461 943 747 1023 eomparadonisqne
770 942 898 1018 speeiem
920 956 1026 1016 resque
1044 939 1118 999 ioris
1132 942 1291 1001 existentes
1309 944 1384 1003 inter
1397 961 1430 1003 se
1445 950 1612 1022 compunt:
1634 962 1711 1021 qma

360 1034 553 1110 somperntio,
575 1037 609 1089 nt
628 1045 718 1107 supra
740 1027 919 1101 dicebamus,
944 1044 1010 1087 enm
1025 1024 1078 1087 tint
1096 1042 1186 1103 super
1197 1028 1285 1109 retes
1300 1031 1372 1108 ipsis
1386 1033 1448 1090 sine
1463 1032 1592 1109 ipserum
1612 1048 1710 1109 opera

361 1120 461 1198 passio
481 1115 628 1195 quaedam
652 1115 767 1175 illarum
789 1131 853 1179 esse
869 1113 1063 1190 intelligitur,
1096 1113 1282 1176 eudemius
1303 1134 1408 1196 sensu,
1430 1126 1463 1176 nt
1485 1134 1551 1181 oum
1575 1118 1611 1183 tle
1634 1119 1712 1181 ieme

358 1207 492 1269 absentis
513 1206 658 1280 stipanti
683 1201 844 1278 injudicio
865 1202 971 1278 agitur,
994 1209 1046 1261 aut
1067 1216 1133 1261 eum
1157 1203 1182 1261 is
1205 1205 1309 1278 eapitis
1332 1194 1487 1271 damnatur
1509 1213 1562 1287 ant
1583 1208 1711 1284 praerni-

361 1295 448 1355 hitur.
493 1289 619 1353 Omnino
642 1288 855 1367 quidem-apte
875 1287 1053 1362 similitudo:
1082 1290 1259 1351 sicutenim
1286 1291 1356 1351 talis
1376 1291 1503 1369 aliquis,
1533 1295 1588 1355 etsi
1610 1309 1711 1359 muto

361 1384 425 1460 ipse
447 1389 517 1442 tune
538 1379 608 1439 maii
631 1377 704 1439 nihii
727 1378 817 1438 sentit
838 1374 972 1452 adeoque
995 1374 1067 1437 nihil
1088 1378 1211 1453 patitur,
1234 1383 1330 1439 temen
1354 1378 1533 1458 paulopost
1556 1381 1617 1439 rim
1638 1380 1711 1457 eius,

363 1468 443 1545 qnod
463 1484 570 1545 pessus
593 1475 645 1538 est,
668 1482 699 1525 re
722 1467 787 1543 ipsa
809 1466 968 1541 experitur,
997 1465 1040 1521 sio
1061 1464 1148 1523 etiarn
1174 1479 1260 1525 suess
1283 1472 1313 1524 et
1334 1466 1477 1543 quiequid
1497 1468 1616 1529 ormino
1637 1483 1710 1527 oee-

359 1557 517 1631 graentiee
538 1555 683 1632 pertineps
704 1559 765 1625 est,
800 1557 886 1629 prout
907 1552 997 1610 menti
1021 1548 1183 1626 placuerint
1204 1552 1235 1610 in
1257 1550 1314 1613 hae
1336 1555 1571 1637 eornperatiene,
1597 1571 1651 1632 pro
1674 1572 1710 1617 eo

364 1642 412 1703 rel
433 1643 639 1703 continuantur
661 1639 708 1699 rei
732 1644 924 1716 respuuntur,
954 1636 1119 1713 fugiuntur,
1142 1636 1347 1714 prohibentur,
1377 1641 1587 1719 impediuntur,
1607 1644 1711 1719 oppri-

362 1737 493 1801 muntur,
527 1729 675 1789 finiantur.
721 1726 784 1787 Etsi
809 1726 872 1801 inm
902 1739 960 1784 non
988 1723 1045 1784 hoe
1074 1732 1200 1784 eventus
1228 1730 1434 1803 consequentis
1459 1736 1592 1807 respeotu
1620 1746 1710 1790 sonos

364 1820 425 1896 peti
449 1815 530 1885 alien,
562 1814 613 1876 sed
637 1815 689 1873 iliu
711 1817 775 1889 ipso
797 1821 881 1883 aeta,
909 1828 975 1871 enm
999 1828 1051 1870 sos
1080 1813 1154 1871 inter
1175 1829 1208 1872 se
1231 1831 1320 1887 ‘ruens
1347 1824 1512 1892 comparet,
1544 1816 1710 1895 suffieitque

359 1921 415 1985 per
434 1902 555 1980 longum
578 1902 748 1979 explicante,
771 1917 830 1977 qno
852 1898 1074 1975 aedificationis
1096 1900 1281 1974 aequivocae
1299 1902 1393 1977 gradu
1415 1903 1491 1963 hene
1513 1906 1710 1980 oempmatio·

363 2008 430 2051 nem
452 1991 607 2051 mentalem
629 1992 795 2067 pensionem
818 1987 922 2045 dicam.
967 1984 1024 2045 Sed
1050 2001 1108 2044 nun
1129 1984 1237 2046 trustra
1257 1986 1389 2064 prolixus
1410 1990 1452 2049 ini
1476 1992 1505 2049 in
1526 1990 1710 2055 reeensendis

363 2078 410 2141 his
431 2075 795 2154 siqnidratinnihne;.·hne
816 2076 894 2134 enirn
913 2089 1004 2150 opera
1029 2072 1092 2148 iam
1113 2089 1200 2149 porro
1229 2074 1348 2136 miriiine
1377 2076 1582 2154 waraeimur
1605 2080 1634 2137 in
1656 2097 1711 2155 ψ

362 2164 513 2227 noeeendn
534 2173 640 2223 natare
661 2160 810 2224 insultetis
831 2161 1029 2233 harmonicae,
1051 2168 1082 2219 et
1103 2158 1278 2238 eompleuda
1302 2161 1358 2224 hee
1379 2172 1462 2239 perte
1483 2164 1711 2243 metaphyeieee‚

361 2266 455 2330 qnam
474 2250 651 2311 Aristoteles
675 2268 711 2309 ne
733 2266 785 2326 per
807 2259 993 2308 transennam
1016 2245 1136 2323 quidem
1160 2246 1304 2325 adspexit.

452 2338 497 2398 iix
518 2338 598 2397 hisee
620 2354 738 2413 qnoque
760 2336 869 2396 alarum
891 2341 938 2397 est
959 2332 999 2406 id,
1021 2333 1102 2410 quod
1123 2343 1212 2394 antea
1233 2335 1456 2416 contendebam,
1477 2353 1520 2400 se
1539 2337 1619 2415 qued
1641 2337 1712 2401 her·

363 2426 481 2487 monins
502 2424 618 2487 sensilis
639 2427 737 2501 ipsum
756 2422 886 2495 formale,
909 2438 969 2498 qna
984 2421 1146 2500 hernronie,
1167 2421 1283 2482 assidat
1295 2423 1461 2497 sensilibus,
1482 2427 1619 2487 nimirem
1633 2427 1712 2486 deut

365 2512 476 2576 stadem
498 2510 728 2593 nouiditlrideri
750 2517 786 2571 at·
801 2508 896 2571 andin
917 2516 973 2569 ete.
1018 2508 1104 2568 Patet
1125 2508 1264 2581 seeundo,
1288 2509 1458 2573 harmonias
1478 2513 1568 2575 etiae
1587 2512 1712 2575 sensiles

365 2618 431 2664 esse
452 2608 512 2672 tes,
542 2599 582 2658 ab
605 2600 675 2677 ipsis
697 2594 914 2674 quodammodo
935 2596 1023 2656 rebus
1045 2596 1224 2669 abnuentes,
1253 2594 1399 2672 quatenns
1420 2600 1555 2661 nimirum
1583 2617 1642 2660 nan
1664 2616 1712 2661 ras

365 2691 449 2767 ipsae
475 2686 564 2760 ioris,
595 2683 648 2746 sed
674 2684 787 2762 speeies
814 2701 909 2744 rerum
937 2700 990 2758 per
1004 2698 1120 2742 «seusus
1148 2684 1296 2760 ingressae
1325 2684 1422 2761 adque
1437 2686 1567 2749 tribunal
1597 2689 1712 2751 animae

366 2774 525 2854 perduntm
546 2773 621 2833 dent
641 2773 756 2832 termini
776 2772 973 2848 proportionis
1003 2769 1190 2831 harmonicae
1211 2773 1337 2832 sensilis.
1383 2774 1422 2831 A:
1451 2775 1579 2835 siriasim
1603 2773 1711 2853 duplioi

362 2863 483 2923 nomine
505 2861 675 2921 harmoniae
697 2862 773 2919 istan
794 2856 971 2929 runtedhae
984 2864 1151 2939 corinetes:
1174 2859 1309 2934 primum,
1332 2861 1402 2936 quiri
1415 2862 1529 2937 speeies
1543 2861 1602 2923 hee
1618 2878 1713 2925 rtrum

364 2948 516 3027 emsiliqre
537 2964 596 3007 non
617 2954 688 3007 sunt
709 2962 807 3006 mrum
831 2943 935 3005 nudae
949 2945 1122 3020 quantitatis
1145 2947 1267 3022 speeies,
1291 2945 1447 3008 sedetiam
1470 2948 1621 3023 qualitatis
1643 2964 1713 3009 nea·

367 3036 445 3109 silis,
473 3043 547 3113 pute
568 3037 634 3094 seni
655 3034 704 3094 rel
726 3033 801 3092 ineis
823 3039 898 3107 ete:
922 3030 1030 3092 deinde
1050 3033 1122 3107 quie
1142 3034 1256 3109 speeies
1278 3034 1334 3095 hes
1357 3034 1494 3108 sensiles,
1525 3046 1557 3095 at
1578 3035 1711 3110 sensiles,

367 3125 447 3184 intes
468 3124 498 3181 in
520 3123 618 3182 auimo
639 3120 791 3197 nequeunt
810 3116 956 3189 reintrare,
985 3120 1040 3179 nisi
1062 3135 1109 3179 res
1132 3120 1229 3196 ipsae,
1261 3138 1383 3197 quarum
1406 3120 1474 3183 illae
1497 3132 1566 3187 suat
1585 3124 1711 3200 speeies.

362 3210 437 3270 ieris
459 3211 547 3270 etiam
569 3215 686 3287 pensem
716 3208 777 3267 siut
796 3212 827 3266 et
848 3207 994 3268 mensam.
1038 3205 1113 3267 Nam
1141 3209 1179 3265 iis
1205 3206 1313 3269 abistis
1343 3207 1481 3269 desinunt
1500 3212 1590 3270 etiam
1613 3227 1712 3273 serum

360 3298 483 3375 *menies
504 3298 596 3370 intas,
625 3295 699 3356 laris
722 3291 853 3370 quidem
882 3290 980 3368 quoad
1001 3308 1086 3352 suam
1108 3293 1316 3373 radiationern,
1344 3296 1462 3373 inipso
1485 3299 1619 3371 meanti,
1646 3299 1714 3359 soni

369 3401 442 3445 sero
460 3386 537 3461 intra
558 3383 763 3444 brevissimum
785 3380 923 3455 temporis
946 3389 1133 3441 mornentnm.
1178 3380 1364 3458 Relinquitur
1386 3382 1503 3459 quidem
1525 3386 1556 3445 ie
1578 3386 1714 3446 sensmiie

366 3472 567 3531 instrumentis
597 3469 697 3546 eliqua
719 3468 885 3544 impressio,
916 3476 949 3527 ut
970 3469 999 3524 in
1022 3467 1108 3527 naulo
1130 3466 1218 3541 lunis,
1248 3469 1302 3529 sed
1329 3469 1384 3530 ilie
1402 3487 1461 3533 ane
1483 3480 1530 3531 est
1559 3473 1600 3530 rei
1623 3472 1714 3533 iariu-

229 3636 235 3641 ,
367 3574 463 3631 seme,
486 3556 539 3618 sed
561 3558 660 3634 potins
682 3556 791 3632 speeiei
814 3554 927 3631 speeies
948 3553 1040 3615 altera
1063 3556 1091 3612 in
1114 3570 1219 3631 eorpus
1241 3557 1478 3634 impresseram
1499 3560 1628 3635 eorporis
1648 3575 1714 3621 mo·

366 3655 524 3706 mentones
545 3644 674 3719 qualitas
689 3643 776 3717 tauta,
797 3640 1044 3717 quemadmodum
1066 3642 1096 3699 in
1119 3643 1223 3717 optieis
1246 3643 1358 3704 colores
1380 3643 1444 3705 lure
1459 3643 1538 3705 Solio
1559 3663 1633 3722 puro
1655 3648 1712 3705 mi-

361 3733 504 3809 nimeque
524 3731 657 3793 salernis
679 3732 737 3790 rirn
760 3730 927 3805 enndpiunt
948 3726 1080 3788 radiendi
1103 3744 1338 3806 quaquaversum
1354 3730 1492 3793 noiorete.
1536 3733 1646 3794 Ethoo
1659 3740 1713 3808 est,

367 3818 447 3897 qnod
470 3821 555 3879 initio
578 3835 696 3895 qunque
719 3816 975 3886 onnmudehnman,
991 3823 1131 3893 ¹oportere
1146 3821 1282 3877 temtans
1296 3818 1418 3880 sensiles
1440 3826 1470 3879 et
1483 3820 1612 3881 animam
1626 3836 1714 3897 prae·

368 3913 466 3968 nutes
493 3923 560 3967 esee
582 3912 757 3980 minansque
780 3902 893 3965 tradere
915 3919 1036 3980 operas,
1067 3903 1199 3982 mendo,
1229 3906 1383 3981 patiendo,
1414 3906 1480 3967 ilios
1505 3924 1546 3969 se.
1568 3905 1713 3967 monenda

251 4062 254 4069 ,
368 4010 490 4068 sensns,
512 3992 588 4053 harre
609 3990 825 4068 reeuperatis,
850 3998 882 4055 ut
904 3992 1097 4051 senstitnetur
1119 3993 1245 4051 essentia
1266 3992 1435 4053 harmoniae
1457 3993 1582 4055 sensilia

455 4077 655 4158 Ohjioiathio
678 4079 797 4156 aliquis,
830 4082 957 4139 enimam
978 4077 1175 4155 comparando
1198 4095 1255 4138 non
1277 4080 1391 4152 insere,
1419 4079 1471 4140 sed
1493 4082 1622 4141 invenire
1645 4079 1713 4143 ider·

367 4186 455 4230 neem
475 4171 709 4246 proportionem,
742 4164 822 4241 quod
844 4172 988 4241 quartam
1001 4181 1089 4241 supra
1111 4172 1142 4225 st
1163 4165 1284 4226 female
1314 4169 1485 4244 prinoipinm
1512 4175 1574 4228 erat
1594 4166 1714 4231 iimmo-

367 4258 436 4317 uine
461 4255 593 4317 suendis:
631 4270 700 4329 ergo
731 4251 823 4313 rideri
849 4254 980 4313 mimam
1008 4251 1113 4313 abesse
1143 4269 1230 4328 poseo
1266 4261 1353 4313 satra
1380 4257 1508 4315 sensnm
1534 4253 1713 4319 harmoniae.

368 4342 544 4423 Reqrondeo
565 4359 617 4421 per
638 4341 848 4401 inversionem:
870 4338 1006 4399 idoneam
1025 4339 1159 4401 invenire
1188 4341 1217 4399 in
1238 4340 1394 4401 sonsdihns
1416 4343 1715 4420 proportionemque

368 4430 505 4507 detepete
526 4439 556 4491 et
577 4444 739 4507 apponens
759 4433 789 4489 et
810 4428 839 4485 in
862 4425 957 4487 lunera
979 4426 1106 4502 prolerre
1127 4426 1347 4488 similitudinem
1369 4428 1446 4487 iiiins
1466 4431 1660 4507 prapnrtionis
1681 4433 1712 4491 ia

369 4516 527 4578 sensilibus
549 4532 616 4577 eam
637 4523 716 4576 serto
739 4513 840 4590 aliquo
862 4514 1030 4595 verissimae
1052 4512 1221 4575 harmoniae
1243 4514 1418 4592 arohetppe,
1441 4518 1493 4593 qni
1515 4517 1594 4577 intus
1616 4526 1662 4579 est
1683 4519 1713 4579 in

369 4607 477 4669 enims.
527 4601 778 4680 Quemadmodum
807 4602 895 4678 igitur
923 4599 1119 4661 Athenienses
1151 4602 1286 4685 virtatem
1316 4600 1448 4678 aliquam
1481 4603 1653 4667 inrensrnrn
1683 4605 1712 4663 in

370 4693 496 4767 Zenone,
518 4690 658 4770 Prytanei
686 4691 733 4749 sai
761 4688 811 4765 jus
837 4690 868 4747 ia
891 4704 927 4749 en
955 4702 1014 4750 nnn
1037 4688 1222 4762 invenerunt,
1255 4688 1306 4749 sed
1337 4688 1378 4747 iili
1401 4689 1603 4764 eontdemnt,
1633 4691 1713 4768 quod

369 4780 455 4844 zeno
472 4780 535 4841 nine
557 4777 786 4841 Atheniensibus
808 4777 948 4861 eonseqni
968 4788 1026 4835 non
1049 4781 1179 4854 poterat,
1201 4775 1246 4836 sie
1266 4776 1365 4837 anime
1388 4776 1518 4839 ordinem
1531 4786 1569 4841 ,et
1589 4795 1713 4857 propon-
