3704 5962
482 303 620 363 iudicium
637 304 748 375 liepleri
765 302 800 360 de
816 319 1005 364 mensurarum
1022 308 1192 378 aequatione.
1445 315 1507 384 623
1550 334 1553 341 ·

151 484 432 548 aequatumque,
460 452 533 535 st⁵in
550 486 668 550 puncto,
695 478 742 534 ubi
759 484 874 547 unaque
891 481 962 550 coit,
991 481 1072 537 ιιιιιιι
1093 483 1193 539 erectio
1217 491 1310 540 rectae
1327 484 1506 555 perpendicu-

151 559 218 613 laris
237 558 271 613 ad
290 574 450 614 concursum
469 574 557 627 usque
576 557 816 612 circumferentiae.
842 559 896 623 liic
915 559 1032 616 circulus
1050 568 1079 616 et
1096 561 1156 631 ejus
1175 562 1245 617 duae
1262 572 1363 633 partes,
1382 557 1507 629 diameiri

152 644 291 728 etractus
309 637 437 729 angulus,
462 637 639 730 substernunt
657 654 686 693 se
705 637 821 728 subiecti
837 639 906 707 loco,
926 639 973 695 uni
990 640 1087 709 medio,
1106 649 1137 695 ut
1154 642 1242 785 possit
1259 650 1287 697 et
1301 643 1330 697 in
1341 644 1505 777 mentesub-

149 795 221 851 duae
242 796 356 850 medias.
1518 852 1521 857 .

239 875 332 930 Tertio
360 873 472 953 objiciat
500 874 611 944 aliquis,
635 890 718 944 posse
741 881 834 929 tamen
859 889 920 930 esse
943 868 1042 930 cubum
1060 875 1123 930 cubi
1140 876 1264 945 praecise
1280 876 1402 946 duplum.
1438 877 1506 935 ttu-

147 940 266 1022 pendeo,
285 951 353 1007 nihii
360 942 483 1025 impedit
502 962 529 1009 et
546 968 608 1009 esse
626 959 654 1007 et
671 967 783 1008 manere
806 953 886 1017 hunc,
906 954 929 1007 si
944 952 1025 1006 modo
1053 953 1181 1008 constitui
1208 963 1302 1024 posset
1327 962 1355 1009 et
1381 953 1504 1025 describi.

150 1032 318 1102 Quantisper
336 1040 425 1087 autern
444 1048 500 1087 non
519 1031 693 1100 describitur,
718 1048 774 1086 non
792 1039 835 1085 est
852 1031 969 1099 quidem.
1007 1030 1151 1098 Quantitas
1180 1032 1288 1101 quidem
1315 1032 1432 1087 dimidii
1443 1032 1506 1101 cpbi

151 1112 227 1167 inest
243 1112 272 1166 iu
288 1119 356 1179 toto,
377 1111 432 1165 sed
450 1110 498 1164 illa
516 1112 606 1165 cubus
620 1126 676 1169 nou
692 1119 743 1166 est.
780 1111 883 1166 Cubus
890 1110 961 1163 enim
980 1108 1027 1163 ιιι
1042 1123 1140 1163 nomen
1157 1102 1270 1179 figurae,
1288 1115 1316 1164 et
1332 1109 1420 1179 figure
1438 1125 1507 1178 opus
1612 1142 1615 1147 ·

149 1189 235 1245 habet
254 1189 444 1258 descriptione
481 1191 601 1246 Proinde
622 1191 676 1255 dici
702 1198 811 1260 posset,
838 1190 987 1245 subsistere
1011 1189 1187 1244 materialiter
1213 1196 1242 1245 at
1267 1206 1322 1244 non
1349 1188 1504 1245 formaliter
1537 1198 1540 1205 '

15 1300 38 1333 v,
147 1268 332 1324 Materialiter
350 1275 392 1324 est
409 1270 519 1347 quidem
537 1270 647 1340 aliquod
664 1277 796 1339 punctum
813 1270 842 1324 in
860 1268 947 1322 latere
965 1266 1036 1334 cubi,
1055 1267 1204 1322 terminans
1222 1268 1326 1322 dimidii
1343 1268 1406 1323 cubi
1423 1267 1504 1335 letus,

15 1376 39 1415 ,ς
147 1349 198 1404 sed
209 1349 238 1404 1d
249 1357 381 1418 puuctum
392 1347 467 1404 nulla
485 1366 603 1418 unquam
621 1350 727 1404 ratione
741 1348 858 1403 describi
877 1354 924 1401 aut
941 1346 1044 1416 signari
1060 1352 1160 1415 potest
1192 1347 1271 1402 Unde
1289 1355 1318 1402 et
1335 1345 1387 1401 hoc
1402 1345 1504 1413 adden·
1495 1370 1514 1410 -;
1558 1404 1562 1411 ,

146 1429 228 1483 dum:
248 1427 315 1482 duas
333 1427 436 1482 medias
455 1443 516 1487 esse
535 1428 643 1496 qmdem
662 1443 710 1483 ens
728 1428 756 1482 in
774 1427 906 1517 potentia,
925 1426 975 1480 sed
992 1424 1407 1517 noninpotentiageometrica
1433 1426 1504 1485 Nam
1609 1496 1613 1503 ι

146 1505 313 1575 geometrice
330 1520 402 1574 qnae
419 1512 535 1574 po'ssunt
554 1505 615 1574 dici,
633 1514 715 1562 antea
733 1512 798 1561 sunt
815 1506 905 1562 actu
898 1522 925 1559 ιι
942 1512 1041 1591 mente,
1057 1505 1171 1575 physice
1188 1520 1253 1560 vero
1264 1497 1344 1575 linea,
1363 1522 1500 1576 quaenon

146 1591 191 1639 est
208 1590 290 1647 secta,
308 1582 503 1652 secaripotest,
522 1592 550 1638 et
567 1585 595 1639 in
612 1592 751 1654 punctum,
769 1585 798 1640 in
815 1600 869 1654 quo
887 1599 942 1639 non
960 1600 1063 1654 sumus,
1081 1585 1260 1640 continuitate
1277 1584 1392 1657 physica
1410 1592 1498 1687 trans·

147 1663 240 1717 itionis
259 1661 368 1717 tandem
389 1662 515 1717 devenire
534 1678 686 1733 possumus.
753 1702 758 1713 .

20 1780 41 1817 ς
235 1740 290 1795 Sed
307 1741 399 1811 recepi
416 1755 507 1810 supra,
535 1748 578 1796 me
604 1741 714 1797 hancin
732 1744 894 1796 ›Processu‹
919 1757 1075 1812 expressam
1093 1740 1204 1812 lineam,
1223 1759 1293 1812 quae
1310 1743 1426 1800 traditur
1443 1760 1493 1815 pro
1517 1784 1521 1789 .

29 1860 49 1897 ‚3
146 1817 233 1874 latere
251 1818 345 1874 cubi8
363 1834 517 1873 marcarum
539 1832 642 1887 aquae
649 1804 795 1887 fontanae,
823 1820 1043 1877 confirmaturum
1070 1828 1167 1890 quarto
1194 1822 1306 1893 insuper
1331 1832 1499 1894 argumento.

146 1899 209 1952 Erit
234 1896 369 1953 autemid
392 1899 502 1952 maximi
525 1899 671 1967 momenti,
700 1900 723 1953 si
749 1898 829 1954 modo
848 1899 981 1953 sincerum
1008 1914 1113 1967 neque
1119 1899 1190 1954 forte
1212 1916 1261 1977 per
1284 1900 1419 1981 fallaciam
1435 1898 1500 1955 mihi

15 2020 48 2041 ,.
146 1976 275 2051 obrepsit
294 1984 382 2031 ortum
399 1993 443 2030 nre
460 1978 555 2046 ignaro
573 1994 608 2034 ex
626 1979 721 2035 iisdem
739 1978 886 2050 principiis,
913 1995 947 2032 ex
965 1978 1063 2046 quibus
1085 1979 1206 2048 antiqua
1242 1980 1311 2034 Dico
1329 1969 1498 2056 experimer-

15 2098 52 2123 ,,,
144 2056 275 2111 tationem
292 2072 341 2127 per
368 2054 540 2111 fontanam
532 2074 560 2111 ιι
578 2058 678 2113 cubum
696 2058 835 2114 redactam
851 2056 952 2129 optime
970 2057 1086 2124 habere;
1113 2057 1167 2114 hoc
1192 2058 1324 2114 testificor
1349 2075 1404 2114 non
1430 2075 1499 2128 meo,

146 2135 220 2192 sed
212 2150 272 2206 ipso
290 2143 413 2190 veterum
427 2137 610 2229 Βοιιιιιοιιιι
628 2138 822 2208 experimento
857 2138 895 2193 Ut
911 2137 964 2191 hoc
984 2137 1108 2206 probem,
1133 2136 1325 2191 assumendum
1343 2143 1399 2206 est,
1425 2137 1498 2207 quod

15 2206 54 2273 ¹„
146 2219 293 2271 Processus
315 2216 416 2284 ubique
437 2217 533 2285 recipit
558 2218 620 2285 (etsi
638 2219 763 2273 Mariana
787 2216 942 2286 labefactet)
969 2217 1125 2272 drachmam
1151 2223 1273 2271 nostram
1299 2216 1412 2271 eandem
1440 2231 1498 2271 esse

20 2348 55 2375 ,Μ
146 2310 208 2349 curn
224 2293 309 2349 ueteri
327 2294 518 2359 Romanorum,
535 2293 601 2349 item
620 2297 766 2352 saciasti
784 2311 834 2352 seu
854 2294 996 2351 drachmas
1015 2295 1075 2351 96
1067 2310 1156 2350 messe
1173 2295 1200 2348 in
1218 2294 1288 2349 libra
1305 2278 1496 2351 Romanorum.

30 2374 41 2439 ζ
145 2372 260 2427 Romani
279 2387 354 2441 ergo,
374 2372 511 2435 referente
529 2381 557 2428 et
576 2378 739 2430 ›Processu‹
767 2374 899 2431 ιΜιιιιιι
920 2390 984 2430 vero
1007 2389 1116 2429 rursum
1140 2374 1270 2443 variante)
1292 2374 1477 2432 invenerunt
1468 2390 1497 2428 ιι

146 2452 215 2506 cubo
234 2452 277 2506 sni
295 2452 372 2521 pedis
393 2467 482 2521 aqueae
500 2451 628 2508 fontanae
647 2455 731 2510 libras
748 2457 790 2524 96,
809 2455 835 2508 h.
854 2470 876 2509 e.
896 2452 1036 2508 drachmas
1055 2452 1134 2509 9216.
1170 2452 1257 2521 Igitur
1275 2452 1298 2507 si
1316 2461 1436 2523 uterque¹
1450 2467 1497 2507 er·

38 2530 53 2595 Ϊ
146 2529 245 2597 quisite
263 2529 316 2584 fuit
331 2538 478 2600 operatus,
506 2538 535 2585 et
552 2532 692 2587 Romanus
718 2532 765 2587 ille
792 2539 820 2587 et
846 2531 928 2601 th'm
948 2531 1128 2586 »Processus«
1150 2531 1278 2601 scriptor,
1306 2539 1414 2601 oportet
1431 2530 1497 2589 ιι8

31 2608 53 2683 a]
148 2624 261 2677 marcae,
281 2624 330 2663 seu
351 2609 385 2663 64
401 2608 511 2675 unciae,
528 2625 577 2666 seu
595 2612 645 2667 512
664 2611 808 2667 drachmae
834 2624 921 2679 aquae
938 2608 1064 2664 fontanae
1091 2608 1124 2662 de
1147 2608 1269 2697 partibus
1287 2609 1364 2680 pedis
1382 2610 1497 2667 Romani

93 2708 98 2711 ·
146 2688 177 2742 21
197 2694 337 2743 assumunt
353 2687 382 2740 in
401 2686 463 2742 cubi
485 2689 527 2743 sni
546 2688 661 2744 latus8
698 2689 769 2743 Nam
787 2689 874 2743 cubus
893 2686 926 2740 de
944 2687 976 2741 21
996 2694 1039 2741 est
1056 2686 1136 2755 9261,
1164 2686 1211 2753 qui
1232 2702 1359 2743 numerus
1383 2695 1494 2759 superet
1564 2694 1566 2699 ’

20 2774 52 2843 ᾗ
146 2765 288 2820 drachmas
305 2779 393 2836 aquae
411 2765 506 2820 9216·
498 2781 527 2819 ιιι
539 2765 628 2834 pedali
646 2766 911 2822 cuboRomanonon
922 2764 982 2835 plus
1000 2766 1034 2819 lb
1053 2762 1200 2834 particulis.
1218 2758 1349 2835 Ιιιιιιιι
1327 2767 1389 2821 siin
1401 2774 1494 2822 nostro

147 2844 214 2900 cubo
233 2852 310 2900 tanta
329 2852 371 2899 est
389 2843 526 2911 drachma,
546 2852 648 2912 quanta
665 2845 693 2899 in
711 2846 843 2913 Romano,
863 2844 935 2914 quod
954 2858 1060 2912 semper
1077 2858 1165 2913 pono,
1184 2842 1329 2913 qualium
1321 2845 1404 2926 igitur
1421 2843 1493 2900 latus

34 2926 50 2945 ³
145 2923 230 2978 nostri
247 2922 307 2978 cubi
326 2922 411 2990 est8,
430 2922 524 2983 talium
543 2938 597 2977 non
616 2922 697 2994 plane
714 2925 757 2991 21,
776 2922 833 2978 fere
851 2931 942 2978 ιιιιιιι
959 2922 1008 2991 21,
1038 2927 1080 2977 est
1101 2921 1176 2976 latus
1194 2924 1256 2978 cubi
1275 2920 1399 2977 Romani
1434 2924 1494 2978 Hoc

24 2992 45 3081 ’ᾗ
144 3006 187 3055 ιιι
204 3017 287 3055 unum
305 2999 545 3055 demonstrationis
563 3015 640 3055 mese
658 3003 817 3056 membrum.

170 3118 173 3126 ι
230 3078 355 3133 Alterum
372 3079 521 3135 membmm
539 3079 578 3135 sic
596 3080 689 3136 habet
725 3080 805 3149 Apud
824 3080 948 3136 Caesaris
970 3068 1239 3149 automatopoeum
1231 3081 1321 3136 inveni
1338 3096 1493 3136 mensuram
1571 3136 1575 3142 ,

144 3157 219 3230 pedis
237 3158 352 3212 Romani
377 3158 458 3230 paulo
476 3158 606 3227 maiorem
624 3160 785 3230 Viennensi,
806 3176 886 3229 quam
905 3175 1058 3215 mensuram
1076 3159 1135 3230 ipse
1149 3176 1169 3214 a
1180 3159 1284 3216 Jacobo
1303 3160 1397 3216 Curtio
1415 3160 1493 3215 Vice-

144 3237 303 3293 canoellario
320 3236 429 3306 Imperii
457 3238 563 3309 accepit
588 3238 682 3307 aitque
709 3254 813 3293 summo
839 3239 889 3293 riri
911 3238 1003 3293 studio
1026 3239 1113 3293 Roma
1131 3238 1296 3294 accersitam.
1333 3238 1401 3293 Earn
1418 3248 1492 3294 men-⁴

145 3332 235 3371 suram
253 3332 303 3386 ego
321 3317 337 3370 2
356 3316 498 3388 puncturis
513 3312 690 3373 transversim
708 3319 804 3373 locatis
822 3316 950 3379 transtuli
971 3318 999 3372 in
1017 3316 1099 3387 hujus
1118 3317 1179 3373 libri
1197 3316 1355 3386 operculum
1372 3317 1491 3393 auterius

144 3394 278 3463 ejusque
274 3394 449 3463 superficiem
466 3396 621 3452 interiorem
639 3412 824 3468 papyraceam
857 3396 1062 3487 Comprehensa
1088 3397 1170 3465 igitur
1194 3396 1294 3452 circino
1313 3412 1375 3467 pars
1394 3404 1490 3454 octaua

144 3472 236 3529 lateris
244 3473 343 3541 cubici,
354 3474 379 3528 8
396 3489 548 3530 marcarum
565 3491 654 3545 aquae
679 3475 747 3530 adeo
774 3474 896 3551 praecise
922 3490 1032 3530 emensa
1056 3475 1107 3530 fuit
1124 3474 1221 3546 pedem
1238 3474 1316 3529 illurn
1333 3474 1490 3532 Curdanun'r

139 3555 227 3612 Roma
244 3550 420 3622 accersitum,
445 3560 477 3608 ut
494 3553 523 3607 iu
540 3553 772 3635 vicesimaprima
790 3562 854 3610 actu
870 3553 916 3608 ιιι
934 3553 1110 3624 agnoscibili,
1134 3554 1225 3624 aliqua
1242 3561 1332 3609 tamen
1350 3550 1489 3626 partichla,

140 3632 303 3692 excesserit.
383 3688 386 3695 ,

226 3714 301 3768 Haec
311 3710 476 3767 admirabilis
490 3709 667 3781 congruentia
684 3708 817 3780 suspicari
828 3727 871 3765 me
889 3711 963 3780 facit,
982 3711 1206 3768 communicatum
1223 3711 1308 3768 fuisse
1326 3728 1388 3767 cum
1397 3703 1489 3767 Curtio

142 3790 323 3847 ‚Prooossuo
343 3789 425 3858 hujus
444 3788 596 3845 artificium.
633 3787 687 3844 Sed
705 3788 864 3845 concludam
882 3788 1015 3846 distincte.
1050 3790 1141 3845 Primo
1155 3790 1178 3845 si
1189 3790 1297 3845 Curtius
1309 3791 1392 3859 hujus
1409 3790 1489 3845 ›Pro-

138 3886 247 3930 cessus«
271 3870 322 3926 fuit
347 3870 476 3939 ignarus,
503 3868 555 3922 etsi
581 3868 686 3938 accepit
705 3869 791 3923 Roma
817 3868 933 3925 eundem
959 3869 1031 3924 forte
1057 3868 1171 3939 pedem,
1199 3863 1280 3938 quein
1306 3869 1434 3927 Budaeus
1461 3876 1490 3927 et

140 3949 293 4006 Glareanus
317 3949 418 4005 nostris
436 3947 566 4003 Romanis
592 3961 680 4016 nuper
703 3946 857 4002 indicarunt
882 3963 917 4002 ex
941 3945 989 4001 illo
1017 3963 1066 4002 suo
1093 3946 1207 4003 mirabili
1234 3946 1373 4019 Parisino,
1398 3956 1489 4005 tamen

138 4029 251 4087 mirifice
275 4029 451 4085 confirmatur
478 4026 619 4097 diligentia
635 4029 781 4080 Processus
799 4025 883 4095 hujus
901 4042 951 4097 per
968 4042 1130 4083 consensum
1151 4028 1249 4081 veteris
1271 4024 1353 4092 illius,
1371 4028 1418 4099 qui
1435 4027 1487 4084 Pa·

136 4110 214 4166 risini
241 4110 318 4182 pedis
337 4109 389 4164 fuit
406 4116 509 4165 auctor.
545 4105 650 4160 Deinde
675 4106 700 4159 si
717 4104 827 4161 Curtius
844 4107 995 4161 Romanum
1021 4104 1119 4175 pedem
1144 4103 1285 4173 antiquum
1312 4108 1432 4177 accepit,
1461 4114 1489 4162 et
1519 4109 1526 4117 ’

15 4206 35 4267 ,ι
136 4190 186 4261 qui
201 4207 257 4246 non
275 4204 309 4244 ex
320 4189 452 4244 relatione
464 4184 568 4242 Budaei
580 4184 633 4239 hoc
651 4181 757 4237 demum
775 4184 867 4239 seculo
880 4185 1044 4240 constitutus
1057 4184 1120 4240 fuit:
1138 4191 1205 4239 tunc
1217 4184 1365 4240 certissime
1379 4187 1487 4241 demon-

30 4298 52 4351 ,τι
136 4277 254 4325 stratum
272 4275 322 4336 est,
341 4267 495 4322 drachmam
513 4263 673 4319 hodiernam
690 4262 777 4317 veteri
795 4263 943 4333 aequalem,
961 4279 1090 4318 concesso
1109 4270 1212 4333 ιιιιιιιι,
1231 4262 1304 4331 quod
1328 4265 1415 4319 cubus
1432 4265 1487 4333 Ro·

15 4363 54 4415 5
135 4362 234 4404 manns
252 4344 356 4418 pedalis
373 4344 458 4402 libras
475 4359 562 4413 aquae
580 4345 614 4401 96
631 4360 687 4400 non
704 4343 815 4404 Parisiis
831 4352 946 4415 tantum,
964 4343 1013 4401 sed
1030 4343 1130 4427 ubique
1147 4346 1258 4415 ceperit.
1277 4344 1337 4413 (Gir
1353 4347 1398 4401 iol.
1416 4347 1487 4417 ιιι.)

15 4456 49 4567 j«
643 4523 729 4584 Ad
751 4523 872 4604 Caput
893 4523 947 4584 VI.

15 4622 49 4757 ³³ss
224 4676 256 4736 In
274 4676 433 4735 reductione
451 4673 526 4733 cubi
531 4675 567 4734 ad
585 4674 735 4747 cylindrum
756 4684 787 4735 et
811 4674 956 4745 sphaeram
978 4678 1084 4734 numeri
1106 4680 1137 4737 11
1157 4676 1193 4735 ad
1208 4679 1244 4735 14
1261 4677 1313 4736 sub
1331 4678 1486 4739 conditione

19 4778 47 4829 ,ι
134 4765 202 4822 sunt
218 4760 283 4818 reri
316 4759 388 4816 liam
404 4771 585 4829 quaecunque
601 4758 673 4813 inter
689 4772 720 4814 se
737 4755 938 4815 communicant
949 4760 1107 4827 emutare,
1131 4768 1267 4831 quatenns
1288 4774 1321 4816 ea
1338 4761 1484 4816 communi
1542 4814 1545 4819 .
