3822 5866
408 390 472 452 fid
911 387 944 445 ln
961 385 1137 443 Harmoniam
1154 385 1251 442 Mundi

408 560 462 616 iste
480 557 590 615 fecitis
609 558 714 626 studiis
731 559 823 616 facere
841 560 869 615 in
887 558 1151 628 conversationibus,
1169 559 1342 629 impugnare,
1360 555 1501 626 insultare,
1520 554 1657 611 lacessere
1673 551 1755 619 rudos

405 652 495 693 morea
520 639 654 708 cujusque
677 639 802 694 hominis.
840 640 871 694 ld
896 640 977 695 etiam
999 640 1133 708 Ortolplso
1157 651 1299 692 mmmnne
1321 637 1375 704 (cfr.
1400 640 1420 687 f.
1442 638 1512 703 aas).
1553 635 1582 688 Si
1606 631 1756 688 Mercurius

405 715 539 787 jungatur
557 716 628 787 Soli,
656 717 824 773 moderatum
847 728 914 787 puto
937 735 999 775 esse
1020 721 1048 773 in
1067 718 1204 779 omninum
1230 732 1294 771 nans
1310 716 1340 770 in
1358 714 1421 770 Sole
1446 723 1489 770 est
1509 715 1570 783 ipsa
1587 710 1756 767 mediocritas

409 795 529 849 omnium
546 810 644 851 rerum.
679 797 775 865 Itaque
798 804 889 857 motus
906 798 1035 853 Mercurii
1053 798 1240 867 stationarius,
1254 796 1383 865 directus,
1401 793 1590 863 retrogradus,
1608 806 1659 862 pro
1677 792 1702 844 ri
1719 790 1756 845 in·

408 873 485 945 genii
504 879 531 927 et
545 873 650 944 judicii,
669 874 843 944 adspicientis
861 874 990 946 planetae
1007 893 1058 946 pro
1077 892 1119 945 eo,
1135 875 1163 930 in
1182 890 1278 944 quoae
1292 874 1333 928 ris
1347 880 1464 929 exseret.
1500 873 1571 927 Nam
1582 871 1606 925 si
1619 870 1655 925 sit
1666 869 1757 924 Venus

405 952 446 1006 iili
460 951 571 1020 juncta,
597 967 686 1007 mores
703 967 833 1008 venereos
856 953 918 1008 dat:
942 955 965 1008 is
984 957 1055 1009 enim
1073 955 1192 1023 molliter
1211 952 1357 1023 judicabit,
1385 953 1508 1021 rapietur
1530 950 1565 1006 nd
1588 956 1697 1017 cantus,
1724 945 1756 1001 ad

405 1031 601 1086 humanitatem
619 1043 684 1102 etc,
713 1032 736 1087 si
753 1033 847 1101 Luna,
870 1033 1007 1102 ingenium
1024 1041 1067 1088 eat
1085 1032 1237 1100 humidum,
1260 1031 1389 1100 simplex,
1413 1031 1525 1098 bouum,
1550 1035 1582 1082 nt
1600 1025 1757 1094 Maegerlini

406 1112 481 1179 (anno
504 1121 563 1177 post
579 1113 714 1176 Kspferum
736 1116 803 1173 inter
828 1116 988 1174 ,magistram
1015 1117 1144 1176 ‘fobinges
1168 1119 1296 1179 receptus3
1329 1118 1416 1162 natum
1437 1111 1602 1171 llegcrlinnm
1628 1110 1704 1157 refert
1726 1109 1756 1157 ll.
1844 1178 1848 1185 ,

405 1206 472 1241 suno
493 1192 577 1256 rofi).
613 1188 642 1245 Si
660 1188 782 1258 Jupiter,
798 1188 925 1258 ,simplex
949 1189 1071 1260 quidem,
1097 1189 1146 1245 sed
1163 1188 1276 1259 insuper
1298 1195 1326 1245 et
1347 1187 1580 1259 superstitiosum,
1604 1186 1632 1239 in
1654 1184 1757 1254 mamis

405 1266 529 1335 simplex.
566 1269 595 1324 si
621 1268 772 1323 Mercurius
798 1265 868 1324 liber
891 1270 1017 1324 omnibns
1044 1269 1127 1325 radiis
1154 1277 1212 1335 est,
1239 1269 1356 1324 maxime
1383 1267 1517 1321 sincerum
1543 1274 1587 1319 est
1611 1263 1756 1331 ingenium

406 1346 492 1402 Nota:
517 1347 564 1403 Sul
581 1348 729 1418 significat,
747 1362 817 1417 quae
836 1361 853 1403 a
870 1349 968 1404 ceteris
987 1348 1174 1420 significantur
1190 1348 1320 1419 planetis,
1346 1346 1438 1415 itaque
1456 1344 1537 1399 etiam
1555 1341 1590 1397 ad
1609 1342 1699 1396 Solem
1716 1348 1758 1397 est

405 1428 433 1480 in
470 1427 577 1496 ingenio
602 1425 816 1497 respiciendum
849 1427 888 1482 sit
915 1435 944 1483 et
968 1429 1133 1497 ascendens,
1165 1442 1228 1482 nam
1254 1424 1389 1497 significat
1413 1438 1545 1494 corporea
1569 1421 1756 1477 instrumenti.

405 1506 484 1561 Unde
501 1506 529 1560 in
547 1506 713 1574 Msegerliuo
729 1504 839 1574 Jupiter
856 1507 883 1560 in
903 1514 977 1573 omn,
1001 1509 1082 1564 Luna
1106 1525 1167 1562 cum
1185 1506 1322 1561 Mercurio
1347 1503 1496 1573 simplicem
1515 1500 1588 1557 facit
1623 1500 1668 1555 Ita
1685 1506 1713 1555 et
1729 1498 1756 1554 in

407 1585 490 1639 affine
509 1585 617 1641 Simone
635 1587 721 1654 Luna,
738 1585 841 1655 Venus,
860 1585 915 1648 Sol,
934 1587 1043 1655 Jupiter
1061 1586 1199 1656 conjuncti
1217 1584 1374 1653 simplicem.

493 1665 531 1719 Et
548 1672 621 1731 nota,
640 1664 752 1734 homiui,
769 1665 817 1733 qui
835 1663 909 1719 aliud
924 1664 1038 1731 judicat,
1060 1674 1088 1720 et
1106 1676 1195 1721 menon
1214 1676 1322 1733 semper
1338 1659 1483 1715 scribendo
1500 1657 1603 1728 pergit,
1623 1656 1756 1726 significa·

406 1753 452 1800 tor
469 1745 522 1799 hoc
540 1758 557 1798 a
574 1743 710 1799 Mercurio
731 1744 759 1797 in
785 1742 918 1812 quadrato
936 1745 1045 1809 Martis3
1071 1744 1223 1799 Mercurius
1247 1741 1316 1795 liber
1335 1739 1468 1809 iudicium
1491 1754 1602 1808 parom,
1627 1738 1675 1792 sed
1694 1754 1758 1806 qna·

407 1823 517 1878 drotum
534 1822 631 1877 Martis
650 1820 812 1891 praecipitat
836 1821 889 1876 hcc
908 1828 935 1875 ei
953 1823 1050 1893 adigit,
1077 1832 1179 1878 utnon
1198 1826 1340 1889 exspectet
1354 1819 1501 1888 judicium:
1526 1819 1588 1872 hinc
1611 1816 1685 1871 illius
1702 1824 1757 1868 tam

405 1903 501 1957 crebra
519 1899 701 1970 poenitentia,
722 1898 855 1968 judicium
880 1902 951 1955 anim
973 1896 1082 1972 semper
1104 1909 1208 1967 manet,
1230 1900 1348 1968 impetus
1370 1894 1477 1953 transit'.
1514 1899 1618 1959 Forsan
1637 1904 1666 1951 ct
1682 1896 1757 1950 Mars

406 1980 537 2050 impetunt
554 1987 659 2034 mutum
676 1978 714 2034 ibi
733 1979 879 2049 significat,
903 1980 951 2035 ulti
969 1982 1027 2050 ipse
1045 1982 1215 2051 impetuosus
1240 1987 1290 2036 est.
1326 1980 1384 2034 lmo
1402 1994 1471 2033 non:
1496 1978 1590 2033 sedin
1609 1991 1667 2044 me,
1693 1975 1757 2043 quis

407 2059 518 2112 stationi
536 2060 684 2130 proximus,
704 2059 758 2113 rim
777 2059 965 2115 stationarium
984 2068 1013 2115 et
1029 2067 1217 2130 penetrantem
1236 2066 1264 2113 et
1282 2058 1476 2126 inhaerentem,
1494 2058 1523 2112 iu
1541 2057 1603 2111 aliia
1621 2053 1757 2110 camilole

403 2137 458 2191 rim
476 2139 681 2208 succedentem,
700 2139 728 2192 in
747 2138 874 2207 opposito
892 2136 945 2193 rim
958 2139 1104 2194 imitatam.
1448 2120 1456 2145 ⁸

492 2217 635 2289 Ingenium
653 2225 697 2274 est
714 2215 863 2272 omnifariis
881 2218 1100 2274 simulationibus
1119 2217 1297 2286 aptissimum.
1332 2216 1393 2272 Hoc
1411 2233 1445 2272 ex
1462 2215 1563 2284 ingenii
1581 2214 1714 2270 bonitate.

489 2304 545 2361 Sed
557 2306 635 2361 adest
646 2305 727 2359 etiam
739 2303 892 2374 simulandi,
911 2304 1033 2375 fallendi,
1051 2305 1200 2360 mentiendi
1216 2305 1309 2360 nitido.
1345 2305 1405 2359 Hoc
1421 2303 1540 2357 indidem
1558 2303 1632 2357 unde
1650 2310 1678 2356 et
1691 2299 1756 2369 joci,

403 2385 556 2440 Mercurius
574 2383 735 2449 lnoc‘efficit,
753 2400 770 2438 a
790 2386 877 2439 Marte
895 2384 1029 2439 stimulus.
1068 2384 1122 2440 Sed
1141 2385 1194 2439 dno
1213 2384 1400 2441 simulationes
1420 2383 1470 2437 has
1488 2382 1651 2452 impediant:
1670 2381 1756 2449 primo

403 2471 491 2518 metus
510 2462 646 2516 infamiae.
683 2461 735 2515 Est
753 2460 824 2515 euim
842 2460 961 2516 omnium
979 2462 1095 2517 maxime
1114 2478 1194 2517 reme
1212 2463 1302 2518 landis
1320 2462 1435 2533 cupidus
1454 2470 1481 2517 et
1494 2463 1580 2517 omnis
1592 2463 1699 2528 generis
1717 2461 1755 2513 in·

401 2542 546 2598 lamiarum
564 2540 715 2610 impatiens.
788 2539 919 2595 Sinistros
936 2556 1058 2596 mmores
1077 2540 1206 2596 fericulos
1230 2541 1273 2594 rel
1290 2540 1408 2595 maxims
1425 2540 1543 2609 pecunia
1564 2540 1710 2596 redimeret
1727 2548 1755 2594 et

403 2627 593 2692 paupertatem
611 2620 682 2690 fugit
700 2627 806 2674 tantum
828 2618 862 2672 ob
881 2618 1028 2673 infamiam.
1064 2620 1124 2675 Hoc
1142 2634 1254 2675 neccsse
1274 2628 1316 2674 cst
1333 2618 1430 2674 adore
1445 2634 1512 2674 esse.
1548 2619 1581 2674 Id
1593 2624 1756 2686 essepntest

402 2696 562 2769 tripliciter:
583 2699 610 2767 1)
628 2696 693 2765 quia
709 2696 818 2764 Jupiter
835 2697 904 2752 bene
923 2699 1086 2765 collocatus;
1111 2701 1160 2755 sed
1179 2699 1244 2767 quid
1266 2700 1319 2754 hoo
1337 2699 1372 2753 td
1396 2699 1535 2754 animum?
1556 2698 1690 2766 numquid
1707 2716 1754 2768 po·

402 2780 457 2834 tius
475 2776 510 2833 ad
527 2776 683 2831 fortunam?
719 2776 745 2844 2)
765 2774 834 2843 Quia
853 2778 881 2832 in
899 2785 1012 2847 aspectu
1030 2778 1102 2834 Solis
1120 2786 1148 2838 et
1165 2777 1287 2834 Veneris.
1323 2779 1355 2833 ld
1372 2778 1433 2833 ideo
1452 2779 1567 2847 valeret,
1589 2778 1654 2847 qttit
1672 2792 1755 2848 supra

404 2857 468 2928 dixi,
491 2854 582 2911 Solem
605 2854 676 2911 idem
700 2855 803 2923 valere,
829 2856 901 2925 quod
925 2857 1085 2911 Mercurius.
1127 2858 1151 2924 3)
1173 2856 1243 2925 Quia
1265 2856 1294 2910 in
1319 2856 1453 2925 quadrato
1479 2857 1659 2923 ascendentis.
1695 2857 1754 2910 Hoc

401 2936 487 3004 magis
505 2936 657 3005 probarem,
675 2950 839 3003 quamquam
857 2936 994 3004 separatio
1012 2942 1055 2991 eat
1072 2948 1122 3004 per
1140 2938 1182 2992 6⁰.
1218 2936 1356 3004 Alterum,
1377 2933 1450 3003 quod
1467 2935 1588 2990 retundit
1605 2934 1753 2989 simulatio·

402 3029 451 3068 nes
474 3013 540 3083 has,
566 3021 608 3070 est
631 3014 776 3083 singularis
801 3028 907 3079 earum,
936 3012 1018 3067 etiam
1037 3014 1138 3083 optime
1160 3020 1189 3068 et
1211 3013 1366 3069 candssime
1384 3014 1579 3081 institutarum,
1601 3013 1754 3069 infelicitas.

404 3093 488 3148 »llam
511 3092 578 3146 felix
596 3091 675 3147 dolus
699 3090 853 3160 assequitur
876 3106 984 3161 quoque
1006 3092 1110 3146 tardior
1134 3104 1248 3148 acrem.»
1285 3092 1367 3147 Redit
1390 3092 1443 3145 hoc
1461 3091 1611 3146 saottndum
1635 3092 1670 3147 ed
1687 3091 1754 3146 iliud

401 3172 525 3241 primum.
560 3171 630 3226 Nam
655 3168 801 3235 infelicitas
825 3169 958 3238 pudorem
981 3168 1054 3224 elicit
1076 3178 1104 3224 et
1126 3170 1277 3227 confundit.
1311 3170 1480 3239 Quamquam
1504 3172 1611 3240 nescio,
1640 3186 1675 3225 an
1693 3170 1754 3238 ipsa

400 3264 491 3305 rernm
509 3256 608 3305 natura
625 3253 753 3304 cansam
771 3247 841 3302 hanc
858 3246 1057 3319 infelicitatem,
1079 3247 1144 3303 dum
1162 3249 1328 3319 impossibile
1347 3260 1391 3304 est
1408 3251 1498 3305 cmnfa
1515 3251 1631 3306 hominis
1651 3249 1751 3306 machi

401 3338 528 3385 nements
545 3330 700 3385 succedere.
736 3328 775 3383 Et
791 3326 883 3396 aliqua
900 3327 1010 3396 quidem
1027 3327 1178 3384 succedunt
1195 3331 1223 3383 in
1241 3335 1297 3382 tam
1315 3335 1413 3397 magno
1432 3344 1553 3384 numero.

488 3410 550 3465 Jam
572 3424 671 3465 causas
695 3408 863 3476 inqumamus
887 3407 970 3477 hadas
992 3408 1170 3463 infelicitatis.
1211 3407 1250 3462 Et
1272 3407 1424 3462 Mercurius
1446 3404 1556 3475 'quidem
1584 3407 1752 3476 significator

401 3500 456 3542 non
473 3494 580 3543 tantum
597 3487 779 3542 emendanter
796 3488 841 3553 (ut
857 3486 897 3541 ita
914 3486 1015 3557 dicem)
1034 3488 1178 3556 expeditus
1196 3494 1253 3555 est,
1281 3485 1331 3541 sed
1354 3487 1436 3542 etiam
1455 3487 1661 3543 accidentaliter
1700 3486 1752 3541 hoe

400 3574 443 3620 est
465 3565 494 3620 in
516 3566 618 3636 angulo
636 3566 696 3621 vll.
732 3564 803 3620 Hinc
830 3563 913 3632 igitur
936 3567 1013 3621 nuda
1033 3566 1192 3634 infelicitas,
1219 3566 1268 3621 sad
1290 3564 1406 3623 felicitas
1423 3565 1525 3634 potius.
1560 3565 1639 3619 Ana
1686 3563 1752 3619 artis

400 3644 554 3715 nummio?
572 3644 621 3700 aed
638 3645 702 3700 inde
720 3648 808 3717 ipsum
827 3659 890 3700 esse
903 3646 1012 3709 deduxi,
1030 3661 1128 3715 nempe
1140 3645 1327 3701 simulationes
1340 3644 1423 3714 ipsas.
1453 3644 1558 3711 Quodsi
1569 3643 1661 3700 nulius
1673 3643 1752 3699 dolus

399 3725 466 3780 felix
484 3732 559 3780 recte
575 3725 667 3794 labet,
685 3743 747 3781 nnm
765 3728 811 3784 ille
830 3727 981 3799 quadratus
999 3732 1027 3780 ct
1045 3724 1122 3779 dolos
1140 3724 1299 3793 suppeditat
1317 3731 1346 3778 et
1362 3724 1518 3780 necessaria
1536 3724 1596 3792 ejus
1615 3724 1750 3794 adjuncta

399 3803 438 3858 Et
455 3810 546 3858 umen
564 3803 734 3873 quorundam
756 3807 813 3862 doli
830 3816 895 3864 sunt
918 3804 987 3858 adeo
1005 3803 1114 3874 felices,
1141 3811 1172 3859 ut
1189 3805 1277 3858 Denta
1302 3811 1331 3859 et
1346 3803 1470 3858 homines
1494 3802 1590 3859 fallere
1614 3820 1696 3874 posse
1715 3804 1751 3859 si·

399 3881 529 3952 deantur;
552 3881 697 3952 inquibus
716 3886 767 3940 etsi
784 3885 847 3942 finis
864 3885 976 3941 ultimus
995 3890 1037 3938 est
1055 3883 1162 3951 irritus,
1187 3884 1249 3952 ipsa
1264 3891 1356 3938 tamen
1381 3881 1504 3937 fallaciae
1528 3881 1691 3939 diuturnitas
1709 3892 1751 3940 est

399 3961 539 4019 mirabilis.
576 3961 650 4030 Quid
670 3963 753 4032 igitur
769 3964 810 4019 iili
828 3965 928 4020 habere
946 3971 1063 4034 possunt
1080 3980 1129 4033 pro
1148 3963 1220 4018 hoc?
1239 3954 1281 4037 (ᾗ
1308 3963 1439 4031 radium.)
1473 3965 1517 4019 dn
1542 3965 1587 4022 liic
1611 3968 1693 4023 etiam
1710 3967 1751 4022 in·

398 4040 564 4110 mutantia,
584 4042 775 4113 incogitantia,
793 4042 1052 4113 incircumscriptio,
1075 4042 1213 4098 temeritas
1232 4040 1360 4110 loquendi
1377 4040 1467 4097 locum
1485 4041 1570 4099 habet
1594 4053 1625 4099 et
1641 4043 1749 4100 aliunde

399 4119 592 4176 deducendum
606 4129 650 4177 est
667 4125 849 4192 responsum?
885 4124 922 4178 nt
940 4129 1014 4178 certe
1031 4122 1070 4176 ita
1086 4120 1197 4191 quidem
1214 4120 1308 4175 infelix
1326 4128 1369 4177 est
1386 4120 1468 4189 hedua
1481 4123 1539 4177 neti
1556 4124 1702 4193 anulatis,
1720 4130 1752 4180 ut

398 4200 503 4254 nullutn
527 4200 644 4270 amplius
667 4202 867 4258 incommodum
890 4212 1033 4272 sequatur,
1060 4215 1144 4270 qnam
1168 4201 1229 4271 ipsa
1252 4200 1320 4256 haec
1342 4200 1457 4257 irritatio
1481 4200 1634 4258 affectuum
1673 4202 1751 4259 Unde

398 4276 483 4333 rideri
501 4280 603 4350 possit,
627 4281 702 4349 quod
719 4280 864 4337 infeliciter
886 4281 986 4337 cadunt
997 4272 1077 4349 doli,
1102 4280 1185 4349 hup'us
1202 4280 1242 4333 rei
1265 4294 1374 4334 cansam
1400 4295 1455 4334 non
1472 4294 1533 4335 esse
1550 4281 1705 4337 immediata
1722 4283 1749 4337 in

399 4359 528 4424 menate
546 4356 596 4414 aed
615 4358 641 4412 in
661 4358 722 4414 aliis
740 4360 821 4415 animi
839 4361 1025 4430 qttalitatibns.
1062 4358 1153 4415 Tertio
1166 4359 1283 4414 fortasse
1294 4358 1373 4413 Luna
1385 4357 1494 4426 adiecta
1505 4374 1589 4414 causa
1608 4369 1652 4415 est
1668 4361 1749 4430 injus

397 4436 575 4492 infelicitatis.
609 4437 680 4492 Nam
697 4437 738 4493 ita
755 4439 906 4496 succedunt
927 4441 1007 4495 etism
1026 4438 1118 4494 amnia
1134 4438 1239 4507 reliqna
1263 4436 1323 4505 ejus
1341 4451 1426 4506 opera
1447 4444 1480 4491 nt
1498 4436 1563 4493 doli.
1599 4438 1653 4495 Eat
1669 4440 1698 4497 in
1715 4454 1748 4495 eo

398 4516 565 4586 dammim,
588 4514 637 4572 aed
655 4520 707 4575 sub
725 4518 854 4589 opinione
872 4518 1017 4586 amitinae,
1038 4525 1082 4572 est
1098 4516 1230 4585 facilitas,
1248 4514 1298 4571 sed
1314 4529 1365 4583 pro
1377 4514 1561 4583 eredulitate;
1584 4517 1681 4589 religio
1697 4533 1748 4587 pro

398 4596 606 4666 superstitione,
625 4598 738 4653 comitas
756 4614 807 4667 pro
826 4598 940 4668 ineptis,
957 4598 1034 4666 Justa
1051 4597 1092 4651 ira
1109 4612 1159 4664 pro
1177 4595 1277 4651 furore

409 4694 414 4719 ι
486 4664 531 4731 sio
547 4674 789 4743 igitur-concludo,
810 4679 962 4733 Mercurius
979 4675 1008 4729 in
1026 4675 1160 4743 quadrato
1173 4676 1279 4745 Martia,
1298 4676 1371 4732 celer
1384 4684 1459 4734 motu
1477 4684 1507 4732 et
1523 4678 1663 4735 orientalis
1674 4689 1747 4736 sstu-

398 4754 569 4823 tistaonotat,
588 4754 662 4808 etin
680 4755 781 4825 angulo
799 4757 858 4812 Vll.
877 4772 927 4825 per
944 4770 974 4811 se
990 4754 1108 4823 felicem,
1126 4755 1154 4809 h.
1173 4769 1195 4809 e.
1215 4757 1285 4811 bene
1303 4756 1533 4825 circumspectam,
1551 4764 1667 4827 atquae
1679 4758 1747 4813 ninii

399 4846 435 4894 er
453 4831 584 4907 singulari
601 4833 763 4892 metante
779 4834 807 4889 in
826 4833 939 4891 consilio
953 4832 1086 4904 capiendo
1096 4832 1198 4890 emittit
1214 4842 1256 4900 (ut
1266 4834 1393 4890 homines
1407 4849 1489 4902 saepe
1501 4834 1622 4892 fataliter
1637 4842 1747 4911 mrann,
