3840 5854
371 388 413 451 22
748 364 1020 454 115151515511551551
1037 381 1206 457 5115555555
1222 387 1333 442 mutuae

372 559 496 626 555555
517 560 672 639 5155515515
693 560 738 624 515
761 559 801 624 15
824 577 861 623 ex
884 560 902 622 e
926 566 957 623 et
979 561 1010 644 5,
1034 563 1075 624 to
1098 581 1134 625 ex
1157 564 1178 623 4
1200 568 1230 626 et
1253 563 1283 646 5,
1306 565 1348 624 14
1370 582 1406 627 ex
1428 565 1447 625 5
1471 572 1501 628 55
1524 565 1618 647 1550
1641 516 1678 627 er
1701 538 1739 627 5

372 653 461 733 516,
503 649 1071 732 4055551555555515,
1115 652 1719 734 905565515,1105585515.

229 739 242 760 ”
277 764 280 773 ’
371 740 507 817 Denique
527 741 557 798 in
580 738 724 798 infinitum
747 736 937 798 demonstrari
959 744 1083 817 possunt
1098 740 1197 801 omnia
1211 740 1367 821 regularia,
1389 758 1465 819 quae
1479 740 1588 802 habent
1603 740 1722 821 duplam

373 827 638 889 denominationem
674 826 714 886 ad
750 827 861 905 priora,
900 826 1048 903 quomodo
1085 830 1174 890 etiam
1211 828 1400 905 octangulum
1437 828 1650 890 demonstratur
1686 845 1722 890 er
1841 872 1846 881 .

372 914 590 994 quadrangulo,
620 916 720 991 itaque
744 916 838 975 'etiam
863 915 919 995 16,
950 917 1068 976 55515
1091 898 1258 994 ’5555155
1303 914 1431 994 Jamque
1459 933 1572 977 555555
1599 922 1723 996 possunt

373 1004 535 1082 comparari
566 1002 640 1063 haee
661 1001 752 1082 dupla
773 1020 839 1063 cum
861 1003 911 1082 iis,
943 1004 1118 1080 quibuscum
1140 1006 1226 1084 primi
1247 1010 1329 1086 snut,
1358 1012 1392 1065 ut
1416 1004 1454 1065 15
1478 1022 1544 1066 555
1570 1006 1625 1087 16,
1654 1006 1724 1067 bine

373 1094 451 1154 enirn
474 1089 686 1152 demonstratur
709 1088 941 1167 ero-angulum.

480 1176 564 1239 Haec
586 1180 675 1256 igitur
696 1179 918 1257 generalissima
933 1183 978 1238 est
991 1173 1092 1260 faiqu
1107 1200 1164 1240 555
1178 1182 1306 1259 baares,
1328 1178 1424 1241 adhuc
1446 1180 1573 1242 existens
1595 1178 1722 1255 infinita3

372 1271 475 1344 estque
497 1265 705 1327 demonstratio
736 1274 817 1328 tanto
840 1266 1048 1347 imperfectior,
1081 1273 1192 1343 quanto
1221 1265 1338 1343 longius
1365 1266 1403 1328 ab
1431 1268 1543 1329 unitate
1569 1266 1722 1328 receditur.

372 1355 478 1432 Itaque
500 1353 558 1415 alia
579 1354 632 1417 fiat
653 1351 752 1434 fatqu
776 1371 892 1435 55555,
922 1370 999 1430 5555
1022 1372 1073 1433 per
1096 1372 1127 1415 se
1152 1353 1399 1435 demonstrentur,
1428 1372 1486 1417 non
1509 1354 1547 1416 ad
1570 1372 1724 1434 compara·

372 1445 482 1504 bouem
512 1440 634 1502 duamm
663 1441 847 1521 simplicium.
892 1441 1153 1518 Retinebimusqne
1181 1443 1212 1523 3,
1243 1444 1274 1523 t,
1303 1442 1334 1522 5,
1364 1444 1392 1518 6,
1428 1443 1459 1525 8,
1489 1441 1533 1506 10
1561 1449 1591 1504 55
1621 1459 1723 1504 omues

374 1548 472 1592 earum
496 1529 600 1608 duplas
623 1532 653 1588 in
675 1530 829 1591 infinitum.
869 1527 998 1589 Rursum
1019 1531 1080 1591 alia
1101 1530 1152 1589 fiat
1174 1526 1277 1608 55155
1299 1546 1406 1604 earnm,
1430 1548 1506 1607 5555
1527 1548 1586 1591 555
1601 1538 1724 1591 'tantum
1798 1536 1803 1549 '

372 1636 431 1680 non
455 1618 586 1695 indigent
608 1616 731 1677 duamm
753 1616 876 1678 aliarum
899 1616 1056 1694 figurarum
1079 1619 1296 1695 comparatione
1319 1617 1357 1678 55
1377 1620 1422 1677 551
1438 1618 1724 1699 demonstrationem,

372 1707 426 1768 555
447 1723 485 1767 55
507 1723 567 1766 555
589 1704 716 1783 551555.
759 1704 965 1784 Hicprimum
987 1704 1024 1764 ad
1047 1706 1188 1765 finitatem
1210 1708 1390 1784 pervenitur,
1421 1705 1472 1767 sed
1499 1713 1610 1768 restent
1637 1705 1724 1768 valde

374 1811 494 1875 paneae.
524 1793 600 1854 1155
623 1795 732 1854 eadunt
753 1810 854 1854 omnes
876 1791 984 1871 duplae
1006 1793 1066 1854 555
1088 1810 1154 1854 eum
1177 1792 1345 1873 octangulo,
1368 1793 1447 1870 quod
1469 1794 1555 1856 modo
1572 1794 1725 1874 duplamm

374 1882 599 1944 demonstratur.
644 1880 904 1974 Quinquanguium
926 1898 997 1941 vero
1020 1889 1049 1941 et
1072 1880 1266 1958 decangulum
1288 1880 1384 1941 55555
1405 1890 1540 1964 manent,
1562 1885 1633 1959 5515
1654 1882 1724 1942 555-

375 1970 515 2046 angulum
538 1971 673 2030 5151555
697 1969 877 2046 5555551555
899 1967 1127 2048 demonstratur,
1157 1978 1188 2029 at
1218 1967 1430 2029 demonstratur
1451 1974 1580 2033 sectione
1601 1987 1725 2055 propor-

374 2058 485 2120 tionali.
532 2057 609 2118 1155
631 2058 657 2117 51
685 2057 900 2118 555151555155
928 2065 1043 2118 secetur
1074 2056 1343 2138 proportionaliter,
1372 2074 1440 2135 pars
1466 2058 1559 2136 55155
1582 2058 1725 2119 55515555

374 2143 538 2223 decsnguli.
584 2144 705 2206 1155151
729 2143 982 2222 quinquangulum
1012 2147 1220 2224 praesupponit
1244 2144 1451 2221 decaogulnm,
1483 2146 1553 2207 facit
1575 2144 1605 2205 id
1627 2153 1725 2206 15555

372 2233 464 2311 longo
486 2232 667 2313 51155555,
691 2251 779 2310 qnam
802 2236 833 2292 in
855 2232 943 2293 modo
965 2231 1090 2308 rejectis,
1113 2242 1144 2293 55
1166 2231 1377 2295 demonstratio
1397 2240 1442 2293 est
1456 2234 1618 2311 perfectior.
1650 2233 1726 2294 1155

376 2331 546 2403 geometra,
567 2321 665 2381 dicens
687 2321 765 2381 latus
788 2319 1002 2399 quinquanguli
1026 2337 1111 2398 posse
1134 2320 1212 2381 latus
1234 2319 1387 2398 sexanguli
1410 2320 1538 2382 5115155
1562 2321 1725 2399 decaoguli,

372 2410 504 2487 loquitur
525 2411 569 2470 sic
589 2425 642 2486 per
663 2409 808 2471 accidens.
847 2409 913 2469 1155
936 2409 1155 2469 5555155555155
1178 2409 1254 2469 5515
1276 2408 1333 2469 bae
1356 2408 1431 2470 5555
1452 2408 1558 2490 lineae,
1580 2418 1724 2486 quatenus

375 2501 555 2561 constituunt
584 2496 692 2573 figuras
722 2495 915 2574 sexangulum
949 2503 978 2555 et
1011 2494 1212 2571 decaogulum.
1266 2495 1439 2557 Rectissime
1470 2499 1514 2558 sic
1547 2496 1722 2559 diceremus:

278 2605 283 2615 ·
372 2585 453 2647 latus
476 2585 687 2663 quinquanguli
709 2590 808 2665 potest
829 2584 1074 2645 semidiametrnm
1097 2592 1126 2644 et
1147 2583 1211 2660 ejus
1227 2584 1481 2662 proportionaliter
1499 2591 1596 2646 sectae
1611 2593 1723 2665 partem

374 2674 526 2751 maJorem.
554 2671 680 2736 Rursum
704 2691 740 2734 ex
762 2673 808 2745 isis
831 2673 1031 2751 perfectiores,
1055 2688 1178 2749 quarum
1196 2672 1290 2734 latera
1304 2676 1495 2752 sunttoyma,
1517 2672 1589 2736 155.
1606 2678 1724 2748 europae

376 2758 459 2844 (5555,
490 2768 666 2837 manentque
690 2762 725 2835 3,
756 2763 791 2835 4,
817 2760 845 2821 6.
900 2760 976 2820 1155
1006 2759 1199 2837 5555555155
1230 2766 1260 2820 55
1287 2762 1386 2820 55515
1413 2760 1522 2837 rejecta
1542 2760 1636 2823 latera
1658 2778 1724 2822 eum

220 2830 224 2853 “
275 2890 277 2893 -
375 2847 619 2912 subtendeetibus
646 2848 820 2928 angulorum
848 2855 918 2915 sunt
939 2845 1041 2927 diepa,
1067 2865 1132 2908 555
1161 2866 1262 2910 eorum
1291 2847 1434 2925 55555515
1461 2865 1520 2908 555
1550 2850 1610 2909 5155
1637 2844 1723 2929 ρητα.

375 2939 468 3000 Latus
489 2944 587 2998 15555
610 2935 822 3015 quinquaugnll
844 2954 911 2997 eum
932 2934 1125 2997 subtendente
1153 2935 1292 3014 angulum
1314 2937 1348 2995 tit
1369 2933 1585 3014 quodammodo
1608 2942 1725 3008 555555

376 3022 467 3107 poros
497 3031 527 3087 55
556 3026 598 3084 515
627 3027 747 3104 loytres,
778 3030 810 3085 55
838 3041 897 3085 555
928 3025 1057 3085 5555515.
1102 3024 1178 3085 1155
1207 3026 1233 3085 51
1263 3041 1364 3086 eorum
1394 3022 1536 3102 quadrata
1553 3024 1723 3104 iungantur,

332 3106 335 3125 '
375 3110 508 3177 1155155
531 3111 706 3188 quadratum
728 3111 862 3173 diametri
883 3118 918 3171 nt
940 3113 958 3172 5
981 3111 1020 3171 55
1043 3113 1073 3171 4.

484 3200 620 3276 Denique
642 3218 679 3260 er
694 3202 816 3280 1555555
829 3201 1013 3279 perfectiores
1030 3206 1098 3260 5551
1113 3193 1199 3279 (ipseo
1214 3204 1282 3259 actu
1297 3205 1400 3277 estque
1415 3215 1507 3259 unum
1521 3196 1723 3277 sexangulum.

375 3290 452 3352 1155
480 3286 670 3369 triangulum,
700 3286 935 3365 quadrangulum
963 3305 1023 3349 non
1054 3295 1123 3349 sunt
1152 3281 1228 3367 (1555
1259 3294 1336 3348 actu.
1380 3287 1532 3349 Diameter
1560 3304 1631 3348 vero
1660 3289 1726 3366 ipsa

376 3379 433 3438 sibi
464 3374 597 3452 aequalis
623 3385 679 3455 est,
708 3375 827 3453 perinde
854 3383 884 3437 et
914 3371 988 3455 5555
1018 3383 1047 3437 ei
1078 3378 1173 3454 loyraq
1196 3372 1517 3458 5155555555515515.,
1547 3380 1648 3454 utpote
1674 3391 1727 3454 per

376 3464 557 3527 identitatem
580 3462 762 3525 5555555515
784 3465 847 3525 sine
868 3462 1124 3525 demonstratione.

484 3550 636 3612 Habemus
667 3568 769 3612 omnes
797 3549 915 3630 1515555
943 3550 1097 3630 planorum
1123 3549 1315 3630 regularium,
1346 3566 1422 3626 quae
1452 3550 1550 3610 55515
1576 3549 1666 3610 51155
1688 3547 1726 3610 55

377 3638 619 3700 subtendeutibus
642 3638 758 3716 anguiis
780 3646 849 3700 sunt
870 3638 1068 3718 intelligenda.
1118 3638 1194 3698 Nam
1216 3637 1246 3695 in
1268 3638 1413 3715 triangulo
1435 3637 1513 3697 latus
1534 3639 1631 3715 ipsum
1653 3637 1726 3698 snb·

377 3725 472 3788 tendit
491 3726 642 3808 angulum,
664 3729 694 3787 15
717 3726 919 3805 quadrangulo
942 3726 1091 3803 diameter,
1119 3728 1149 3785 in
1171 3727 1391 3804 quinquangnlo
1413 3724 1490 3786 latus
1512 3725 1615 3786 5151155
1638 3728 1726 3802 5515-

378 3813 578 3895 quaugularis,
600 3816 629 3873 in
645 3816 807 3893 sexangulo
822 3816 901 3877 latus
915 3819 1031 3893 trigoni,
1048 3817 1077 3875 in
1093 3812 1249 3891 octanguio
1265 3813 1342 3875 latus
1358 3810 1501 3891 quadrati,
1517 3815 1548 3887 in
1564 3812 1725 3889 depangere

377 3903 456 3964 latus
471 3904 574 3964 stellae
590 3902 809 3981 decaogularis:
834 3923 910 3983 5555
924 3907 1069 3984 recipiunt
1083 3902 1203 3965 easdem
1218 3900 1480 3964 demonstrationes
1495 3918 1561 3961 cum
1574 3900 1725 3962 lateribus.

377 3991 453 4052 Nam
475 3990 654 4052 subtendeus
669 3987 726 4075 ³s„
740 4000 850 4070 aequat
863 3992 1046 4072 longitudine
1060 3991 1305 4054 semidiametrnm
1320 3991 1443 4068 ejusque
1460 3996 1572 4068 partem
1585 3989 1738 4067 majorem·

377 4079 632 4160 proportionaliter
652 4087 765 4142 sectae:
789 4081 832 4142 515
854 4074 943 4160 i‘gitur
963 4083 1075 4142 minore
1096 4076 1179 4159 perte
1193 4077 1401 4157 proportionali
1417 4083 1525 4154 aequat
1539 4095 1624 4137 suum
1638 4077 1725 4151 latus,

377 4169 453 4227 sieut
473 4167 560 4229 stella
582 4167 843 4247 quinquangularis
863 4171 976 4249 majore
998 4175 1079 4250 parte
1101 4166 1311 4247 proportionali
1332 4174 1440 4244 aequat
1462 4183 1548 4226 suum
1569 4166 1660 4242 latus3
1689 4162 1726 4225 de
1821 4174 1827 4189 “

377 4256 481 4317 5515515
503 4273 556 4334 per
576 4272 609 4317 se
631 4263 721 4335 patet.
1247 4322 1250 4327 ⁴

295 4335 296 4338 ¹
481 4341 551 4404 Jam
582 4352 611 4406 et
641 4344 699 4405 hoc
721 4344 874 4421 probabile
905 4352 961 4427 est,
993 4339 1240 4421 quemadmodum
1271 4341 1289 4400 5
1318 4355 1439 4419 corpora
1469 4355 1527 4400 non
1561 4337 1632 4399 daut
1662 4338 1727 4417 ipsa

376 4430 498 4492 formam
521 4431 627 4514 coelis,
655 4430 709 4493 sed
731 4449 768 4492 ex
788 4434 989 4512 magnitudine
1013 4432 1090 4493 orbis
1113 4431 1243 4507 inscripti
1266 4427 1304 4488 ad
1326 4429 1574 4506 circumscriptum
1597 4430 1728 4486 5515551

376 4519 524 4581 55515555
547 4522 708 4599 quantitas:
730 4521 773 4582 sie
794 4538 831 4583 ne
853 4523 942 4600 plana
957 4519 1074 4598 quidem
1089 4520 1220 4596 ipseper
1234 4533 1266 4578 re
1283 4514 1466 4577 considerata
1480 4514 1579 4592 largiri
1597 4513 1726 4573 motibus

376 4609 527 4686 quaesitos
550 4604 664 4690 inpube,
686 4606 738 4669 sed
761 4611 920 4689 comparati
943 4606 981 4668 ad
1004 4604 1158 4679 circulum,
1187 4605 1263 4664 sieut
1285 4602 1381 4664 solida
1402 4601 1441 4663 55
1462 4597 1661 4682 sphaericum,
1692 4604 1727 4660 ut

375 4695 434 4761 boc
454 4695 495 4756 sit
517 4698 608 4777 loyor,
631 4697 657 4756 51
679 4713 748 4776 pars
769 4698 869 4776 aliqua
891 4695 991 4757 circuli
1012 4712 1064 4774 per
1085 4693 1163 4752 latus
1184 4696 1295 4755 resecta
1316 4690 1354 4751 ad
1370 4689 1509 4751 circulum
1529 4696 1622 4752 totum
1645 4703 1727 4749 com·

379 4789 505 4866 paretur.
535 4782 603 4847 Hoc
624 4785 650 4845 51
673 4784 814 4846 faciamus
836 4786 867 4846 iu
888 4783 989 4862 figuris
1011 4789 1042 4842 et
1063 4780 1209 4841 subtsnsis
1230 4778 1319 4840 modo
1341 4778 1479 4855 inventis,
1501 4785 1568 4858 post
1590 4776 1728 4854 rejectam

377 4871 570 4961 1555155555,
600 4872 675 4935 15115-
694 4872 765 4936 11551
787 4874 906 4938 nomina
926 4870 1160 4953 proportionum:
1194 4862 1227 4953 ¹l,
1255 4860 1300 4951 (in
1324 4866 1432 4931 5155515
1454 4868 1532 4931 euim
1553 4881 1611 4927 nen
1632 4861 1729 4926 515155
