3840 5854
313 443 319 449 ·
391 424 433 486 tt
693 492 696 497 1
776 415 919 489 1161616166
936 414 1048 488 11661661
1062 413 1232 486 uberemque
1248 416 1357 472 661666

393 614 461 650 6666
480 596 548 655 1665
565 600 594 649 16
610 593 800 651 6666661626.
834 594 966 662 11166666
983 596 1097 660 superest
1113 590 1216 655 Kepleri
1233 588 1348 656 66161616,
1366 592 1390 644 6
1409 592 1435 644 6
1453 589 1574 646 18166.
1592 590 1675 662 1607,
1700 594 1738 646 ie-

390 672 458 733 gitur
482 668 531 718 661.
549 671 582 721 11.
605 684 631 732 p.
649 665 708 722 788.
748 663 852 717 Beseldi
874 662 998 729 epistolae
1024 664 1111 726 paucis
1133 662 1298 731 1166666166
1324 664 1452 724 attingunt
1465 667 1503 712 .et
1529 677 1561 713 ex
1584 669 1656 727 66616
1679 665 1739 717 illas

391 738 539 792 8611616661
564 738 689 802 66661661.
725 739 798 787 Anne
817 732 886 789 1618
913 735 946 794 (tl
967 733 1031 800 ¹⁰loo·
1051 730 1131 799 8661.)
1154 733 1217 781 haec
1242 733 1287 781 dat
1313 731 1435 783 Beseldus
1459 732 1578 798 lieplero:
1605 734 1737 787 11666666·

391 824 441 876 666
459 808 495 860 (11
516 811 570 876 Vir,
588 809 680 858 661616
702 806 862 872 honorande,
886 804 950 856 celer
973 801 1100 855 tabellarii
1124 802 1208 853 abitus
1226 801 1342 866 impedit,
1369 818 1419 868 666
1441 805 1525 857 minue
1552 819 1569 852 e
1586 804 1737 856 8611616666

391 885 476 930 666166
494 879 647 930 Harmonice
664 885 709 927 166
726 872 832 927 evocare
850 890 955 942 queam3
977 881 1039 940 puto
1057 878 1154 935 16666,
1180 874 1306 934 onmium
1324 874 1432 934 graviter
1449 888 1512 938 6666
1529 888 1622 936 urgere.
1642 874 1739 938 Quodsi

389 952 500 1014 16666616,
517 946 681 1012 interpellabo
700 962 764 998 enm.

478 1019 669 1068 Dedicationem
686 1019 720 1067 66
738 1014 845 1079 Augilas
863 1017 954 1078 Regem
977 1015 1070 1066 666666
1095 1015 1210 1076 666166;
1236 1016 1410 1073 argumentum
1433 1027 1555 1064 sumerem
1578 1026 1624 1074 666
1648 1029 1679 1064 66
1699 1033 1737 1085 eo,

391 1089 500 1159 quodie
517 1090 666 1151 praecipuus
683 1090 749 1138 inter
761 1086 902 1148 Magnetes,
919 1088 1068 1148 praecipuus
1084 1087 1150 1134 inter
1166 1080 1252 1132 literas
1271 1086 1296 1132 et
1313 1082 1402 1133 661666
1419 1081 1496 1137 666611
1513 1085 1601 1150 666161,
1620 1087 1666 1150 661
1681 1085 1738 1139 feli·

393 1161 490 1210 tissime
507 1157 592 1208 litores
612 1160 757 1220 omnigenos
775 1162 800 1205 et
816 1158 932 1218 peritiam
944 1155 1087 1219 imperandi
1104 1154 1261 1214 6661666661
1277 1155 1302 1200 61
1313 1152 1477 1219 concordent,
1495 1154 1536 1204 cni
1547 1155 1738 1219 11666666666

392 1230 440 1279 166
456 1229 664 1278 Hermonicorum
692 1242 755 1291 opus
782 1226 911 1278 debeatur.
947 1225 1071 1290 Quodque
1094 1239 1124 1273 ex
1144 1221 1289 1288 longinquis
1314 1224 1364 1272 oris
1386 1224 1434 1286 ipsi
1457 1224 1505 1273 boc
1526 1225 1642 1274 mittatur
1664 1239 1736 1291 6666,

391 1313 443 1348 666
462 1313 515 1348 esee
532 1297 601 1363 6666
618 1299 764 1357 6661661666
788 1295 958 1360 iudicarim,
982 1296 1102 1344 mundum
1120 1292 1267 1343 concordem
1290 1305 1344 1341 esse
1361 1297 1386 1342 et
1402 1295 1545 1356 conspirare
1562 1297 1590 1345 in
1608 1308 1646 1361 ec,
1669 1299 1738 1361 qnod

394 1371 418 1418 ei
435 1369 588 1418 ciierendum
606 1370 640 1418 sit
656 1370 705 1418 boc
722 1381 785 1430 opus
802 1364 942 1428 singulare,
968 1366 1108 1415 mirabilem
1131 1361 1219 1412 mundi
1240 1366 1266 1411 et
1284 1362 1394 1411 omnium
1411 1377 1493 1412 rernm
1510 1367 1624 1427 aperiens
1642 1367 1669 1414 in
1688 1368 1737 1417 dis·

394 1439 480 1489 666616
498 1441 575 1488 61166
593 1439 756 1489 harmoniam.
793 1432 844 1485 Sed
860 1436 924 1500 6616
941 1450 987 1498 epo
1005 1442 1110 1485 noctuas
1126 1435 1199 1482 mitte
1217 1432 1342 1497 1116666,
1361 1437 1386 1481 61
1402 1434 1502 1499 femen,
1520 1434 1568 1484 beo
1584 1436 1612 1483 16
1629 1438 1738 1498 661661-

392 1509 460 1559 6166
476 1522 558 1558 meum
575 1513 701 1572 expetens,
718 1506 942 1556 11166161166611611
959 1519 1085 1558 6616.-
1102 1503 1315 1565 Ρ6166161666166
1332 1516 1392 1551 666
1409 1501 1585 1553 (1616666666
1602 1506 1739 1558 611166661-

396 1577 514 1640 bendum,
532 1579 647 1643 661166
671 1581 758 1642 ajunt,
781 1589 833 1624 uon
855 1576 918 1625 6666
943 1580 1016 1637 grets
1031 1573 1095 1623 16116
1111 1585 1216 1622 munera
1237 1586 1297 1624 esse.
1333 1571 1382 1622 Sed
1400 1587 1445 1634 ego
1462 1570 1554 1623 nullibi
1571 1577 1651 1637 66616
1668 1590 1738 1639 6666-

395 1650 481 1709 prinus
499 1662 562 1714 666,
580 1662 657 1713 6666
674 1649 701 1696 16
719 1650 805 1696 666166
821 1643 891 1712 6616,
909 1646 995 1710 116666
1013 1645 1114 1709 suadeo,
1132 1638 1450 1693 61111666611666611166
1467 1645 1587 1708 66666616.
1602 1672 1634 1687 -
1646 1645 1738 1696 166661-

395 1715 477 1767 linum
493 1716 639 1782 alloquendi
658 1719 744 1767 crebre
760 1720 861 1778 propter
878 1729 935 1763 666
952 1716 1053 1776 negotia
1070 1727 1119 1762 non
1138 1712 1318 1775 suppeditabat
1334 1710 1451 1775 facultas,
1469 1712 1514 1762 sed
1529 1711 1615 1764 literas
1632 1717 1656 1764 ei
1672 1718 1738 1783 misi,

395 1790 449 1852 qui,
471 1792 500 1835 ut
517 1801 602 1853 spere,
619 1786 780 1850 respondebit
803 1785 838 1834 66
859 1786 982 1850 quaesita.
1001 1811 1034 1821 -
1052 1786 1126 1837 Anno
1145 1779 1213 1837 1619
1240 1778 1277 1847 (d.
1297 1779 1365 1848 ¹⁰!‚0.
1387 1780 1468 1849 16611)
1492 1784 1580 1833 6661111
1603 1784 1737 1836 besoldus:

395 1856 552 1907 Harmonice
569 1861 615 1905 tua
630 1858 663 1909 D.
682 1854 834 1909 Sobiciardo
851 1857 906 1917 ipse
923 1855 1034 1921 1666616,
1052 1868 1111 1902 nem
1129 1858 1167 1902 est
1183 1849 1228 1901 ille
1243 1853 1297 1913 iem
1316 1852 1462 1912 designatus
1479 1852 1618 1904 Hebraioae
1635 1853 1737 1918 1166666

395 1926 520 1990 professor
537 1931 634 1990 616166
651 1926 787 1976 66666166
804 1926 831 1973 16
850 1925 903 1973 6166
921 1929 1050 1987 666666161
1068 1921 1192 1989 61661666
1210 1922 1310 1988 curabo,
1328 1924 1357 1971 61
1377 1920 1471 1971 formae
1494 1936 1599 1985 cupreee
1616 1930 1738 1993 emantur,

396 1996 464 2063 6666
479 2000 534 2060 jem
551 1996 667 2062 facerem,
687 1998 710 2045 61
727 1994 898 2058 spissitudinis
915 1993 1072 2059 aliarumque
1090 1993 1273 2042 dimensionum
1290 1993 1353 2041 6111
1369 1993 1433 2041 ratio
1451 1997 1581 2056 obnuberet
1600 1993 1649 2045 866
1667 2010 1738 2058 6666-

301 2094 306 2101 ·
397 2081 454 2117 6666
471 2067 525 2129 1666
543 2067 660 2127 expediet
676 2067 762 2115 omnis
778 2063 899 2113 facillime
917 2065 991 2129 eique
1003 2068 1099 2113 sumtus
1115 2061 1230 2112 lubenter
1241 2062 1414 2124 suppeditabo.
1427 2088 1461 2099 ·-
1473 2062 1571 2113 Deinde
1589 2064 1612 2114 d.
1631 2061 1674 2118 25.
1686 2064 1737 2118 161.

396 2141 427 2186 st.
445 2151 483 2187 r.:
509 2136 600 2186 Adbuc
617 2135 796 2187 Sobioiardum
814 2138 944 2197 exspecto,
962 2135 1008 2198 661
1031 2132 1098 2182 61166
1115 2147 1185 2195 6666
1203 2137 1228 2181 61
1244 2133 1393 2195 premissum
1414 2132 1549 2182 66666166
1575 2148 1660 2197 snum,
1684 2150 1738 2186 sus·

395 2205 496 2272 pendit3
523 2208 567 2271 qui
585 2207 607 2254 si
625 2219 651 2255 66
669 2206 748 2268 616161,
766 2206 859 2254 curabo
877 2217 943 2269 quac
960 2205 1021 2252 mibi
1038 2203 1179 2264 injunxisti.
1209 2201 1265 2251 Non
1282 2203 1405 2251 autentis
1424 2204 1471 2251 erit
1487 2201 1617 2253 1166611161
1634 2202 1737 2273 collega¹

395 2278 441 2341 661
457 2289 543 2339 parem
561 2275 624 2324 ferre
642 2289 692 2324 non
710 2278 805 2338 potest,
833 2274 877 2323 sed
894 2273 1034 2338 Beringeri,
1061 2271 1126 2321 16616
1149 2273 1271 2335 perpetim
1287 2270 1379 2333 661161,
1397 2286 1523 2321 successor
1540 2278 1565 2322 61
1582 2276 1739 2325 contubernii

395 2351 483 2396 rector.
519 2343 654 2408 Exemplar
670 2344 880 2395 Harmonicorum
904 2342 973 2405 6666
994 2357 1035 2391 66
1052 2342 1204 2405 666661166,
1226 2340 1331 2391 6666116
1349 2338 1448 2406 6116661
1466 2343 1607 2406 6666616616
1624 2358 1738 2409 consper-

206 2440 210 2455 ‹
285 2431 287 2434 ⁴
396 2429 451 2465 sum
468 2420 494 2464 et
510 2416 537 2463 in
555 2415 754 2464 extremitatibus
766 2415 906 2474 contritum,
924 2427 941 2461 6
957 2427 1053 2462 morum
1075 2410 1122 2461 ille
1139 2414 1258 2473 magistre
1277 2409 1470 2460 Polbeimicrum
1490 2415 1590 2477 eccepi;
1608 2428 1694 2466 666666
1709 2421 1739 2465 61

395 2485 423 2534 16
441 2483 609 2534 bibliothecae
626 2483 712 2533 inferri
730 2488 812 2548 queat.
847 2480 926 2532 eliud
943 2496 1000 2544 6666
1017 2484 1088 2531 61116
1106 2483 1195 2531 61166
1212 2495 1257 2542 ego
1275 2481 1382 2530 rendam
1399 2479 1439 2530 661
1456 2483 1496 2531 661
1514 2482 1670 2535 mandaretis
1687 2491 1738 2535 tra·

397 2554 465 2606 666.
500 2552 634 2603 1166611166
650 2557 696 2602 166
713 2554 794 2615 petite
811 2554 904 2614 sperui,
921 2554 965 2617 qui
984 2566 1013 2601 eo
1031 2553 1130 2602 nomine
1148 2552 1195 2600 tibi
1213 2552 1267 2612 ipse
1285 2552 1382 2600 scribet
1400 2577 1434 2587 -
1452 2552 1567 2616 Denique
1584 2567 1651 2603 6666
1670 2551 1737 2609 1626

394 2620 463 2690 (Vn.
481 2623 568 2683 11661.)
594 2624 656 2673 baec
677 2621 798 2672 Besoldus
825 2620 932 2685 Keplero
956 2623 1039 2671 dedit:
1065 2619 1199 2685 Exemplar
1225 2620 1442 2684 Hermonicornm,
1469 2620 1614 2672 academiae
1638 2629 1737 2675 6661666

396 2693 561 2759 6661166166,
583 2694 683 2743 11661661
701 2697 725 2741 61
742 2692 846 2742 Senatui
863 2706 909 2753 pro
926 2706 994 2741 6666
1011 2691 1113 2741 exhibui
1135 2705 1274 2755 munusque
1291 2687 1436 2740 solennibus
1457 2693 1545 2741 666661
1563 2694 1652 2743 verbis.
1687 2694 1738 2745 Sed

395 2764 555 2813 honorarium
572 2764 671 2813 obtinui
689 2758 932 2824 666666666666616
949 2764 1032 2811 minue
1051 2759 1077 2825 (4
1094 2775 1197 2827 66666,
1221 2760 1323 2825 661116
1340 2765 1410 2824 6661,
1438 2759 1547 2811 11616666
1568 2762 1736 2832 1666616166);

395 2848 446 2883 666
464 2833 565 2898 661666
582 2847 639 2882 666
656 2830 731 2894 66166
748 2831 879 2896 6666666
901 2831 932 2880 66
956 2830 1130 2881 benevolentia
1145 2831 1294 2881 nostratium
1317 2843 1370 2879 non
1386 2829 1541 2894 amplissima
1558 2847 1673 2899 6666666
1689 2836 1737 2885 1111

396 2905 487 2954 debeas
499 2901 624 2968 polliceri,
642 2903 687 2951 sed
703 2903 765 2967 quia
776 2903 866 2950 aerarii
883 2902 962 2950 nestri
980 2916 1010 2951 ea
1020 2902 1109 2964 inopia
1120 2906 1165 2968 661,
1184 2905 1213 2949 61
1230 2900 1352 2951 sumtibus
1369 2901 1532 2968 undiquaque
1550 2916 1649 2964 parcere
1662 2918 1736 2966 coga-

394 2987 458 3024 mur.
481 2974 529 3023 Pro
548 2969 691 3038 exemplari,
710 2985 760 3038 666
778 2984 819 3021 66
835 2968 976 3034 bibliopola
993 2971 1159 3033 ’1666661166
1178 2971 1288 3032 donarit,
1307 2978 1362 3019 cum
1380 2976 1405 3019 61
1422 2975 1464 3020 166
1482 2973 1575 3020 intuitu
1591 2972 1685 3023 fectum
1697 2976 1737 3039 sit,

394 3044 488 3105 gratim
506 3044 653 3106 promeritas
671 3055 728 3102 ago.
757 3041 877 3108 Tertium,
895 3041 963 3106 quod
976 3040 1154 3090 Bidembaoirio
1173 3038 1326 3105 (consiliario
1339 3039 1570 3108 Wiirttembergloo)
1589 3043 1737 3110 6661166666,

392 3117 446 3176 jans
465 3111 508 3163 diu
526 3118 571 3175 est,
589 3112 658 3178 6666
676 3108 812 3161 1166611166
830 3107 984 3176 (etquidem
1002 3125 1032 3160 66
1051 3115 1095 3160 166
1110 3112 1191 3172 jussu)
1206 3124 1288 3175 ecque
1305 3112 1354 3159 1166
1373 3110 1444 3177 6661,
1462 3117 1491 3160 61
1509 3114 1577 3173 66661
1594 3115 1738 3175 praeficeret

396 3183 626 3232 commendatitiam
643 3181 833 3245 praefationem.
863 3180 914 3231 866
929 3172 1015 3230 multis
1032 3181 1212 3230 monitionibus
1229 3180 1257 3229 id
1273 3182 1407 3243 impetrare
1423 3182 1535 3248 nequivi,
1553 3196 1621 3249 6666,
1643 3188 1672 3232 61
1688 3185 1737 3233 tibi

284 3264 289 3279 ·
394 3252 456 3317 6616
474 3253 580 3302 6661166
597 3254 625 3301 16
642 3265 729 3301 aurem
747 3251 837 3316 dicam,
855 3254 900 3299 aut
916 3250 1014 3300 1661616
1032 3254 1055 3300 61
1067 3248 1234 3301 aemulatione
1245 3248 1353 3315 laborat,
1373 3254 1485 3300 autnon
1496 3249 1579 3314 placet
1590 3254 1642 3315 ipsi
1652 3254 1737 3304 audax

393 3326 459 3388 tuus,
479 3321 523 3440 666
539 3323 663 3454 1166166666
681 3318 890 3387 666166616666
909 3320 998 3383 dignm
1018 3322 1060 3370 116
1077 3324 1188 3373 conatus.
1219 3318 1354 3381 Exemplar
1370 3326 1479 3383 repetere
1497 3323 1607 3389 incivile,
1626 3325 1736 3374 6161166

392 3397 526 3459 prosectu,
554 3407 571 3441 6
600 3405 630 3442 cs
1169 3401 1172 3409 '

479 3479 641 3529 Harmoniam
659 3492 730 3529 6666
742 3474 878 3542 lieplerum
895 3479 971 3528 etiem
989 3480 1087 3528 senatui
1098 3476 1208 3530 Ulmensi
1227 3474 1347 3526 obtulisse
1364 3491 1396 3526 ex
1413 3476 1650 3529 Hebenstreitii
1662 3479 1735 3544 (lter-

392 3551 454 3599 toris
467 3548 567 3600 scbclse
579 3545 714 3613 1116666616)
725 3548 806 3598 1116616
818 3552 929 3614 apparet,
942 3550 987 3614 qni
999 3549 1038 3597 bis
1049 3549 1177 3611 respondit
1188 3550 1222 3598 ad
1232 3545 1333 3609 ilepleri
1343 3545 1429 3597 literas
1441 3546 1616 3617 (deperditasiz
1628 3549 1734 3606 Nobilis.

392 3617 537 3669 6166166166
554 3621 613 3682 Vir,
640 3620 747 3670 Domine
773 3622 799 3669 61
819 3616 903 3672 fautor
924 3616 1061 3681 plurimum
1086 3619 1247 3668 observande.
1283 3617 1374 3679 Accepi
1400 3622 1458 3680 6661
1480 3620 1576 3680 priores
1601 3618 1660 3671 11166
1677 3626 1736 3672 tuas

392 3690 470 3739 etiam
487 3686 579 3739 6116666
596 3691 754 3741 recentiores.
789 3688 942 3738 Harmonice
963 3694 1061 3738 tentum
1085 3701 1136 3737 non
1157 3684 1315 3737 exosculatus
1338 3686 1449 3739 6666661.
1485 3687 1645 3754 Quemquam
1668 3694 1735 3743 enim

391 3761 471 3823 66166
489 3758 553 3809 illud
571 3761 665 3822 ingenii
683 3761 732 3809 mei
749 3772 895 3821 66666666,
922 3772 1048 3824 quamque
1074 3755 1206 3807 infeliciter
1231 3759 1259 3806 in
1282 3755 1391 3806 mathesi
1415 3754 1480 3806 61111
1501 3771 1576 3819 agam
1601 3757 1734 3829 deplorem,

392 3825 476 3896 o‘dqu
493 3830 611 3879 nimirum
628 3829 729 3891 indigus
748 3828 835 3879 dextro
854 3831 975 3894 comique,
993 3841 1064 3891 spero
1082 3832 1166 3877 16666
1183 3827 1301 3893 futurum,
1319 3830 1348 3875 ut
1360 3825 1460 3876 diuinae
1476 3825 1537 3878 11166
1554 3827 1658 3889 meum
1675 3837 1734 3885 1666

391 3899 561 3965 6616666161
578 3901 718 3961 rubiginem
735 3901 785 3948 mei
802 3896 945 3949 intellectus
968 3901 995 3947 in
1014 3898 1163 3959 6166666616
1180 3899 1308 3965 magisque
1326 3900 1461 3957 extergant
1497 3897 1562 3965 Age,
1586 3899 1654 3951 disce
1671 3905 1734 3968 quid

284 3962 292 3971 “
390 3969 505 4018 fecerim:
523 3968 651 4032 exemplar
667 3971 754 4019 curavi
772 3966 912 4030 elegontius
930 3969 1070 4032 66661661,
1088 3974 1200 4017 extrema
1215 3966 1331 4016 foliomm
1348 3967 1467 4034 16666661,
1484 3970 1562 4018 166661
1579 3971 1655 4020 61166
1671 3971 1733 4025 iam.

390 4041 474 4089 nisocs
492 4042 583 4090 sericos
601 4039 708 4090 6666166
726 4040 846 4104 nigroque
863 4041 952 4105 tinctu,
970 4039 1062 4104 quibus
1080 4036 1205 4089 coloribus
1222 4036 1384 4088 1116666666
1402 4034 1483 4100 clypei
1496 4038 1670 4106 deformentur,
1689 4048 1733 4095 ob.

390 4107 439 4157 tuli
456 4123 515 4158 mox
532 4124 588 4159 cum
604 4107 685 4159 literis
702 4111 753 4158 tuis
770 4107 887 4171 (1666611,
908 4110 953 4174 661
971 4107 1005 4157 ad
1023 4106 1129 4174 olerum,
1147 4109 1180 4161 1).
1198 4108 1254 4159 161.
1273 4104 1383 4167 0661116,
1395 4104 1572 4159 commendari
1590 4108 1662 4176 (beni
1680 4128 1733 4166 rem

389 4180 502 4239 1666166
518 4179 650 4229 insubidus
669 4176 781 4244 6661661).
812 4179 915 4241 Recepit
931 4179 1045 4240 benigne,
1064 4177 1156 4229 obtulit
1172 4184 1270 4242 postero
1288 4176 1329 4226 die
1340 4175 1465 4243 frequenti
1477 4179 1589 4231 Senatui.
1613 4181 1733 4235 1666666-

389 4250 436 4311 nit,
455 4262 526 4299 meae
543 4263 662 4300 censurae
680 4254 757 4314 etque
774 4251 835 4297 1166
852 4249 1001 4298 conrectoris
1019 4245 1077 4313 (beu
1096 4251 1186 4298 iterum
1203 4248 1487 4313 616661166661-11666
1504 4250 1619 4313 66166666
1636 4255 1732 4305 66116-

388 4319 537 4369 maticorum
555 4324 603 4370 6161
620 4319 721 4369 66111616
738 4317 799 4368 lixis
817 4322 842 4367 et
859 4316 1015 4384 6616611661)
1033 4319 1150 4369 volumen
1168 4333 1220 4371 esse
1238 4316 1441 4368 committendum
1459 4319 1631 4386 judiciumque
1648 4322 1680 4373 66
1702 4339 1732 4377 eo

288 4413 294 4421 -
389 4392 614 4454 66616666661616
633 4389 819 4453 exponendum
847 4392 899 4437 tum
918 4388 1040 4456 futurum,
1058 4389 1177 4439 616166
1195 4391 1271 4450 digne
1287 4381 1413 4441 66616661
1429 4403 1513 4438 curem
1530 4391 1585 4453 ipse
1603 4396 1731 4458 suscipiat.

389 4457 457 4522 Quid
474 4465 548 4523 putes
566 4464 651 4509 sutem
669 4460 710 4509 bic
721 4473 767 4508 666
779 4454 908 4508 fecturus?
926 4456 1030 4508 Ocelum
1048 4473 1108 4509 6666
1124 4460 1151 4508 16
1169 4459 1321 4523 praesidium
1336 4459 1418 4521 ipsum
1436 4460 1581 4511 rocebimns
1598 4466 1623 4513 et
1634 4470 1732 4527 praeter

387 4544 421 4579 ea
437 4544 572 4581 66666666
588 4528 653 4580 61111
671 4530 824 4579 conabimur.
860 4528 909 4576 Die
925 4528 1012 4577 Lunae
1030 4534 1122 4596 eutem,
1141 4524 1394 4596 66966116166666,
1411 4534 1436 4579 16
1453 4533 1573 4597 1666666
1585 4532 1730 4595 dignitatem

387 4597 544 4659 6166111666
562 4598 628 4657 16161
651 4604 738 4650 666166
755 4599 879 4663 depictam
901 4600 1058 4660 magistratui
1075 4600 1329 4661 repraesentabimus,
1354 4605 1488 4664 sperantes,
1511 4602 1559 4650 tibi
1583 4616 1633 4652 non
1654 4616 1731 4663 greve

386 4667 507 4734 futurum,
526 4671 556 4731 si,
574 4684 630 4719 cum
647 4683 751 4732 mugnus
763 4670 806 4734 616,
824 4666 942 4717 minutuli
958 4673 984 4717 te
1001 4671 1081 4731 pisces
1098 4670 1125 4717 16
1143 4673 1214 4718 66616
1232 4670 1370 4720 matheseos
1388 4683 1480 4719 oceano
1498 4668 1667 4721 6616166166
1684 4672 1729 4722 ad·

387 4742 504 4788 natantes
520 4753 567 4789 nos
584 4741 757 4803 suspiciemus.
787 4738 889 4787 Utinam
907 4742 991 4788 autem
1009 4739 1099 4788 deinde
1116 4738 1274 4788 Harmonicis
1291 4740 1342 4789 tuis
1359 4739 1530 4802 pulcherrimis
1547 4739 1649 4803 pnicbre
1666 4756 1729 4808 que·

387 4821 436 4880 que
453 4809 637 4874 6666661666
652 4814 794 4862 nostorum
815 4807 900 4859 studia
922 4813 947 4859 et
967 4805 1117 4859 liberalitas!
1147 4807 1275 4877 Quicquid
1291 4809 1319 4860 id
1334 4808 1422 4875 fuerit,
1444 4810 1537 4863 nostris
1552 4813 1667 4876 66611166
1684 4818 1730 4865 166
