3882 5862
714 409 797 505 Liber
813 410 863 466 111.
882 410 971 482 Caput
989 412 1048 466 XV.
1092 354 1097 377 ι
1487 418 1551 478 405

195 594 259 634 cum
277 577 394 648 sphaera
412 580 501 638 solida
517 581 560 636 rel
578 583 657 653 quasi
674 582 750 639 nulla
766 583 815 654 sit,
829 584 919 641 nulla
943 585 1027 655 igitur
1043 602 1108 656 pars
1127 586 1293 643 circuitionis
1311 592 1366 655 est,
1394 602 1475 656 quarn
1493 585 1551 658 pls·

195 663 263 711 neta
279 657 406 715 conficiat
423 661 516 716 eadem
536 660 676 717 celeritate
694 678 755 717 curn
772 662 834 733 alia,
853 672 1044 734 praeterquam
1062 668 1091 722 in
1109 666 1179 721 binis
1197 667 1350 736 aequaliter
1367 668 1402 723 ab
1419 682 1544 738 apoqaso

194 733 316 789 remmia

284 811 470 886 Quaecunque
495 824 586 875 tannen
610 820 646 874 sit
673 823 814 891 proportio
839 830 961 879 motuum
979 823 1127 881 mediorum
1146 825 1174 879 in
1201 825 1297 894 primis
1316 825 1441 895 sphaeris
1459 824 1550 880 Ptole·

194 892 282 961 masi,
310 907 344 946 ea
360 911 415 949 nou
433 895 513 951 aliter
539 898 701 967 exprimitur
717 917 735 956 a
752 903 871 958 numeris
890 903 994 959 dierum
1020 904 1182 974 periodicis,
1212 904 1262 958 nisi
1282 912 1418 974 quatenns
1436 912 1552 973 apparet

194 979 288 1026 motus
307 970 357 1024 sub
374 971 494 1029 zodiaco.
529 976 590 1030 Nou
612 987 655 1032 est
673 980 756 1049 igitur
774 981 801 1035 in
819 980 862 1036 his
885 984 1003 1037 numeris
1027 983 1168 1053 proportio
1186 999 1265 1039 verae
1283 983 1433 1038 velocitatis
1452 981 1550 1052 sphae-

194 1064 287 1103 rarum
306 1049 433 1121 ipsarum,
454 1053 503 1109 sed
521 1055 617 1110 saltem
635 1059 795 1127 apparentia
813 1060 863 1115 sub
882 1061 961 1129 fluis;
980 1069 1008 1117 et
1026 1069 1115 1117 tamen
1133 1064 1202 1118 haec
1219 1063 1280 1132 ipsa
1298 1063 1458 1132 apparentia
1475 1061 1551 1117 nulls

195 1136 255 1197 est,
283 1145 344 1184 cum
363 1132 495 1201 sphaerae
514 1134 578 1190 illae
596 1136 795 1209 Ptolemaicae,
823 1147 853 1195 ut
871 1157 949 1195 veras
969 1149 996 1195 et
1022 1142 1110 1197 reales
1128 1157 1280 1211 ponamus,
1307 1143 1468 1212 perspicuae
1486 1139 1550 1206 sint,

193 1207 306 1264 minime
325 1212 388 1265 iero
407 1224 580 1283 apparentes.
606 1217 703 1271 Restat
721 1226 751 1272 ut
770 1217 898 1285 dicamus,
918 1221 1109 1289 proportiones
1127 1222 1195 1277 istas
1214 1222 1316 1276 nullius
1336 1236 1397 1276 esse
1415 1220 1455 1275 rei
1472 1233 1549 1289 prae·

194 1292 321 1356 torquem
340 1292 482 1361 temporis,
502 1302 529 1348 et
547 1295 586 1349 sic
605 1297 780 1353 terminorum
799 1314 872 1354 nuere
889 1300 1057 1355 mentalium.
1096 1302 1187 1369 Atque
1206 1315 1265 1371 ego.
1276 1296 1460 1354 demonstrari
1477 1296 1548 1351 libro

194 1379 258 1418 meo
277 1365 308 1418 V.
327 1384 385 1437 cap.
405 1373 430 1438 6,
448 1373 476 1425 in
494 1372 536 1426 his
555 1376 776 1444 proportionibus
795 1378 883 1435 nullas
903 1396 1044 1435 occurrere
1062 1383 1184 1450 perfecte
1203 1381 1383 1435 harmonicas.

212 1535 218 1548 .
284 1460 357 1517 Nota
373 1464 433 1519 VII.
469 1467 548 1535 Quod
560 1477 617 1526 tras
633 1470 775 1530 dicunctur
790 1475 923 1546 sphaerae
935 1476 1010 1545 apud
1022 1475 1207 1532 Ptolemaeum
1225 1491 1307 1531 unam
1325 1482 1354 1529 et
1372 1473 1486 1530 eandem
1503 1489 1550 1541 pe·

195 1536 304 1593 modum
321 1541 424 1599 habent
441 1550 645 1620 temporariam,
673 1553 726 1608 hoc
751 1570 834 1608 unum
854 1562 896 1608 cst
919 1569 953 1609 ex
972 1555 1096 1610 maximis
1124 1555 1337 1612 absurditatibus
1367 1553 1550 1610 astronomiae

194 1617 367 1685 veterinum
386 1623 446 1693 ipso
465 1628 612 1685 Aristotele
630 1640 713 1702 teste,
741 1634 787 1704 qui
809 1633 961 1703 analogiam
984 1634 1158 1690 desiderabat
1180 1635 1253 1689 iuter
1273 1642 1399 1704 tempora
1415 1641 1443 1688 et
1462 1632 1549 1687 orbas.

194 1696 327 1766 Ignoscat
343 1702 436 1772 itaque
454 1706 518 1760 mihi
536 1706 635 1781 lector,
664 1712 687 1766 si
706 1711 799 1766 uideor
816 1714 869 1782 ipsi
887 1713 967 1766 etiam
987 1712 1143 1768 Ptolemaeo
1162 1713 1213 1768 sim
1232 1713 1345 1781 iecisse,
1369 1711 1550 1781 comprobans
1612 1728 1616 1735 “

194 1776 275 1832 velut
292 1794 325 1833 ex
345 1782 403 1849 ejus
422 1793 512 1842 mente
539 1795 567 1844 et
584 1789 619 1843 ad
638 1790 813 1861 archetypum
831 1794 964 1848 musicum
983 1792 1200 1863 accommodans,
1219 1791 1246 1846 id
1265 1791 1338 1861 quod
1356 1790 1474 1845 sortasse
1486 1788 1550 1843 Pto·

195 1855 320 1913 lemaeus
338 1860 397 1929 ipse
414 1862 587 1923 incusaverat
605 1878 635 1923 ut
653 1887 706 1925 uon
726 1881 800 1928 recte
818 1873 923 1929 habeus
949 1881 977 1928 et
997 1889 1013 1927 a
1031 1880 1129 1927 natiue
1146 1872 1280 1940 alienum,
1307 1877 1391 1940 atque
1408 1868 1461 1922 hoc
1478 1867 1550 1923 inter
1620 1866 1623 1873 ’

196 1952 298 1992 causas
315 1938 385 1994 forte
403 1944 509 2013 retulit,
532 1962 581 2002 cur
598 1948 650 2003 hoc
668 1959 752 2020 caput
769 1951 956 2019 imperfectum
974 1953 1147 2022 relinqueret
1182 1952 1278 2020 Neque
1286 1958 1388 2021 ‚tamen
1406 1948 1475 2003 bens
1493 1955 1549 2002 tec·

194 2023 243 2071 tus
262 2024 305 2071 est
323 2032 425 2077 naevus
443 2022 497 2078 iste
514 2030 696 2084 astronomiae
715 2030 814 2086 reterns
833 2046 849 2084 a
867 2045 926 2085 mea
943 2030 1164 2100 incrustratione,
1182 2040 1213 2086 ut
1231 2046 1301 2100 quae
1319 2027 1430 2084 decolor
1448 2035 1476 2083 et
1492 2034 1549 2083 tur·

194 2096 240 2164 pis
260 2102 304 2152 est
322 2114 352 2155 se
368 2100 436 2171 ipsa.
471 2103 542 2160 Nam
569 2107 635 2175 quid
661 2109 803 2163 diversitas
830 2110 983 2164 tensionum
1010 2109 1044 2164 ad
1071 2119 1191 2180 systema
1214 2109 1345 2163 musicum
1372 2107 1548 2176 perlectum?
1601 2116 1609 2137 ⁸

194 2177 296 2233 Nonne
313 2177 354 2232 rel
374 2181 454 2237 unica
471 2184 561 2252 potuit
580 2201 640 2240 esse
653 2189 771 2243 omnium
784 2190 946 2246 chordarum
965 2190 1062 2260 tensio,
1081 2189 1199 2245 omnium
1212 2189 1317 2243 scilicet
1334 2187 1457 2256 ejusdem
1475 2204 1548 2243 cras·

195 2255 284 2323 sitici,
312 2258 354 2312 rel
372 2260 538 2332 singularum
556 2281 644 2333 aeque
661 2266 802 2334 longarum
822 2270 958 2325 tensiones
978 2268 1122 2337 singulae?
1156 2268 1231 2322 Bene
1249 2267 1333 2335 igitur
1349 2265 1446 2336 habet,
1474 2265 1547 2335 qnod

193 2352 229 2391 ex
250 2340 514 2474 r5b¹¹⁸¹⁶⁰m¹f³⁸lr⁸ti⁸
532 2343 618 2399 altera
636 2347 756 2417 qudem,
781 2363 815 2425 eu
833 2348 950 2419 musica,
968 2364 1042 2404 mere
1060 2354 1102 2402 est
1119 2345 1272 2416 arbitraria,
1292 2345 1393 2413 altera,
1410 2360 1446 2400 ex
1463 2353 1548 2401 astro·

192 2432 297 2488 nonnus,
315 2434 395 2487 pane
425 2436 491 2480 asa.

284 2513 358 2569 Nota
375 2516 448 2571 VIlI.
484 2518 536 2574 Hic
554 2520 741 2592 Ptolemaeus,
759 2521 832 2591 quod
851 2529 916 2578 nota
936 2527 960 2578 l.
979 2524 1014 2579 ad
1038 2529 1121 2593 caput
1141 2494 1180 2580 rt'.
1200 2522 1270 2593 dixi,
1293 2523 1423 2579 lectorem
1452 2522 1487 2578 ad
1516 2519 1547 2574 li·

195 2593 271 2647 urina
287 2595 467 2664 penetralium
486 2605 598 2654 naturae
616 2600 744 2671 adduxit,
770 2602 830 2671 ipse
848 2617 902 2657 nou
919 2603 1060 2674 ingressus
1078 2611 1129 2658 est.
1165 2604 1258 2658 Motus
1277 2608 1325 2660 aut
1342 2601 1549 2658 considerantur

195 2680 227 2726 ut
247 2672 403 2742 aequabiles
423 2683 450 2729 et
468 2675 508 2731 sic
526 2687 684 2748 competunt
701 2680 729 2734 in
747 2682 879 2752 sphaeras
897 2683 1048 2738 secundum
1063 2681 1262 2751 Ptolemaeum,
1282 2689 1344 2749 aut,
1362 2688 1394 2736 ut
1412 2686 1489 2749 sunt,
1508 2681 1548 2733 in-

86 2749 91 2765 '
195 2751 354 2820 aequabiles
372 2761 400 2807 et
418 2754 457 2808 sic
475 2762 633 2825 competunt
650 2758 678 2813 in
695 2760 790 2817 stellas
808 2763 882 2831 ipsas
900 2769 999 2816 motas.
1036 2760 1141 2829 Quodsi
1157 2758 1252 2815 stellae
1272 2758 1492 2826 considerantur,
1517 2762 1549 2811 ut

195 2844 246 2883 eae
263 2828 391 2887 uidentur
407 2832 588 2904 inaequaliter
605 2840 714 2905 moueri,
732 2848 807 2896 certe
819 2841 846 2894 id
864 2855 918 2895 non
937 2847 1041 2894 tanturn
1060 2839 1166 2897 ratione
1179 2838 1323 2894 eccentrici
1340 2838 1381 2901 fit,
1399 2837 1448 2893 sed
1467 2838 1547 2909 etiam

195 2916 224 2965 et
242 2910 329 2967 multo
357 2913 473 2968 maxime
500 2915 605 2970 ratione
632 2918 822 2988 epicyclorum.
859 2921 901 2975 lta
922 2920 950 2974 iu
973 2918 1141 2975 mucronis
1157 2916 1306 2972 Ptolemaei
1323 2915 1569 2987 inaequalitatum

194 2989 340 3044 ecceutricl
359 3000 486 3061 separata
509 2999 675 3065 comparatio
694 2999 770 3053 nulla
791 3006 883 3068 potest
900 2998 1005 3055 institui
1024 3013 1084 3051 crim
1103 2995 1268 3067 harmoniis,
1297 2995 1363 3066 quia
1379 2993 1468 3050 latent
1484 2993 1548 3049 illae

194 3067 315 3123 mineum
341 3079 504 3140 apparentes
526 3075 734 3146 inaequalitates
760 3078 788 3131 in
811 3078 853 3132 his
872 3076 1029 3146 majoribus.
1065 3076 1117 3130 Hic
1134 3075 1216 3144 igitur
1233 3090 1345 3129 necesse
1363 3073 1415 3130 init
1431 3072 1548 3130 deficere

195 3154 313 3202 conatus
332 3149 454 3216 egregios
472 3151 630 3221 Ptolemaei,
649 3156 804 3223 quaerentis
823 3157 911 3226 ipsum
930 3155 1076 3223 genuinum
1094 3153 1271 3223 archetypum
1290 3153 1474 3208 exornationis
1492 3168 1548 3205 mo·

194 3233 288 3296 tuum,
306 3243 391 3295 quare
409 3230 559 3301 perscripto
578 3232 755 3304 problemate,
783 3236 932 3306 desperans
951 3235 1069 3304 exitum,
1088 3250 1142 3304 qua
1158 3233 1202 3288 ria
1219 3233 1367 3302 inceperat,
1385 3247 1494 3287 manum
1514 3230 1548 3285 ds

195 3304 294 3359 tabula
311 3308 456 3364 sustulisse
473 3318 501 3365 et
519 3311 644 3366 lacunam
662 3313 806 3383 reliquisse
824 3315 939 3370 uidetur.

286 3383 517 3451 Quemadmodum
536 3405 599 3444 vero
617 3390 685 3446 alias
703 3393 731 3446 in
749 3394 914 3448 astronomia
939 3391 1055 3461 eclipses
1075 3390 1146 3447 Solis
1165 3396 1193 3444 et
1210 3390 1305 3444 Lunae
1324 3406 1376 3445 uon
1396 3398 1461 3446 suut
1478 3388 1549 3445 iuter

194 3463 270 3518 mala
286 3468 468 3534 reputandae,
486 3469 549 3539 quia
567 3469 656 3523 lumen
676 3470 739 3527 illae
756 3468 915 3541 praeferunt
932 3470 965 3524 ad
985 3469 1141 3526 discendam
1160 3470 1312 3526 doctrinam
1329 3476 1451 3526 motuum
1469 3484 1548 3541 prae·

196 3542 392 3599 stantissimam
418 3547 487 3617 (ride
512 3564 588 3603 meae
606 3548 667 3617 Opt.
687 3550 760 3605 Astr.
780 3550 901 3617 Partem,
920 3548 986 3604 folio
1004 3550 1020 3603 3
1040 3551 1099 3603 etl
1124 3548 1169 3619 [ΙΙ.
1192 3549 1285 3621 128.]),
1313 3548 1352 3603 sic
1369 3547 1451 3603 etiam
1470 3553 1547 3617 puto,

196 3619 289 3676 divina
306 3626 475 3692 providentia
493 3627 604 3697 iactum,
624 3637 655 3683 ut
672 3629 717 3685 hic
734 3629 793 3699 ipse
812 3630 934 3684 deiectus
952 3636 1045 3683 textus
1063 3626 1222 3683 Ptolemaici
1240 3626 1322 3682 luerit
1339 3625 1427 3692 utilis,
1445 3634 1477 3680 ut
1494 3624 1547 3679 lec·

195 3707 248 3768 tor,
267 3699 315 3754 ubi
333 3719 350 3756 a
368 3704 667 3773 scriptorestotemaeo
685 3708 833 3777 perductus
851 3709 936 3764 fuerit
952 3707 986 3762 ad
1000 3707 1091 3761 locum
1109 3708 1194 3762 totius
1206 3707 1340 3761 humanae
1358 3701 1549 3776 philosophiae

195 3778 393 3850 nobilissimum
411 3790 439 3837 et
457 3786 606 3854 majestatis
625 3787 730 3842 dirime
749 3803 863 3842 corusco
877 3786 981 3855 fulgore
993 3786 1178 3840 venerandum
1192 3786 1305 3856 jamque
1321 3785 1429 3839 inhians
1448 3790 1547 3852 myste-

196 3859 244 3914 riis
265 3861 370 3917 eminus
387 3863 593 3934 animadversis,
621 3883 638 3920 a
660 3866 729 3922 duce
752 3867 805 3923 hoc
828 3884 878 3924 suo
903 3873 1064 3922 contextum
1086 3864 1264 3935 abrumpents
1288 3864 1423 3932 etiamque
1440 3861 1469 3916 in
1486 3875 1547 3915 meo

196 3938 251 3993 hoc
268 3941 457 4010 supplemento
479 3944 568 4000 locum
594 3946 740 4014 genuinum
758 3946 838 4002 unico
856 3946 928 4003 saltn
947 3946 1162 4015 transmittente,
1185 3944 1269 3999 inerit
1286 3944 1446 3998 destitutus:
1469 3946 1547 3996 tanto

197 4019 372 4085 postmodum
390 4021 508 4092 aridius,
537 4025 609 4093 quod
629 4042 709 4095 spero
727 4026 865 4090 futurum,
892 4025 964 4082 sitim
982 4040 1059 4079 suam
1077 4025 1104 4080 in
1123 4024 1193 4079 reris
1210 4023 1293 4092 hujus
1310 4021 1469 4077 harmoniae
1486 4034 1548 4074 coe·

194 4097 276 4151 lestis
294 4100 459 4169 rationibus,
487 4120 564 4157 ame
581 4103 651 4160 libro
668 4106 701 4161 V.
727 4104 847 4175 traditis,
874 4104 998 4173 expleat,
1027 4102 1187 4173 vidensque,
1215 4110 1333 4158 veteram
1356 4098 1547 4156 astronomiam

197 4177 312 4232 haerere
329 4179 494 4251 perplexam,
513 4184 560 4238 ubi
573 4182 615 4238 vel
633 4186 749 4241 maxime
765 4185 922 4253 loquentem
938 4182 1050 4254 optabat
1067 4182 1170 4249 audire,
1189 4187 1266 4236 tanto
1278 4187 1306 4236 st
1318 4178 1439 4248 aequiori
1457 4177 1547 4234 animo

197 4255 349 4324 perlectam
367 4260 510 4330 Ceperuici
532 4264 696 4327 doctrinan.
723 4265 844 4335 quamuis
872 4274 962 4320 motus
981 4261 1097 4319 Telluris
1122 4261 1292 4318 absurditate
1318 4258 1454 4314 horridam
1471 4259 1546 4348 iuer·

197 4336 293 4407 pcrtis,
310 4337 339 4393 in
357 4340 513 4397 cathedram
531 4345 679 4400 ascendere
697 4347 817 4415 patiatur
835 4353 863 4401 et
880 4341 1071 4400 attentioribus
1094 4341 1207 4397 auribus
1225 4338 1260 4395 de
1277 4337 1423 4394 creationis
1440 4352 1547 4391 meanis

198 4412 382 4484 disputantem
401 4416 502 4478 audiat.
1508 4494 1514 4505 ¹

285 4495 371 4564 Igitur
388 4498 532 4557 eliminatis
559 4502 602 4557 his
619 4502 722 4559 fictitiis
747 4502 875 4573 epinyclis
894 4518 956 4557 cum
980 4501 1103 4557 omnibus
1122 4499 1269 4579 stationum
1287 4503 1316 4551 et
1332 4494 1545 4564 retrogradatio·

198 4587 264 4627 num
284 4576 492 4651 phantasmatis,
511 4582 598 4638 risum
616 4581 822 4655 decipientibus,
846 4588 874 4636 et
891 4580 1025 4636 restitutis
1042 4596 1108 4636 suae
1132 4576 1299 4648 simplicitati
1317 4574 1435 4655 mptrhus
1452 4573 1546 4665 plane·

197 4652 288 4707 iarum
305 4656 431 4725 propriis,
448 4667 480 4713 ut
497 4659 516 4714 ii
534 4668 723 4730 spectarentur
740 4678 774 4717 ex
787 4661 863 4718 Sole:
883 4661 905 4715 si
924 4661 963 4715 sio
981 4658 1164 4715 exscribamus
1175 4660 1266 4710 motus
1283 4652 1453 4725 planetarum
1472 4650 1546 4705 drur-

197 4745 248 4786 nos
273 4732 323 4788 sub
346 4735 471 4805 zodiaco,
495 4740 677 4796 uelocissimos
701 4741 729 4794 ia
754 4738 907 4809 periheliis,
932 4737 1100 4794 tardissimos
1125 4737 1153 4793 in
1172 4736 1287 4809 apheliis
1305 4734 1374 4801 suis,
1402 4732 1492 4789 statim
1511 4747 1546 4786 ex

197 4809 231 4867 iis
250 4823 364 4885 apparet
382 4831 467 4872 ncrns
486 4820 520 4874 ab
538 4818 643 4887 integro
661 4822 746 4876 totius
763 4819 932 4875 harmonices
951 4817 1017 4873 ordo
1035 4822 1064 4871 et
1080 4815 1283 4883 imitamentum,
1301 4829 1334 4871 ac
1351 4814 1375 4869 si
1392 4813 1472 4868 homo
1491 4827 1546 4866 uon

199 4906 234 4947 sx
252 4909 283 4949 se
299 4894 360 4965 ipso
378 4911 467 4970 exque
485 4897 615 4955 mstinctu
631 4899 748 4959 naturali
766 4897 906 4956 didicisset
922 4897 1060 4966 musicam,
1079 4893 1128 4953 sed
1144 4892 1327 4969 planaDeurn
1343 4892 1434 4968 ipsum
1452 4898 1481 4953 st
1498 4906 1545 4951 au·
