3882 5862
371 446 436 509 438
838 442 1007 514 appendicis
1024 442 1249 498 Harm'onicorum

370 622 474 696 Hanc,
509 624 568 695 ais,
601 622 787 683 invisibiliter
809 631 910 684 natare
941 620 1146 682 inclementis
1176 614 1209 682 et'
1229 624 1332 701 spiritu
1354 628 1450 683 aereo.
1494 620 1561 681 lion
1584 639 1648 680 sum
1670 638 1722 680 sa·

370 713 500 789 pientiae
524 710 610 785 illius,
634 718 667 768 ut
689 713 789 783 sciam,
813 710 884 788 quid
906 713 945 769 sit
966 717 1078 775 nature
1099 715 1133 769 ia
1149 715 1226 781 edre,
1250 710 1296 771 dic
1318 711 1415 785 sodes,
1439 728 1490 771 cur
1503 725 1562 768 non
1585 710 1627 768 ibi
1645 708 1723 767 lianc

371 800 473 857 volare
495 800 593 875 potius
617 796 735 857 dicam?
779 797 865 858 Hanc
893 800 980 857 etiam
1009 798 1054 856 ais
1083 797 1270 857 alterationes
1297 799 1409 872 lacere,
1444 804 1475 858 at
1500 815 1559 855 non
1583 796 1722 873 explicas,

372 903 422 945 cur
453 885 492 945 ad
521 888 730 962 praescriptum
760 894 931 963 aspectuum
963 885 1095 959 illorum,
1130 887 1181 962 qui
1210 891 1279 945 sunt
1308 889 1337 945 in
1360 886 1464 961 Terra,
1499 900 1556 943 non
1584 884 1723 963 explicas,

372 982 438 1033 cum
465 973 517 1032 illa
539 975 578 1032 sit
600 972 698 1032 mundi
722 974 836 1047 anima,
871 990 921 1032 cur
950 974 1039 1049 igitur
1061 975 1090 1030 in
1114 977 1180 1032 uiire
1202 976 1301 1048 potius
1323 976 1448 1034 terrestri
1481 970 1581 1031 sedem
1603 971 1722 1045 habeat,

371 1078 459 1137 quam
486 1060 534 1119 vel
558 1063 588 1117 ia
617 1068 680 1120 toto
703 1060 829 1134 mundo,
865 1059 911 1119 vel
934 1061 1038 1119 saitem
1060 1062 1090 1117 in
1113 1060 1208 1119 Sole?
1252 1060 1284 1119 Si
1313 1078 1426 1121 mecum
1456 1058 1503 1119 hio
1526 1062 1635 1132 sentis,
1658 1058 1723 1118 Ro-

372 1148 469 1221 berte,
502 1158 614 1207 utnon
638 1148 726 1209 aliam
750 1147 791 1206 illi
815 1147 915 1208 sedem
939 1147 1402 1231 deq-nonatiudveirteotam
1422 1143 1600 1226 proprium,
1633 1164 1724 1223 quam

371 1245 505 1294 naturam
528 1235 732 1308 sublunarem,
762 1234 913 1294 levissima
935 1239 990 1299 erit
1011 1236 1085 1294 inter
1108 1252 1161 1294 nos
1184 1235 1359 1295 denomino
1382 1238 1545 1317 contentio,
1576 1232 1724 1293 Terraene

373 1325 470 1399 potius
494 1339 530 1380 au
555 1321 657 1381 Mundi
681 1325 780 1381 anima
803 1321 990 1396 dicatur‚·et
1012 1322 1064 1381 ilia
1086 1323 1180 1382 altere
1202 1325 1277 1382 sitne
1300 1325 1329 1381 iu
1351 1322 1442 1382 Terra
1464 1325 1563 1399 potius
1586 1339 1624 1379 an
1647 1323 1725 1381 eirca

372 1408 493 1468 Terram
516 1413 657 1486 proxime.
701 1409 778 1470 Nam
800 1408 966 1487 exemplum
987 1409 1113 1469 hominis
1138 1410 1200 1486 jam
1222 1426 1281 1470 nou
1304 1411 1431 1486 amplius
1453 1398 1632 1486 applicabis,
1667 1409 1725 1467 nisi

372 1513 486 1555 mecum
510 1497 585 1556 velis
607 1493 802 1569 πλατωνιζειν.
847 1488 984 1556 Hominis
1008 1500 1084 1557 enim
1106 1500 1233 1557 animam
1255 1506 1348 1557 totam
1370 1500 1453 1556 aiunt
1475 1498 1583 1556 versari
1607 1499 1637 1554 iu
1658 1497 1724 1555 sin-

372 1584 449 1660 guiis
472 1585 619 1662 partibus,
652 1594 684 1644 tu
715 1583 815 1643 mundi
838 1588 965 1644 animam
988 1587 1017 1643 in
1040 1586 1096 1644 hoc
1117 1590 1184 1645 aere
1208 1587 1443 1645 circumtenestri
1470 1585 1513 1643 sic
1534 1587 1655 1657 statuis,
1692 1591 1726 1643 ut

373 1672 490 1751 proprio
514 1671 659 1731 vehiculo.
703 1671 756 1731 Sin
784 1681 883 1732 autem
905 1671 1091 1753 Platonicum
1114 1671 1320 1748 dogmatistam
1351 1672 1453 1748 aequis
1476 1672 1595 1731 auribus
1627 1671 1723 1744 audis,

374 1761 423 1835 qui
448 1762 577 1817 animam
599 1758 764 1818 radicaliter
787 1759 824 1817 ad
849 1774 936 1818 unam
959 1760 1054 1820 cordis
1077 1760 1177 1820 sedem
1199 1761 1381 1833 determinat,
1409 1762 1437 1818 in
1461 1761 1563 1818 ceteris
1586 1761 1724 1818 membris

370 1847 451 1906 illam
474 1845 577 1906 adesse
600 1846 670 1906 dicit
700 1864 751 1922 per
772 1848 818 1906 sui
841 1850 968 1931 speciem
992 1842 1042 1928 (ut
1063 1846 1181 1923 quidem
1213 1851 1320 1908 sentire
1344 1828 1465 1919 viderls,
1502 1847 1572 1905 dum
1595 1847 1723 1905 animam

370 1933 471 1993 mundi
503 1933 565 1993 Soli
595 1950 761 2010 comparas,
802 1937 930 1993 animam
961 1951 1030 1994 vero
1060 1930 1135 1994 ab'ris
1163 1933 1245 1994 radio
1269 1934 1376 2009 Solis),
1409 1948 1468 1993 non
1495 1933 1585 2009 digua
1608 1933 1725 1993 ridetur

371 2020 455 2081 sedes
487 2024 604 2099 propria
635 2025 751 2082 atrimae
773 2020 874 2080 mundi
897 2025 987 2081 totius
1020 2024 1125 2082 necin
1148 2026 1215 2082 aere
1242 2038 1296 2081 noc
1318 2025 1347 2081 iu
1370 2028 1461 2095 terra,
1495 2020 1574 2080 unde
1597 2020 1648 2080 iila
1671 2036 1725 2099 per

372 2110 499 2186 speciem
528 2112 574 2168 sui
604 2118 739 2168 excurrat
765 2125 858 2185 usque
888 2111 917 2166 iu
940 2108 1030 2184 lixas,
1061 2108 1176 2184 dignior
1207 2109 1338 2184 prolecto
1360 2108 1444 2168 sedes
1477 2109 1518 2167 illi
1541 2111 1665 2185 propria·
1693 2110 1722 2165 in

370 2195 456 2271 Sole,
489 2195 568 2272 quod
592 2213 647 2273 ego
671 2196 742 2256 mihi
765 2195 830 2254 libr.
854 2190 907 2255 IV.
930 2194 1109 2256 Harmoniae
1132 2196 1248 2273 placere
1272 2195 1331 2254 dixi
1362 2204 1451 2272 tuque
1475 2198 1538 2272 ipae
1562 2194 1723 2255 concedere

375 2283 499 2356 rideris,
531 2281 599 2341 duur
619 2282 724 2343 Mundi
747 2285 875 2343 animum
898 2282 976 2342 Solis
998 2285 1125 2342 animam
1148 2283 1287 2363 appellas.
1333 2284 1379 2341 An
1402 2287 1495 2358 magis
1521 2282 1649 2342 medicos
1673 2301 1724 2342 se·

371 2388 503 2448 quemur,
527 2372 578 2445 qui
600 2373 789 2448 quantumvis
812 2372 953 2431 unitatem
975 2373 1090 2430 animae
1114 2372 1143 2429 in
1168 2371 1284 2431 homine
1306 2369 1478 2448 defendant,
1502 2369 1633 2429 diversas
1656 2371 1724 2446 ejus

370 2454 524 2517 facultates
548 2467 712 2533 agnoscunt
734 2473 787 2534 pro
810 2457 979 2519 diversitate
1003 2459 1157 2533 viscerum,
1181 2454 1293 2531 cordis,
1311 2458 1434 2535 hepatis,
1460 2457 1578 2531 cerebri,
1602 2465 1632 2516 et
1651 2472 1724 2516 suas

371 2544 489 2622 quidem
511 2545 635 2620 singulis
659 2545 819 2605 visceribus
841 2554 1010 2622 praesentes
1032 2545 1195 2605 facultates.
1241 2544 1324 2605 Tune
1344 2564 1416 2605 sane
1440 2550 1527 2605 etiam
1550 2549 1578 2602 irr
1602 2542 1723 2618 mundo,

370 2640 403 2690 ut
425 2630 477 2691 Sol
500 2648 549 2691 cor
571 2631 718 2710 quoddam
742 2640 794 2708 est,
818 2634 861 2692 sic
882 2628 974 2693 Terra
995 2633 1109 2711 hepatis
1133 2635 1227 2693 vicem
1249 2635 1325 2710 gerit
1347 2641 1398 2692 aut
1413 2633 1506 2691 lienis.
1553 2632 1640 2691 Certa
1662 2634 1724 2708 igi-

370 2729 417 2778 tor
439 2721 493 2777 erit
513 2718 621 2781 Terrae
643 2719 769 2780 facultas
791 2719 892 2796 illique
915 2722 1019 2790 insita,
1050 2721 1185 2795 quamvis
1209 2719 1260 2780 illa
1282 2722 1475 2798 principatum
1499 2718 1584 2778 cedat
1606 2722 1723 2779 animae

371 2805 474 2867 mundi
503 2806 661 2871 universali
693 2808 779 2884 eique
806 2824 837 2867 se
865 2824 916 2886 per
944 2810 1084 2881 unitatem
1109 2810 1253 2867 essentiae
1285 2808 1453 2884 copulatam
1476 2808 1610 2866 fateatur.
1655 2804 1724 2866 Hoc

370 2896 397 2953 si
421 2896 478 2968 ris,
501 2890 639 2970 Roberte,
663 2894 782 2955 sublata
803 2896 897 2954 omnis
919 2893 956 2954 lis
980 2903 1038 2971 est3
1061 2893 1133 2953 mibi
1153 2895 1268 2969 suflicit,
1292 2896 1323 2953 in
1338 2894 1429 2954 Terra
1450 2903 1634 2970 praesentem
1657 2910 1724 2953 esse

369 2980 460 3041 talem
482 2981 612 3058 aliquam
635 2982 816 3056 facultatem,
840 3000 893 3043 seu
916 3000 952 3042 ea
963 2983 1109 3048 ‚informet
1131 2981 1260 3056 Terram,
1284 3001 1336 3043 seu
1361 2982 1513 3055 inhabitet,
1537 2982 1601 3040 slve
1621 2982 1665 3040 sui
1691 2998 1724 3040 se

367 3071 442 3147 juris
465 3086 530 3129 csse
553 3069 727 3143 contendat,
760 3072 824 3130 sive
846 3069 930 3130 alteri
953 3086 984 3128 se
1008 3070 1102 3148 ipsam
1124 3073 1286 3146 mancipet,
1319 3068 1475 3128 dummodo
1498 3069 1607 3129 Terrae
1633 3068 1723 3142 adsit,

371 3157 521 3229 humores,
546 3164 598 3216 aut
621 3164 653 3216 ut
675 3166 706 3215 tu
730 3159 776 3215 vis
799 3162 904 3231 adrem,
928 3159 959 3215 in
981 3165 1126 3235 potestate
1149 3152 1274 3232 habeat,
1300 3152 1496 3226 radiationes‚
1520 3165 1553 3215 ut
1575 3154 1643 3215 illae
1665 3156 1723 3216 sub

371 3244 458 3303 Luna
479 3251 548 3302 sunt
571 3252 774 3323 comparatae,
796 3246 948 3321 percipiat.

455 3330 570 3406 Pergis:
603 3335 741 3391 instinctu
773 3331 893 3391 coelesti
917 3333 1016 3390 varios
1049 3330 1183 3408 producit
1217 3330 1346 3391 effectus.
1391 3329 1465 3406 Quis
1498 3336 1543 3389 est
1573 3330 1624 3390 ilio
1647 3348 1719 3391 coe·

321 3482 327 3495 .
373 3417 456 3476 lestis
487 3420 657 3494 instinctus,
692 3420 744 3494 qui
773 3422 887 3478 animae
920 3418 1020 3477 muudi
1051 3421 1211 3495 praecipiat
1242 3419 1294 3477 aut
1324 3417 1484 3494 quidquam
1514 3417 1720 3494 praescribat?

370 3504 594 3583 Rempublicam
616 3508 696 3565 sistis
730 3505 768 3565 ob
792 3506 893 3565 oculos
926 3506 955 3564 iu
979 3505 1080 3565 mundi
1103 3523 1239 3582 corpore,
1263 3508 1292 3564 in
1316 3522 1376 3580 qua
1398 3512 1481 3565 certis
1506 3505 1723 3565 conditionibus

370 3595 492 3670 imperet
514 3594 626 3669 anima,
656 3593 725 3669 J'ura
746 3593 910 3669 majestatis
940 3592 1052 3657 habens
1076 3593 1172 3653 divisa
1203 3611 1268 3652 cum
1290 3594 1351 3652 suis
1377 3594 1553 3669 proceribus.
1599 3594 1640 3651 ‘At
1663 3610 1719 3669 ego

370 3681 409 3739 ob
431 3679 489 3738 hoc
511 3682 607 3758 ipsum
629 3698 687 3740 nou
711 3697 815 3740 censeo
839 3680 1035 3740 universalem
1057 3680 1137 3740 illam
1161 3680 1261 3739 mundi
1283 3682 1410 3739 animam
1434 3696 1513 3754 esse,
1545 3674 1628 3767 quae,
1645 3687 1723 3739 tem-

370 3775 499 3845 pestates
522 3770 589 3847 ciet,
612 3770 681 3844 quia
704 3768 876 3846 praescribit
898 3769 925 3827 ei
948 3777 1085 3844 aspectus
1109 3767 1234 3844 quilibet
1255 3767 1448 3844 planetarum,
1473 3776 1505 3826 ut
1526 3768 1722 3828 membrorum

370 3853 511 3913 mundani
542 3859 686 3934 corporis;
720 3855 798 3915 hunc
829 3857 904 3916 enim
935 3854 1030 3913 solum
1060 3857 1227 3915 instinctum
1259 3854 1416 3915 coelestem
1441 3859 1518 3927 seio,
1546 3856 1603 3931 'qui
1626 3863 1671 3914 est
1705 3872 1724 3913 a

371 3942 609 4002 radiationibus„
642 3943 747 4003 Varios
771 3949 867 4004 autem
890 3942 1009 4001 effectus
1032 3941 1101 4001 dum
1123 3943 1167 4001 ais
1191 3945 1317 4001 animam
1338 3941 1438 4000 mundi
1462 3940 1630 4017 producere,
1653 3958 1724 4019 pro·

371 4032 437 4106 pius
459 4029 498 4088 ad
521 4031 685 4107 astrologos
708 4030 839 4103 inclinas,
864 4047 952 4106 quam
975 4029 1013 4088 ad
1038 4029 1239 4107 philosophos.
1284 4028 1366 4095 Nam,
1385 4029 1525 4105 astrologi
1549 4033 1723 4089 varietatem

371 4116 447 4176 hanc
470 4135 544 4195 pene
568 4119 605 4177 ud
628 4117 791 4195 singularia
809 4115 984 4190 extendunt,
1008 4115 1176 4195 philosophi
1199 4134 1314 4178 omnem
1336 4115 1417 4176 illam
1441 4117 1496 4175 sub
1521 4133 1610 4175 unum
1631 4134 1723 4193 genus

373 4207 577 4264 commotionis
600 4206 781 4265 contrahunt

459 4290 623 4352 Materiam
644 4280 853 4353 meteororum*
868 4293 915 4352 uel
935 4309 1082 4367 vaporem
1104 4309 1162 4351 carc
1184 4291 1230 4352 uel
1250 4294 1392 4366 spiritum
1418 4294 1529 4349 ducum
1551 4298 1579 4350 et
1600 4295 1724 4368 ipnerm

372 4386 400 4438 et
422 4386 588 4456 uirumque
610 4400 646 4442 ea
668 4389 752 4440 terra
776 4380 927 4453 calidiore,
952 4394 1069 4458 prorsus
1093 4397 1193 4455 negas.
1239 4377 1355 4454 Quanto
1371 4396 1417 4438 me
1439 4386 1520 4436 metu
1535 4378 1722 4456 perculisses,

373 4468 397 4525 si
422 4483 478 4541 ego
502 4466 582 4525 solus
605 4470 647 4527 ita
668 4476 837 4542 statuerem,
861 4469 968 4526 sinon
993 4468 1181 4528 Aristotelem
1205 4465 1307 4524 ducem
1330 4482 1479 4542 sequerer.
1535 4464 1573 4524 Et
1598 4467 1667 4543 quid
1691 4476 1722 4525 tu

374 4560 474 4612 contra
496 4554 672 4614 substituis?
717 4550 871 4614 Materiam
895 4555 970 4614 banc
992 4557 1036 4614 ais
1061 4571 1124 4615 esse
1147 4557 1176 4613 in
1199 4552 1396 4614 occultissimo
1422 4552 1631 4612 elementorum
1653 4572 1721 4629 gre-

372 4642 441 4699 mio.
488 4640 554 4700 Non
578 4650 622 4701 est
645 4640 788 4702 occultius
811 4640 1019 4701 elomentorum
1042 4644 1183 4718 gremium
1206 4641 1366 4701 visceribus
1383 4640 1500 4713 Terrae,
1524 4639 1606 4699 velut
1628 4652 1721 4701 utero.

374 4725 602 4787 Thesaurarium
641 4728 772 4787 divinum
796 4738 911 4788 montes
944 4735 1027 4801 sunt,
1059 4729 1109 4787 ubi
1141 4738 1485 4805 aurum·argentumquo
1509 4730 1553 4787 ais
1581 4746 1722 4805 apparere

376 4813 554 4891 quandoque
589 4815 742 4875 visibiliter
771 4817 803 4883 iu
833 4818 908 4877 aire.
953 4814 1034 4874 Nihil
1057 4814 1145 4890 dicis,
1180 4821 1249 4893 quia
1283 4817 1416 4893 exemplo
1444 4833 1503 4876 non
1526 4817 1625 4875 uteris.
1669 4816 1722 4875 In-

375 4895 615 4983 dignatusest,
647 4900 788 4981 Robcrtc,
820 4918 867 4964 me
894 4902 948 4965 tibi
974 4902 1151 4984 respondere
1180 4902 1254 4965 nihil
1282 4904 1433 4984 probanti,
1466 4902 1540 4963 nihil
1563 4901 1723 4968 destruenti
