3792 5860
567 452 747 511 Hamomen.
780 453 864 513 iiber
879 454 929 513 111.
951 456 1040 526 Caput
1056 456 1089 513 V.
1443 467 1503 529 lul

147 640 267 708 nemos,
289 642 350 694 um
375 629 457 716 ⁷⁵40,
478 651 569 712 quam
593 629 665 716 ’‘il„
686 634 873 697 maanaim
897 630 934 717 ll,
957 633 1190 712 mmshssiitur.
1237 636 1336 715 Quare
1361 658 1426 703 oum
1448 658 1504 703 us-

148 730 215 782 tura
236 738 291 780 nos
314 721 445 783 docuerit
467 730 606 801 coaptare
629 721 683 781 hos
704 738 851 795 numeros,
877 723 915 782 ob
937 725 1100 783 sectionem
1120 724 1220 789 ausui
1243 743 1296 803 per
1316 727 1427 805 mas
1448 729 1505 789 du*

148 808 372 883 monstrabiles,
402 816 509 868 natura
530 812 618 885 igitur
641 806 699 867 dno
729 809 885 869 intervalia
907 812 1105 886 sesquitertia,
1137 814 1206 872 certi
1229 816 1303 875 situs
1334 818 1409 876 inter
1431 815 1504 875 dnos

148 897 288 957 terminos
323 898 520 974 proportionis
548 895 672 974 duplae,
700 904 767 955 actu
792 897 857 973 ipso
889 898 1051 957 sectionum
1081 896 1182 957 divisit
1210 902 1240 958 in
1269 903 1326 961 tria
1350 903 1505 964 intervalia
1566 916 1568 925 ·

147 984 292 1062 perlecta,
324 986 482 1058 mannus,
510 993 611 1044 tonum
638 983 794 1059 majorem,
825 993 926 1043 tonum
949 987 1091 1046 minorem
1118 996 1148 1045 et
1169 989 1364 1049 semitonium.
1411 990 1504 1070 Atqui

147 1073 235 1131 trium
268 1071 491 1132 intervallorum
519 1074 724 1148 contiguorum
755 1080 870 1149 oportet
898 1088 963 1134 esse
993 1073 1076 1133 locos
1106 1090 1160 1139 seu
1182 1091 1272 1135 voces
1301 1093 1355 1138 seu
1379 1077 1503 1139 chordas

147 1168 283 1236 quatuor.
328 1158 406 1219 Hinc
434 1161 523 1236 igitur
552 1155 738 1228 intervallum
760 1161 977 1236 sesquitertium
1005 1161 1062 1220 dici
1091 1163 1190 1239 coepit
1218 1171 1337 1240 quarta,
1360 1165 1501 1226 subaudi:

147 1254 253 1322 quarta
275 1262 335 1306 vox
358 1249 492 1324 aprima
514 1264 566 1306 sen
590 1248 739 1322 superiore
761 1264 815 1306 sen
838 1248 980 1308 inferiore.
1025 1247 1137 1308 Eadem
1159 1249 1196 1310 de
1211 1268 1301 1311 eausa
1317 1251 1424 1313 Graeci
1447 1272 1504 1331 ap

145 1333 260 1411 pellant
281 1332 339 1393 hoe
361 1332 549 1395 intervallum
571 1339 619 1396 δια
641 1354 811 1412 rsccupus,
841 1334 921 1410 qnod
950 1333 1050 1394 latinis
1078 1338 1166 1396 etiam
1189 1336 1280 1399 literis
1303 1343 1501 1416 exprimimus,

147 1423 258 1481 usitato
280 1421 369 1482 modo
392 1422 563 1481 sciribentes
586 1419 778 1482 diatessaron.
1260 1470 1262 1475 .

234 1508 374 1585 Sequitur
397 1511 494 1586 igitur,
517 1516 551 1567 ut
569 1512 640 1586 qnia
653 1507 839 1567 intervallum
861 1509 1087 1585 sesquialterum
1108 1510 1281 1588 superaddit
1294 1520 1398 1575 tontnn
1412 1531 1503 1575 unum

146 1595 311 1671 perlectum
341 1598 465 1674 (quippe
494 1593 658 1656 differentia
687 1597 762 1656 inter
791 1592 832 1676 ll,
861 1604 891 1655 et
914 1592 956 1679 is,
985 1598 1040 1655 luit
1061 1592 1131 1680 Ἃ),
1154 1616 1190 1658 ex
1212 1598 1270 1660 lroc
1297 1603 1362 1679 ipse
1391 1601 1504 1663 dicatur

146 1685 259 1760 quinis,
282 1701 352 1757 seo,
377 1700 503 1760 graecae
523 1684 776 1760 pronunciationis
798 1684 969 1758 imitatione,
993 1682 1148 1762 diapente3
1171 1703 1230 1747 nos
1248 1688 1396 1765 suurn,
1419 1689 1500 1767 qood

146 1778 215 1831 amn
237 1774 303 1848 ipso
326 1774 358 1829 in
379 1770 502 1835 totidem
525 1773 667 1833 concinna
689 1769 784 1831 divisa
814 1788 874 1830 non
894 1783 963 1830 sont
992 1789 1044 1848 per
1073 1777 1220 1835 semiesas
1242 1784 1356 1836 nosnos
1382 1764 1502 1837 inarmo-

146 1860 229 1919 uicas
253 1858 408 1920 intervalla
431 1858 637 1935 sesquialtera,
671 1874 765 1934 eaqne
788 1856 825 1917 de
847 1874 938 1919 esum
959 1876 1096 1921 numerus
1119 1878 1194 1923 uuus
1217 1862 1257 1923 ad
1277 1863 1355 1925 hauc
1376 1863 1502 1925 divisio·

145 1962 213 2009 nem
235 1946 398 2023 plenariam
418 1949 600 2009 necesmius
622 1944 720 2007 adhue
741 1946 828 2005 nobis
850 1945 941 2020 desit,
964 1964 1051 2023 qoem
1074 1949 1315 2012 instantiam
1330 1953 1395 2028 ipss
1418 1969 1515 2030 ores·⁸

146 2044 192 2093 tor
214 2035 247 2091 in
269 2033 454 2111 planetarum
475 2035 605 2094 motibus
627 2034 785 2110 expressit,
809 2041 843 2093 ut
863 2033 939 2094 libro
963 2037 1066 2110 quinto
1088 2035 1253 2099 audiemus.
1516 2084 1518 2088 s

231 2121 340 2197 Porro,
372 2123 442 2198 qnia
470 2125 512 2180 sic
541 2124 629 2182 etiam
660 2130 719 2180 tam
748 2118 789 2201 ll,
819 2138 908 2194 qnam
931 2118 970 2203 ³l,
1000 2123 1198 2199 superaddunt
1226 2125 1435 2203 sesquidterse
1458 2123 1499 2209 ἢ,
1545 2130 1550 2139 ’

145 2225 237 2268 unum
260 2227 297 2269 ex
313 2209 379 2285 jam
401 2207 487 2269 dictis
509 2206 669 2281 elementis,
693 2207 764 2267 illud
780 2207 897 2283 quidem
910 2211 1098 2269 semitonium
1119 2206 1201 2293 wlff,
1224 2211 1280 2273 hoc
1304 2231 1374 2274 vero
1398 2223 1499 2275 tonum

144 2298 287 2357 minorem
309 2290 377 2379 ⁹11„
400 2314 437 2357 ex
458 2296 516 2357 hoc
538 2296 723 2374 appellantur
745 2302 863 2371 smus,
886 2293 959 2355 iliud
982 2296 1101 2373 quidem
1123 2299 1230 2375 major,
1253 2299 1310 2360 hoc
1331 2303 1434 2362 minor.
1508 2338 1512 2349 ·

389 2454 537 2531 Dispenie
768 2454 959 2517 Diatessaron
1095 2510 1098 2518 Α
1214 2455 1332 2518 Diahex

513 2567 707 2576 ———--
716 2566 854 2575 -—-
1128 2560 1497 2594 ————-—·--3

151 2565 1501 2720 {ssssfflffijssnnnefifffflgqffi

234 3054 383 3130 Vicissim,
407 3058 477 3133 qnia
506 3063 566 3115 tam
589 3051 628 3137 ⁴),
651 3073 738 3132 quam
761 3049 804 3137 ⁶!ss
826 3054 946 3115 demunt
976 3052 1012 3114 (le
1041 3054 1227 3130 sesquitertia
1258 3072 1347 3115 unum
1376 3074 1413 3119 ex
1435 3056 1502 3132 jam

147 3144 232 3206 dictis
266 3143 435 3219 elementis,
470 3143 544 3203 iliud
576 3142 694 3219 quidem
731 3145 916 3202 semitonium
953 3136 1037 3225 ¹³71„
1072 3140 1128 3201 huc
1165 3158 1235 3201 vero
1269 3150 1372 3207 tonum
1401 3146 1499 3207 mino-

146 3250 206 3293 rem
230 3225 301 3317 ’sm
324 3238 358 3291 ut
380 3239 528 3292 ostensum
558 3238 603 3289 est
626 3232 721 3309 capite
744 3228 946 3307 praecedeuti,
974 3224 1092 3289 restant
1108 3230 1197 3307 igitur
1224 3230 1260 3288 iis
1287 3230 1357 3290 bina
1385 3232 1498 3295 solnm·

146 3319 235 3379 modo
258 3337 295 3380 ex
317 3318 468 3379 elementis
492 3316 655 3391 concinnis,
687 3317 730 3376 iili
754 3317 872 3394 qnidam
894 3317 972 3389 toni,
1002 3316 1096 3393 major
1126 3325 1157 3397 et
1180 3318 1291 3393 minor,
1319 3317 1387 3379 huie
1409 3328 1496 3380 tonus

146 3408 241 3484 major
263 3414 293 3467 et
307 3396 502 3467 semitonium.
547 3404 592 3464 Ex
611 3404 669 3463 hoe
693 3405 813 3481 qnidam
836 3402 992 3465 intervalla
1014 3403 1088 3463 haec
1116 3404 1268 3481 appellant
1291 3424 1363 3469 soce
1390 3398 1497 3484 praeca

147 3493 273 3569 ditonos,
302 3495 443 3571 majorem
471 3499 502 3553 ei
526 3494 668 3551 minorem
694 3493 741 3553 vel
770 3493 994 3565 semiditonum,
1029 3492 1157 3573 eumque
1174 3483 1238 3552 ‹ino'
1262 3492 1416 3554 intervalla
1438 3503 1497 3555 tres

146 3585 295 3658 requirant
317 3585 455 3642 terminos
477 3598 529 3641 sen
552 3596 651 3651 uoces,
675 3579 741 3640 ideo
765 3579 899 3639 dicuntur
922 3583 1039 3656 tertiae,
1066 3579 1161 3656 major
1182 3588 1212 3640 et
1233 3583 1335 3643 minor.
1381 3578 1420 3642 Bt
1441 3580 1498 3642 ho·

145 3687 209 3729 rum
232 3670 452 3729 intervallorum
477 3685 529 3746 per
558 3670 702 3727 sectiones
730 3667 856 3728 chordae
883 3667 1031 3727 naturales
1060 3670 1282 3727 constitutorum
1305 3674 1402 3729 cetera
1430 3672 1498 3746 qui·

146 3756 212 3817 ciem
236 3765 304 3819 actu
326 3759 370 3818 sio
393 3756 489 3817 diviso
511 3763 598 3834 sunt,
620 3764 651 3815 at
674 3772 840 3833 supremum
862 3762 893 3815 et
913 3757 1004 3815 imum
1018 3762 1085 3816 actu
1109 3752 1235 3817 divisum
1253 3763 1298 3816 est
1319 3754 1497 3836 nondum.*)

379 3911 393 3944 4
556 3907 569 3942 ir
1068 3908 1082 3943 5
1210 3907 1223 3942 0

998 3955 1495 3967 -ῌῄη-*ι

144 3946 1476 4111 ffQnrefflL-C—Ts‘TJ-{ssfflffinuffiffisst

145 4033 707 4160 :jz-i-T-ssffl
751 4067 784 4074 “
806 4089 852 4123 rue
922 4053 1350 4122 ‘s--s--s-m-iw
1428 4088 1474 4123 rso

229 4235 356 4295 Etcum
384 4234 571 4295 harmonicae
595 4231 632 4315 as,
655 4244 685 4295 et
707 4230 746 4317 ⁴1,
759 4237 828 4294 sint
849 4252 885 4294 ex
906 4243 1090 4312 pentagono,
1120 4233 1205 4310 cnjus
1235 4232 1314 4293 latos
1336 4233 1493 4310 mutire,

143 4322 195 4383 sed
218 4332 249 4384 et
269 4318 310 4403 Ὗς
330 4330 361 4384 et
382 4318 421 4403 ⁵),
443 4325 585 4384 misceant
607 4322 721 4398 aliquid
742 4320 780 4382 de
800 4330 906 4382 natura
927 4323 1100 4399 pentagoni,
1122 4319 1238 4381 irincflt
1259 4328 1293 4380 ni
1315 4320 1385 4398 biga
1414 4331 1495 4381 noa·

144 4428 201 4487 que
225 4411 264 4471 sit
286 4404 509 4487 imperfectioris
530 4411 754 4484 consonantiae,
778 4426 869 4486 quae,
893 4426 953 4486 quo
976 4411 1138 4482 miserest,
1160 4408 1218 4468 hoo
1232 4406 1347 4469 mollier
1362 4419 1392 4469 et
1406 4409 1495 4469 sin·

142 4498 207 4559 dior
235 4500 356 4561 auribus
379 4498 499 4572 aeeidit;
528 4500 623 4558 minor
651 4513 722 4557 rere
744 4505 790 4557 est
811 4499 840 4555 in
863 4492 906 4581 ⁶),
928 4504 958 4557 et
979 4491 1032 4579 iss,
1061 4497 1133 4573 qnia
1160 4503 1255 4556 toturn
1275 4495 1418 4558 circulum
1445 4495 1494 4557 vsi

141 4585 237 4663 ligura
265 4588 430 4665 perfectiori
458 4584 495 4666 (s.
525 4585 695 4675 hexagona,
731 4585 815 4661 enjus
841 4583 920 4644 laius
946 4592 992 4645 est
1022 4582 1138 4644 effabile
1166 4581 1362 4659 louginrdinei
1388 4583 1436 4642 rei
1465 4585 1496 4643 ia

141 4684 239 4750 partes
261 4674 462 4752 proportionis
483 4676 621 4734 continue
643 4670 750 4750 duplae
771 4672 859 4753 (quae
882 4671 1011 4733 ioannes
1026 4667 1082 4750 est)
1104 4688 1145 4732 sc.
1168 4673 1231 4730 ini
1254 4672 1320 4731 eti
1343 4670 1495 4748 dividunt,

217 4902 245 4949 θ)
259 4900 378 4944 Galilaeae
393 4899 463 4940 tironi
477 4908 534 4941 veae
547 4880 659 4940 nitiurarl
674 4897 843 4949 rintneaninn
856 4896 919 4937 silari
933 4896 1046 4947 quippiam
1059 4903 1087 4937 ex
1102 4895 1222 4938 veranius
1233 4894 1331 4947 musice,
1346 4894 1406 4946 queri
1419 4892 1495 4937 niffen

141 4957 244 5006 stertis,
260 4955 346 5006 malms
360 4956 510 5013 eonwaaute,
535 4951 592 4993 Viris
605 4962 655 5003 esp.
670 4950 701 4994 i‘L
