<?xml version="1.0" encoding="UTF-8"?>
<!DOCTYPE html PUBLIC "-//W3C//DTD XHTML 1.0 Transitional//EN"
    "http://www.w3.org/TR/xhtml1/DTD/xhtml1-transitional.dtd">
<html xmlns="http://www.w3.org/1999/xhtml" xml:lang="en" lang="en">
 <head>
  <title>
</title>
<meta http-equiv="Content-Type" content="text/html;charset=utf-8" />
  <meta name='ocr-system' content='tesseract 3.04.00' />
  <meta name='ocr-capabilities' content='ocr_page ocr_carea ocr_par ocr_line ocrx_word'/>
</head>
<body>
  <div class='ocr_page' id='page_1' title='image "./joanniskepleria29frisgoog_0449.png"; bbox 0 0 3882 5862; ppageno 0'>
   <div class='ocr_carea' id='block_1_1' title="bbox 418 391 1291 464">
    <p class='ocr_par' dir='ltr' id='par_1_1' title="bbox 418 391 1291 464">
     <span class='ocr_line' id='line_1_1' title="bbox 418 391 1291 464; baseline -0.009 -7"><span class='ocrx_word' id='word_1_1' title='bbox 418 398 481 457; x_wconf 70' lang='lat'>428</span> <span class='ocrx_word' id='word_1_2' title='bbox 886 393 1051 464; x_wconf 73' lang='lat' dir='ltr'>appendicis</span> <span class='ocrx_word' id='word_1_3' title='bbox 1069 391 1291 449; x_wconf 84' lang='lat' dir='ltr'>Harmonicorum</span> 
     </span>
    </p>
   </div>
   <div class='ocr_carea' id='block_1_2' title="bbox 392 571 1830 4940">
    <p class='ocr_par' dir='ltr' id='par_1_2' title="bbox 392 571 1763 1614">
     <span class='ocr_line' id='line_1_2' title="bbox 416 571 1761 654; baseline 0.005 -21"><span class='ocrx_word' id='word_1_4' title='bbox 416 575 506 634; x_wconf 82' lang='lat' dir='ltr'>stium</span> <span class='ocrx_word' id='word_1_5' title='bbox 536 575 722 646; x_wconf 72' lang='lat' dir='ltr'>mamimus,</span> <span class='ocrx_word' id='word_1_6' title='bbox 752 571 803 632; x_wconf 86' lang='lat' dir='ltr'>sad</span> <span class='ocrx_word' id='word_1_7' title='bbox 823 579 1046 647; x_wconf 77' lang='lat' dir='ltr'><strong><em>comparantur</em></strong></span> <span class='ocrx_word' id='word_1_8' title='bbox 1064 573 1191 651; x_wconf 58' lang='lat' dir='ltr'>maroc.</span> <span class='ocrx_word' id='word_1_9' title='bbox 1235 575 1300 635; x_wconf 86' lang='lat' dir='ltr'>Non</span> <span class='ocrx_word' id='word_1_10' title='bbox 1323 584 1396 653; x_wconf 90' lang='lat' dir='ltr'>puto</span> <span class='ocrx_word' id='word_1_11' title='bbox 1418 593 1465 636; x_wconf 84' lang='lat' dir='ltr'>ute</span> <span class='ocrx_word' id='word_1_12' title='bbox 1489 573 1634 635; x_wconf 86' lang='lat' dir='ltr'>iacturum</span> <span class='ocrx_word' id='word_1_13' title='bbox 1657 592 1761 654; x_wconf 79' lang='lat' dir='ltr'>oporte</span> 
     </span>
     <span class='ocr_line' id='line_1_3' title="bbox 417 659 1761 746; baseline 0.004 -26"><span class='ocrx_word' id='word_1_14' title='bbox 417 663 557 746; x_wconf 82' lang='lat' dir='ltr'>pretium,</span> <span class='ocrx_word' id='word_1_15' title='bbox 590 663 615 720; x_wconf 91' lang='lat' dir='ltr'>si</span> <span class='ocrx_word' id='word_1_16' title='bbox 643 668 671 719; x_wconf 90' lang='lat' dir='ltr'>te</span> <span class='ocrx_word' id='word_1_17' title='bbox 693 659 828 720; x_wconf 88' lang='lat' dir='ltr'>adhorter</span> <span class='ocrx_word' id='word_1_18' title='bbox 855 659 1071 735; x_wconf 78' lang='lat' dir='ltr'>adlegandum</span> <span class='ocrx_word' id='word_1_19' title='bbox 1099 661 1206 721; x_wconf 89' lang='lat' dir='ltr'>librum</span> <span class='ocrx_word' id='word_1_20' title='bbox 1230 662 1414 741; x_wconf 82' lang='lat' dir='ltr'>diligentius,</span> <span class='ocrx_word' id='word_1_21' title='bbox 1447 665 1605 723; x_wconf 90' lang='lat' dir='ltr'>nonenim</span> <span class='ocrx_word' id='word_1_22' title='bbox 1636 666 1761 742; x_wconf 87' lang='lat' dir='ltr'>parebis,</span> 
     </span>
     <span class='ocr_line' id='line_1_4' title="bbox 419 747 1757 828; baseline 0.002 -20"><span class='ocrx_word' id='word_1_23' title='bbox 419 748 516 808; x_wconf 91' lang='lat' dir='ltr'>solum</span> <span class='ocrx_word' id='word_1_24' title='bbox 537 748 674 808; x_wconf 88' lang='lat' dir='ltr'>lectorem</span> <span class='ocrx_word' id='word_1_25' title='bbox 697 765 815 809; x_wconf 89' lang='lat' dir='ltr'>moneo:</span> <span class='ocrx_word' id='word_1_26' title='bbox 838 765 895 807; x_wconf 93' lang='lat' dir='ltr'>non</span> <span class='ocrx_word' id='word_1_27' title='bbox 919 747 992 824; x_wconf 85' lang='lat' dir='ltr'>legit</span> <span class='ocrx_word' id='word_1_28' title='bbox 1013 747 1168 822; x_wconf 88' lang='lat' dir='ltr'>Rohertus,</span> <span class='ocrx_word' id='word_1_29' title='bbox 1196 767 1254 809; x_wconf 94' lang='lat' dir='ltr'>non</span> <span class='ocrx_word' id='word_1_30' title='bbox 1279 753 1446 828; x_wconf 70' lang='lat' dir='ltr'>pensitavit,</span> <span class='ocrx_word' id='word_1_31' title='bbox 1468 757 1522 808; x_wconf 88' lang='lat' dir='ltr'>aut</span> <span class='ocrx_word' id='word_1_32' title='bbox 1543 752 1569 809; x_wconf 91' lang='lat' dir='ltr'>si</span> <span class='ocrx_word' id='word_1_33' title='bbox 1591 754 1757 827; x_wconf 73' lang='lat' dir='ltr'>pensitavit,</span> 
     </span>
     <span class='ocr_line' id='line_1_5' title="bbox 416 834 1761 917; baseline 0.004 -23"><span class='ocrx_word' id='word_1_34' title='bbox 416 834 493 895; x_wconf 90' lang='lat' dir='ltr'>ludit</span> <span class='ocrx_word' id='word_1_35' title='bbox 517 852 585 911; x_wconf 81' lang='lat' dir='ltr'>ergo</span> <span class='ocrx_word' id='word_1_36' title='bbox 609 843 659 895; x_wconf 90' lang='lat' dir='ltr'>aut</span> <span class='ocrx_word' id='word_1_37' title='bbox 682 834 843 895; x_wconf 80' lang='lat' dir='ltr'>cavillatur.</span> <span class='ocrx_word' id='word_1_38' title='bbox 887 835 921 892; x_wconf 92' lang='lat' dir='ltr'>In</span> <span class='ocrx_word' id='word_1_39' title='bbox 945 837 1134 912; x_wconf 86' lang='lat' dir='ltr'>praeambulo</span> <span class='ocrx_word' id='word_1_40' title='bbox 1164 836 1260 897; x_wconf 92' lang='lat' dir='ltr'>indico</span> <span class='ocrx_word' id='word_1_41' title='bbox 1290 855 1392 898; x_wconf 90' lang='lat' dir='ltr'>causas</span> <span class='ocrx_word' id='word_1_42' title='bbox 1415 839 1631 898; x_wconf 73' lang='lat' dir='ltr'><strong>harmoniarum</strong></span> <span class='ocrx_word' id='word_1_43' title='bbox 1658 847 1761 917; x_wconf 90' lang='lat' dir='ltr'>peten-</span> 
     </span>
     <span class='ocr_line' id='line_1_6' title="bbox 419 922 1762 1003; baseline 0.001 -20"><span class='ocrx_word' id='word_1_44' title='bbox 419 923 472 984; x_wconf 90' lang='lat' dir='ltr'>das</span> <span class='ocrx_word' id='word_1_45' title='bbox 496 940 531 982; x_wconf 85' lang='lat' dir='ltr'>ex</span> <span class='ocrx_word' id='word_1_46' title='bbox 554 925 722 999; x_wconf 79' lang='lat' dir='ltr'>geometria,</span> <span class='ocrx_word' id='word_1_47' title='bbox 746 941 782 983; x_wconf 87' lang='lat' dir='ltr'>ex</span> <span class='ocrx_word' id='word_1_48' title='bbox 804 922 950 981; x_wconf 85' lang='lat' dir='ltr'>divisione</span> <span class='ocrx_word' id='word_1_49' title='bbox 974 924 1085 998; x_wconf 88' lang='lat' dir='ltr'>circuli,</span> <span class='ocrx_word' id='word_1_50' title='bbox 1110 941 1186 1000; x_wconf 90' lang='lat' dir='ltr'>quae</span> <span class='ocrx_word' id='word_1_51' title='bbox 1208 925 1242 985; x_wconf 85' lang='lat' dir='ltr'>fit</span> <span class='ocrx_word' id='word_1_52' title='bbox 1264 944 1315 1002; x_wconf 89' lang='lat' dir='ltr'>per</span> <span class='ocrx_word' id='word_1_53' title='bbox 1336 927 1445 1003; x_wconf 81' lang='lat' dir='ltr'>figuras</span> <span class='ocrx_word' id='word_1_54' title='bbox 1467 924 1618 1002; x_wconf 78' lang='lat' dir='ltr'>regulares</span> <span class='ocrx_word' id='word_1_55' title='bbox 1640 926 1762 988; x_wconf 90' lang='lat' dir='ltr'>demon·</span> 
     </span>
     <span class='ocr_line' id='line_1_7' title="bbox 418 1009 1762 1090; baseline 0.004 -20"><span class='ocrx_word' id='word_1_56' title='bbox 418 1009 569 1081; x_wconf 87' lang='lat' dir='ltr'>strabiles,</span> <span class='ocrx_word' id='word_1_57' title='bbox 601 1009 675 1070; x_wconf 89' lang='lat' dir='ltr'>liber</span> <span class='ocrx_word' id='word_1_58' title='bbox 696 1013 759 1087; x_wconf 91' lang='lat' dir='ltr'>ipse</span> <span class='ocrx_word' id='word_1_59' title='bbox 781 1011 888 1086; x_wconf 79' lang='lat' dir='ltr'>figuras</span> <span class='ocrx_word' id='word_1_60' title='bbox 915 1009 1042 1069; x_wconf 83' lang='lat' dir='ltr'>exhibet.</span> <span class='ocrx_word' id='word_1_61' title='bbox 1086 1010 1223 1071; x_wconf 89' lang='lat' dir='ltr'>Nondum</span> <span class='ocrx_word' id='word_1_62' title='bbox 1254 1032 1325 1074; x_wconf 90' lang='lat' dir='ltr'>sane</span> <span class='ocrx_word' id='word_1_63' title='bbox 1355 1015 1464 1090; x_wconf 79' lang='lat' dir='ltr'>figurae</span> <span class='ocrx_word' id='word_1_64' title='bbox 1487 1020 1555 1072; x_wconf 87' lang='lat' dir='ltr'>snut</span> <span class='ocrx_word' id='word_1_65' title='bbox 1578 1012 1654 1074; x_wconf 89' lang='lat' dir='ltr'>idem</span> <span class='ocrx_word' id='word_1_66' title='bbox 1683 1015 1762 1090; x_wconf 88' lang='lat' dir='ltr'>quod</span> 
     </span>
     <span class='ocr_line' id='line_1_8' title="bbox 417 1094 1763 1179; baseline 0.004 -22"><span class='ocrx_word' id='word_1_67' title='bbox 417 1098 590 1169; x_wconf 73' lang='lat' dir='ltr'>humonia,</span> <span class='ocrx_word' id='word_1_68' title='bbox 614 1108 683 1156; x_wconf 89' lang='lat' dir='ltr'>sunt</span> <span class='ocrx_word' id='word_1_69' title='bbox 704 1105 801 1157; x_wconf 89' lang='lat' dir='ltr'>tamen</span> <span class='ocrx_word' id='word_1_70' title='bbox 825 1099 873 1156; x_wconf 88' lang='lat' dir='ltr'>ria</span> <span class='ocrx_word' id='word_1_71' title='bbox 895 1097 933 1156; x_wconf 91' lang='lat' dir='ltr'>ad</span> <span class='ocrx_word' id='word_1_72' title='bbox 957 1094 1047 1157; x_wconf 85' lang='lat' dir='ltr'>illam.</span> <span class='ocrx_word' id='word_1_73' title='bbox 1093 1097 1180 1173; x_wconf 86' lang='lat' dir='ltr'>Quid,</span> <span class='ocrx_word' id='word_1_74' title='bbox 1204 1101 1238 1159; x_wconf 86' lang='lat' dir='ltr'>si·</span> <span class='ocrx_word' id='word_1_75' title='bbox 1253 1102 1321 1160; x_wconf 91' lang='lat' dir='ltr'>dum</span> <span class='ocrx_word' id='word_1_76' title='bbox 1344 1118 1453 1179; x_wconf 88' lang='lat' dir='ltr'>sponsa</span> <span class='ocrx_word' id='word_1_77' title='bbox 1476 1103 1607 1175; x_wconf 89' lang='lat' dir='ltr'>comitur,</span> <span class='ocrx_word' id='word_1_78' title='bbox 1636 1102 1763 1162; x_wconf 89' lang='lat' dir='ltr'>nondum</span> 
     </span>
     <span class='ocr_line' id='line_1_9' title="bbox 392 1184 1763 1264; baseline 0.003 -18"><span class='ocrx_word' id='word_1_79' title='bbox 392 1192 486 1251; x_wconf 84' lang='lat' dir='ltr'>,sunt</span> <span class='ocrx_word' id='word_1_80' title='bbox 507 1188 636 1262; x_wconf 82' lang='lat' dir='ltr'>nuptiae,</span> <span class='ocrx_word' id='word_1_81' title='bbox 654 1184 732 1243; x_wconf 80' lang='lat' dir='ltr'>&#39;nibil</span> <span class='ocrx_word' id='word_1_82' title='bbox 755 1203 822 1262; x_wconf 81' lang='lat' dir='ltr'>ergo</span> <span class='ocrx_word' id='word_1_83' title='bbox 845 1201 953 1261; x_wconf 88' lang='lat' dir='ltr'>sponsa</span> <span class='ocrx_word' id='word_1_84' title='bbox 975 1186 1045 1245; x_wconf 84' lang='lat' dir='ltr'>tacit</span> <span class='ocrx_word' id='word_1_85' title='bbox 1067 1186 1104 1246; x_wconf 91' lang='lat' dir='ltr'>ad</span> <span class='ocrx_word' id='word_1_86' title='bbox 1127 1187 1266 1264; x_wconf 78' lang='lat' dir='ltr'>nuptias?</span> <span class='ocrx_word' id='word_1_87' title='bbox 1310 1189 1417 1248; x_wconf 83' lang='lat' dir='ltr'>Antei</span> <span class='ocrx_word' id='word_1_88' title='bbox 1447 1187 1520 1246; x_wconf 90' lang='lat' dir='ltr'>nihil</span> <span class='ocrx_word' id='word_1_89' title='bbox 1542 1191 1604 1263; x_wconf 76' lang='lat' dir='ltr'>agit</span> <span class='ocrx_word' id='word_1_90' title='bbox 1626 1189 1763 1250; x_wconf 82' lang='lat' dir='ltr'>Euclides</span> 
     </span>
     <span class='ocr_line' id='line_1_10' title="bbox 416 1271 1763 1353; baseline 0.003 -20"><span class='ocrx_word' id='word_1_91' title='bbox 416 1275 493 1333; x_wconf 91' lang='lat' dir='ltr'>libro</span> <span class='ocrx_word' id='word_1_92' title='bbox 517 1272 570 1331; x_wconf 89' lang='lat' dir='ltr'>IV.</span> <span class='ocrx_word' id='word_1_93' title='bbox 594 1272 630 1332; x_wconf 88' lang='lat' dir='ltr'>dc</span> <span class='ocrx_word' id='word_1_94' title='bbox 654 1273 821 1349; x_wconf 79' lang='lat' dir='ltr'>corporibus</span> <span class='ocrx_word' id='word_1_95' title='bbox 843 1271 959 1344; x_wconf 89' lang='lat' dir='ltr'>solidis,</span> <span class='ocrx_word' id='word_1_96' title='bbox 989 1274 1040 1333; x_wconf 91' lang='lat' dir='ltr'>sed</span> <span class='ocrx_word' id='word_1_97' title='bbox 1063 1273 1158 1333; x_wconf 88' lang='lat' dir='ltr'>solum</span> <span class='ocrx_word' id='word_1_98' title='bbox 1181 1274 1217 1334; x_wconf 92' lang='lat' dir='ltr'>de</span> <span class='ocrx_word' id='word_1_99' title='bbox 1239 1275 1339 1349; x_wconf 82' lang='lat' dir='ltr'>liguris</span> <span class='ocrx_word' id='word_1_100' title='bbox 1361 1276 1475 1352; x_wconf 79' lang='lat' dir='ltr'>planis,</span> <span class='ocrx_word' id='word_1_101' title='bbox 1507 1275 1579 1334; x_wconf 90' lang='lat' dir='ltr'>nibil</span> <span class='ocrx_word' id='word_1_102' title='bbox 1602 1293 1671 1353; x_wconf 78' lang='lat' dir='ltr'>ergo</span> <span class='ocrx_word' id='word_1_103' title='bbox 1693 1278 1763 1337; x_wconf 84' lang='lat' dir='ltr'>iacit</span> 
     </span>
     <span class='ocr_line' id='line_1_11' title="bbox 419 1359 1762 1438; baseline 0.002 -16"><span class='ocrx_word' id='word_1_104' title='bbox 419 1364 493 1422; x_wconf 89' lang='lat' dir='ltr'>liber</span> <span class='ocrx_word' id='word_1_105' title='bbox 515 1360 568 1418; x_wconf 92' lang='lat' dir='ltr'>IV.</span> <span class='ocrx_word' id='word_1_106' title='bbox 601 1360 639 1420; x_wconf 91' lang='lat' dir='ltr'>ad</span> <span class='ocrx_word' id='word_1_107' title='bbox 668 1359 825 1420; x_wconf 89' lang='lat' dir='ltr'>solidorum</span> <span class='ocrx_word' id='word_1_108' title='bbox 856 1362 986 1436; x_wconf 90' lang='lat' dir='ltr'>quinque</span> <span class='ocrx_word' id='word_1_109' title='bbox 1013 1362 1213 1420; x_wconf 79' lang='lat' dir='ltr'>formationem</span> <span class='ocrx_word' id='word_1_110' title='bbox 1241 1362 1316 1422; x_wconf 88' lang='lat' dir='ltr'>libro</span> <span class='ocrx_word' id='word_1_111' title='bbox 1346 1362 1434 1421; x_wconf 86' lang='lat' dir='ltr'>XIII.</span> <span class='ocrx_word' id='word_1_112' title='bbox 1468 1363 1660 1438; x_wconf 78' lang='lat' dir='ltr'>sequentem?</span> <span class='ocrx_word' id='word_1_113' title='bbox 1704 1363 1762 1425; x_wconf 85' lang='lat' dir='ltr'>Sed</span> 
     </span>
     <span class='ocr_line' id='line_1_12' title="bbox 418 1447 1763 1526; baseline 0.002 -17"><span class='ocrx_word' id='word_1_114' title='bbox 418 1448 516 1521; x_wconf 86' lang='lat' dir='ltr'>video,</span> <span class='ocrx_word' id='word_1_115' title='bbox 543 1447 613 1523; x_wconf 89' lang='lat' dir='ltr'>quid</span> <span class='ocrx_word' id='word_1_116' title='bbox 636 1447 779 1521; x_wconf 86' lang='lat' dir='ltr'>rdlueris,</span> <span class='ocrx_word' id='word_1_117' title='bbox 802 1447 942 1507; x_wconf 84' lang='lat' dir='ltr'>Robcrte:</span> <span class='ocrx_word' id='word_1_118' title='bbox 967 1449 994 1506; x_wconf 92' lang='lat' dir='ltr'>in</span> <span class='ocrx_word' id='word_1_119' title='bbox 1019 1450 1113 1507; x_wconf 90' lang='lat' dir='ltr'>sinum</span> <span class='ocrx_word' id='word_1_120' title='bbox 1136 1449 1263 1524; x_wconf 80' lang='lat' dir='ltr'>gaudes,</span> <span class='ocrx_word' id='word_1_121' title='bbox 1287 1450 1365 1526; x_wconf 92' lang='lat' dir='ltr'>quod</span> <span class='ocrx_word' id='word_1_122' title='bbox 1388 1467 1435 1509; x_wconf 91' lang='lat' dir='ltr'>rne</span> <span class='ocrx_word' id='word_1_123' title='bbox 1457 1453 1663 1526; x_wconf 89' lang='lat' dir='ltr'>commoveris,</span> <span class='ocrx_word' id='word_1_124' title='bbox 1686 1451 1763 1512; x_wconf 88' lang='lat' dir='ltr'>rides</span> 
     </span>
     <span class='ocr_line' id='line_1_13' title="bbox 419 1534 1447 1614; baseline 0.001 -18"><span class='ocrx_word' id='word_1_125' title='bbox 419 1537 617 1599; x_wconf 79' lang='lat' dir='ltr'>defensionem</span> <span class='ocrx_word' id='word_1_126' title='bbox 640 1553 699 1594; x_wconf 89' lang='lat' dir='ltr'>nnn</span> <span class='ocrx_word' id='word_1_127' title='bbox 720 1537 923 1595; x_wconf 88' lang='lat' dir='ltr'>necessariam.</span> <span class='ocrx_word' id='word_1_128' title='bbox 969 1534 1067 1610; x_wconf 89' lang='lat' dir='ltr'>Quare</span> <span class='ocrx_word' id='word_1_129' title='bbox 1089 1535 1162 1595; x_wconf 90' lang='lat' dir='ltr'>nibil</span> <span class='ocrx_word' id='word_1_130' title='bbox 1184 1535 1290 1596; x_wconf 88' lang='lat' dir='ltr'>addam</span> <span class='ocrx_word' id='word_1_131' title='bbox 1312 1538 1447 1614; x_wconf 89' lang='lat' dir='ltr'>amplius.</span> 
     </span>
    </p>

    <p class='ocr_par' dir='ltr' id='par_1_3' title="bbox 415 1623 1830 4321">
     <span class='ocr_line' id='line_1_14' title="bbox 507 1623 1763 1703; baseline 0.004 -23"><span class='ocrx_word' id='word_1_132' title='bbox 507 1624 595 1682; x_wconf 89' lang='lat' dir='ltr'>Libro</span> <span class='ocrx_word' id='word_1_133' title='bbox 618 1641 683 1683; x_wconf 91' lang='lat' dir='ltr'>meo</span> <span class='ocrx_word' id='word_1_134' title='bbox 705 1624 832 1683; x_wconf 93' lang='lat' dir='ltr'>secundo</span> <span class='ocrx_word' id='word_1_135' title='bbox 861 1623 964 1681; x_wconf 89' lang='lat' dir='ltr'>tribuis</span> <span class='ocrx_word' id='word_1_136' title='bbox 986 1624 1075 1696; x_wconf 90' lang='lat' dir='ltr'>mihi,</span> <span class='ocrx_word' id='word_1_137' title='bbox 1111 1623 1189 1699; x_wconf 92' lang='lat' dir='ltr'>quod</span> <span class='ocrx_word' id='word_1_138' title='bbox 1218 1625 1346 1695; x_wconf 82' lang='lat' dir='ltr'>credam,</span> <span class='ocrx_word' id='word_1_139' title='bbox 1378 1628 1407 1683; x_wconf 93' lang='lat' dir='ltr'>in</span> <span class='ocrx_word' id='word_1_140' title='bbox 1431 1626 1560 1700; x_wconf 90' lang='lat' dir='ltr'>quinque</span> <span class='ocrx_word' id='word_1_141' title='bbox 1593 1627 1763 1703; x_wconf 83' lang='lat' dir='ltr'>corporibus</span> 
     </span>
     <span class='ocr_line' id='line_1_15' title="bbox 418 1710 1762 1788; baseline 0.003 -19"><span class='ocrx_word' id='word_1_142' title='bbox 418 1710 600 1788; x_wconf 81' lang='lat' dir='ltr'>regularibus</span> <span class='ocrx_word' id='word_1_143' title='bbox 628 1714 785 1771; x_wconf 85' lang='lat' dir='ltr'>consistere</span> <span class='ocrx_word' id='word_1_144' title='bbox 816 1711 873 1768; x_wconf 85' lang='lat' dir='ltr'>vim</span> <span class='ocrx_word' id='word_1_145' title='bbox 902 1710 1073 1772; x_wconf 88' lang='lat' dir='ltr'>harmoniae</span> <span class='ocrx_word' id='word_1_146' title='bbox 1111 1711 1284 1772; x_wconf 88' lang='lat' dir='ltr'>mundanae.</span> <span class='ocrx_word' id='word_1_147' title='bbox 1336 1712 1462 1771; x_wconf 86' lang='lat' dir='ltr'>Rursum</span> <span class='ocrx_word' id='word_1_148' title='bbox 1497 1715 1627 1788; x_wconf 86' lang='lat' dir='ltr'>praepeti</span> <span class='ocrx_word' id='word_1_149' title='bbox 1658 1714 1762 1773; x_wconf 84' lang='lat' dir='ltr'>volatu</span> 
     </span>
     <span class='ocr_line' id='line_1_16' title="bbox 417 1797 1763 1875; baseline 0.003 -19"><span class='ocrx_word' id='word_1_150' title='bbox 417 1799 503 1858; x_wconf 91' lang='lat' dir='ltr'>turbo</span> <span class='ocrx_word' id='word_1_151' title='bbox 526 1801 694 1858; x_wconf 82' lang='lat' dir='ltr'>bunscnrrit</span> <span class='ocrx_word' id='word_1_152' title='bbox 717 1801 818 1875; x_wconf 79' lang='lat' dir='ltr'>igneus</span> <span class='ocrx_word' id='word_1_153' title='bbox 840 1800 949 1873; x_wconf 83' lang='lat' dir='ltr'>ingenii</span> <span class='ocrx_word' id='word_1_154' title='bbox 975 1801 1017 1857; x_wconf 92' lang='lat' dir='ltr'>tui</span> <span class='ocrx_word' id='word_1_155' title='bbox 1042 1797 1179 1870; x_wconf 87' lang='lat' dir='ltr'>volatilis,</span> <span class='ocrx_word' id='word_1_156' title='bbox 1204 1798 1282 1874; x_wconf 93' lang='lat' dir='ltr'>quod</span> <span class='ocrx_word' id='word_1_157' title='bbox 1305 1799 1394 1858; x_wconf 83' lang='lat' dir='ltr'>lixum</span> <span class='ocrx_word' id='word_1_158' title='bbox 1416 1799 1511 1859; x_wconf 86' lang='lat' dir='ltr'>iacere</span> <span class='ocrx_word' id='word_1_159' title='bbox 1530 1800 1617 1874; x_wconf 90' lang='lat' dir='ltr'>jubet</span> <span class='ocrx_word' id='word_1_160' title='bbox 1638 1799 1763 1861; x_wconf 85' lang='lat' dir='ltr'>Hermes</span> 
     </span>
     <span class='ocr_line' id='line_1_17' title="bbox 419 1881 1764 1962; baseline 0.003 -18"><span class='ocrx_word' id='word_1_161' title='bbox 419 1895 495 1945; x_wconf 90' lang='lat' dir='ltr'>tuus.</span> <span class='ocrx_word' id='word_1_162' title='bbox 538 1881 627 1945; x_wconf 85' lang='lat' dir='ltr'>Lihe&#39;r</span> <span class='ocrx_word' id='word_1_163' title='bbox 649 1903 730 1946; x_wconf 91' lang='lat' dir='ltr'>meus</span> <span class='ocrx_word' id='word_1_164' title='bbox 752 1885 896 1946; x_wconf 87' lang='lat' dir='ltr'>secundus</span> <span class='ocrx_word' id='word_1_165' title='bbox 920 1885 1016 1946; x_wconf 90' lang='lat' dir='ltr'>adhuc</span> <span class='ocrx_word' id='word_1_166' title='bbox 1039 1889 1067 1944; x_wconf 91' lang='lat' dir='ltr'>in</span> <span class='ocrx_word' id='word_1_167' title='bbox 1090 1887 1190 1961; x_wconf 83' lang='lat' dir='ltr'>figuris</span> <span class='ocrx_word' id='word_1_168' title='bbox 1213 1893 1361 1951; x_wconf 83' lang='lat' dir='ltr'>versatur,</span> <span class='ocrx_word' id='word_1_169' title='bbox 1385 1886 1558 1962; x_wconf 77' lang='lat' dir='ltr'>qu‘ae&#39;lihro</span> <span class='ocrx_word' id='word_1_170' title='bbox 1580 1889 1667 1947; x_wconf 90' lang='lat' dir='ltr'>tertio</span> <span class='ocrx_word' id='word_1_171' title='bbox 1690 1906 1764 1948; x_wconf 91' lang='lat' dir='ltr'>con·</span> 
     </span>
     <span class='ocr_line' id='line_1_18' title="bbox 418 1974 1763 2051; baseline 0 -18"><span class='ocrx_word' id='word_1_172' title='bbox 418 1976 539 2033; x_wconf 90' lang='lat' dir='ltr'>stitnent</span> <span class='ocrx_word' id='word_1_173' title='bbox 561 1974 796 2050; x_wconf 89' lang='lat' dir='ltr'>coaptabuntque</span> <span class='ocrx_word' id='word_1_174' title='bbox 818 1976 1037 2050; x_wconf 83' lang='lat' dir='ltr'>proportionum</span> <span class='ocrx_word' id='word_1_175' title='bbox 1060 1974 1291 2034; x_wconf 88' lang='lat' dir='ltr'>harmonicarum</span> <span class='ocrx_word' id='word_1_176' title='bbox 1311 1977 1456 2033; x_wconf 87' lang='lat' dir='ltr'>terminos.</span> <span class='ocrx_word' id='word_1_177' title='bbox 1504 1975 1641 2051; x_wconf 81' lang='lat' dir='ltr'>Agnosco</span> <span class='ocrx_word' id='word_1_178' title='bbox 1664 1983 1763 2035; x_wconf 78' lang='lat' dir='ltr'>mmen</span> 
     </span>
     <span class='ocr_line' id='line_1_19' title="bbox 418 2061 1763 2138; baseline 0 -17"><span class='ocrx_word' id='word_1_179' title='bbox 418 2062 514 2121; x_wconf 89' lang='lat' dir='ltr'>ideam</span> <span class='ocrx_word' id='word_1_180' title='bbox 538 2061 684 2138; x_wconf 91' lang='lat' dir='ltr'>quandam</span> <span class='ocrx_word' id='word_1_181' title='bbox 706 2062 919 2120; x_wconf 87' lang='lat' dir='ltr'>harmoniarum</span> <span class='ocrx_word' id='word_1_182' title='bbox 943 2062 1172 2135; x_wconf 87' lang='lat' dir='ltr'>mundanarum,</span> <span class='ocrx_word' id='word_1_183' title='bbox 1199 2065 1368 2138; x_wconf 84' lang='lat' dir='ltr'>praesertIm</span> <span class='ocrx_word' id='word_1_184' title='bbox 1391 2061 1604 2136; x_wconf 87' lang='lat' dir='ltr'>radiationurn,</span> <span class='ocrx_word' id='word_1_185' title='bbox 1637 2065 1665 2120; x_wconf 92' lang='lat' dir='ltr'>in</span> <span class='ocrx_word' id='word_1_186' title='bbox 1689 2080 1763 2122; x_wconf 92' lang='lat' dir='ltr'>con·</span> 
     </span>
     <span class='ocr_line' id='line_1_20' title="bbox 418 2148 1764 2226; baseline 0.002 -20"><span class='ocrx_word' id='word_1_187' title='bbox 418 2151 553 2226; x_wconf 73' lang='lat' dir='ltr'>pruentia</span> <span class='ocrx_word' id='word_1_188' title='bbox 580 2149 737 2224; x_wconf 80' lang='lat' dir='ltr'>figrrrarum</span> <span class='ocrx_word' id='word_1_189' title='bbox 766 2151 956 2224; x_wconf 86' lang='lat' dir='ltr'>geometrica,</span> <span class='ocrx_word' id='word_1_190' title='bbox 990 2149 1060 2209; x_wconf 92' lang='lat' dir='ltr'>dum</span> <span class='ocrx_word' id='word_1_191' title='bbox 1084 2148 1153 2209; x_wconf 90' lang='lat' dir='ltr'>illae</span> <span class='ocrx_word' id='word_1_192' title='bbox 1175 2149 1272 2209; x_wconf 89' lang='lat' dir='ltr'>adbuc</span> <span class='ocrx_word' id='word_1_193' title='bbox 1302 2151 1331 2207; x_wconf 93' lang='lat' dir='ltr'>in</span> <span class='ocrx_word' id='word_1_194' title='bbox 1355 2150 1502 2209; x_wconf 91' lang='lat' dir='ltr'>abstracto</span> <span class='ocrx_word' id='word_1_195' title='bbox 1533 2148 1764 2211; x_wconf 88' lang='lat' dir='ltr'>considerantur.</span> 
     </span>
     <span class='ocr_line' id='line_1_21' title="bbox 421 2232 1765 2315; baseline 0.002 -21"><span class='ocrx_word' id='word_1_196' title='bbox 421 2238 464 2295; x_wconf 81' lang='lat' dir='ltr'>Fur</span> <span class='ocrx_word' id='word_1_197' title='bbox 487 2237 760 2313; x_wconf 79' lang='lat' dir='ltr'>huccongruentia,</span> <span class='ocrx_word' id='word_1_198' title='bbox 785 2254 860 2311; x_wconf 86' lang='lat' dir='ltr'>quae</span> <span class='ocrx_word' id='word_1_199' title='bbox 884 2235 1005 2298; x_wconf 87' lang='lat' dir='ltr'>Graecis</span> <span class='ocrx_word' id='word_1_200' title='bbox 1028 2244 1072 2296; x_wconf 91' lang='lat' dir='ltr'>est</span> <span class='ocrx_word' id='word_1_201' title='bbox 1095 2232 1230 2315; x_wconf 79' lang='grc' dir='ltr'><strong><em>ἁρμοσις,</em></strong></span> <span class='ocrx_word' id='word_1_202' title='bbox 1254 2239 1347 2314; x_wconf 90' lang='lat' dir='ltr'>prima</span> <span class='ocrx_word' id='word_1_203' title='bbox 1360 2239 1468 2313; x_wconf 89' lang='lat' dir='ltr'>petitur</span> <span class='ocrx_word' id='word_1_204' title='bbox 1491 2240 1574 2313; x_wconf 76' lang='lat' dir='ltr'>origo</span> <span class='ocrx_word' id='word_1_205' title='bbox 1598 2241 1678 2297; x_wconf 86' lang='lat' dir='ltr'>vocis</span> <span class='ocrx_word' id='word_1_206' title='bbox 1693 2238 1765 2297; x_wconf 91' lang='lat' dir='ltr'>har·</span> 
     </span>
     <span class='ocr_line' id='line_1_22' title="bbox 418 2322 1765 2401; baseline 0 -18"><span class='ocrx_word' id='word_1_207' title='bbox 418 2328 524 2383; x_wconf 87' lang='lat' dir='ltr'>monta.</span> <span class='ocrx_word' id='word_1_208' title='bbox 570 2322 678 2383; x_wconf 91' lang='lat' dir='ltr'>Verum</span> <span class='ocrx_word' id='word_1_209' title='bbox 701 2324 748 2381; x_wconf 92' lang='lat' dir='ltr'>hic</span> <span class='ocrx_word' id='word_1_210' title='bbox 771 2340 872 2382; x_wconf 88' lang='lat' dir='ltr'>sensus</span> <span class='ocrx_word' id='word_1_211' title='bbox 895 2325 977 2383; x_wconf 85' lang='lat' dir='ltr'>vocis</span> <span class='ocrx_word' id='word_1_212' title='bbox 1001 2323 1096 2385; x_wconf 89' lang='lat' dir='ltr'>adhuc</span> <span class='ocrx_word' id='word_1_213' title='bbox 1119 2324 1281 2400; x_wconf 76' lang='lat' dir='ltr'>generalior</span> <span class='ocrx_word' id='word_1_214' title='bbox 1304 2331 1360 2396; x_wconf 89' lang='lat' dir='ltr'>est,</span> <span class='ocrx_word' id='word_1_215' title='bbox 1386 2342 1473 2400; x_wconf 89' lang='lat' dir='ltr'>quam</span> <span class='ocrx_word' id='word_1_216' title='bbox 1497 2327 1644 2401; x_wconf 87' lang='lat' dir='ltr'>proprium</span> <span class='ocrx_word' id='word_1_217' title='bbox 1668 2330 1765 2401; x_wconf 90' lang='lat' dir='ltr'>operis</span> 
     </span>
     <span class='ocr_line' id='line_1_23' title="bbox 418 2406 1766 2489; baseline 0.001 -20"><span class='ocrx_word' id='word_1_218' title='bbox 418 2414 475 2470; x_wconf 86' lang='lat' dir='ltr'>mei</span> <span class='ocrx_word' id='word_1_219' title='bbox 498 2406 676 2486; x_wconf 62' lang='lat' dir='ltr'>subjectum</span> <span class='ocrx_word' id='word_1_220' title='bbox 700 2411 844 2486; x_wconf 83' lang='lat' dir='ltr'>algnificat</span> <span class='ocrx_word' id='word_1_221' title='bbox 865 2414 942 2469; x_wconf 89' lang='lat' dir='ltr'>enim</span> <span class='ocrx_word' id='word_1_222' title='bbox 964 2411 1073 2470; x_wconf 90' lang='lat' dir='ltr'>nudam</span> <span class='ocrx_word' id='word_1_223' title='bbox 1096 2412 1321 2488; x_wconf 84' lang='lat' dir='ltr'>applicationem</span> <span class='ocrx_word' id='word_1_224' title='bbox 1344 2411 1467 2471; x_wconf 89' lang='lat' dir='ltr'>laterum</span> <span class='ocrx_word' id='word_1_225' title='bbox 1490 2414 1521 2470; x_wconf 91' lang='lat' dir='ltr'>in</span> <span class='ocrx_word' id='word_1_226' title='bbox 1543 2412 1660 2489; x_wconf 83' lang='lat' dir='ltr'>figuris,</span> <span class='ocrx_word' id='word_1_227' title='bbox 1688 2430 1766 2488; x_wconf 89' lang='lat' dir='ltr'>qua·</span> 
     </span>
     <span class='ocr_line' id='line_1_24' title="bbox 417 2496 1765 2577; baseline 0.002 -21"><span class='ocrx_word' id='word_1_228' title='bbox 417 2516 481 2557; x_wconf 88' lang='lat' dir='ltr'>rum</span> <span class='ocrx_word' id='word_1_229' title='bbox 512 2498 611 2572; x_wconf 78' lang='lat' dir='ltr'>auguli</span> <span class='ocrx_word' id='word_1_230' title='bbox 642 2496 738 2557; x_wconf 90' lang='lat' dir='ltr'>locum</span> <span class='ocrx_word' id='word_1_231' title='bbox 766 2497 891 2557; x_wconf 89' lang='lat' dir='ltr'>solidum</span> <span class='ocrx_word' id='word_1_232' title='bbox 920 2497 967 2557; x_wconf 83' lang='lat' dir='ltr'>rel</span> <span class='ocrx_word' id='word_1_233' title='bbox 999 2498 1116 2577; x_wconf 89' lang='lat' dir='ltr'>planum</span> <span class='ocrx_word' id='word_1_234' title='bbox 1139 2498 1269 2574; x_wconf 89' lang='lat' dir='ltr'>implent.</span> <span class='ocrx_word' id='word_1_235' title='bbox 1315 2498 1433 2573; x_wconf 88' lang='lat' dir='ltr'>Quanto</span> <span class='ocrx_word' id='word_1_236' title='bbox 1462 2501 1557 2575; x_wconf 78' lang='lat' dir='ltr'>megin</span> <span class='ocrx_word' id='word_1_237' title='bbox 1588 2502 1765 2577; x_wconf 88' lang='lat' dir='ltr'>improprius</span> 
     </span>
     <span class='ocr_line' id='line_1_25' title="bbox 419 2585 1764 2663; baseline 0.001 -18"><span class='ocrx_word' id='word_1_238' title='bbox 419 2595 464 2646; x_wconf 91' lang='lat' dir='ltr'>est</span> <span class='ocrx_word' id='word_1_239' title='bbox 495 2585 675 2661; x_wconf 76' lang='lat' dir='ltr'>significatus</span> <span class='ocrx_word' id='word_1_240' title='bbox 704 2588 802 2662; x_wconf 76' lang='lat' dir='ltr'>roob,</span> <span class='ocrx_word' id='word_1_241' title='bbox 836 2604 900 2646; x_wconf 92' lang='lat' dir='ltr'>cum</span> <span class='ocrx_word' id='word_1_242' title='bbox 926 2588 991 2661; x_wconf 92' lang='lat' dir='ltr'>quis</span> <span class='ocrx_word' id='word_1_243' title='bbox 1020 2589 1108 2646; x_wconf 91' lang='lat' dir='ltr'>etiam</span> <span class='ocrx_word' id='word_1_244' title='bbox 1131 2587 1217 2645; x_wconf 91' lang='lat' dir='ltr'>orbes</span> <span class='ocrx_word' id='word_1_245' title='bbox 1239 2585 1380 2645; x_wconf 88' lang='lat' dir='ltr'>coelestes</span> <span class='ocrx_word' id='word_1_246' title='bbox 1412 2590 1486 2647; x_wconf 87' lang='lat' dir='ltr'>inter</span> <span class='ocrx_word' id='word_1_247' title='bbox 1508 2604 1540 2645; x_wconf 91' lang='lat' dir='ltr'>se</span> <span class='ocrx_word' id='word_1_248' title='bbox 1570 2596 1764 2663; x_wconf 78' lang='lat' dir='ltr'>congruentes</span> 
     </span>
     <span class='ocr_line' id='line_1_26' title="bbox 421 2672 1765 2750; baseline -0.001 -16"><span class='ocrx_word' id='word_1_249' title='bbox 421 2673 458 2734; x_wconf 93' lang='lat' dir='ltr'>ad</span> <span class='ocrx_word' id='word_1_250' title='bbox 481 2690 612 2732; x_wconf 90' lang='lat' dir='ltr'>normam</span> <span class='ocrx_word' id='word_1_251' title='bbox 634 2674 746 2733; x_wconf 90' lang='lat' dir='ltr'>orbium</span> <span class='ocrx_word' id='word_1_252' title='bbox 768 2675 1022 2750; x_wconf 85' lang='lat' dir='ltr'>geometricorum,</span> <span class='ocrx_word' id='word_1_253' title='bbox 1053 2676 1103 2749; x_wconf 91' lang='lat' dir='ltr'>qni</span> <span class='ocrx_word' id='word_1_254' title='bbox 1127 2681 1156 2734; x_wconf 89' lang='lat' dir='ltr'>et</span> <span class='ocrx_word' id='word_1_255' title='bbox 1178 2672 1278 2747; x_wconf 79' lang='lat' dir='ltr'>figuris</span> <span class='ocrx_word' id='word_1_256' title='bbox 1308 2672 1410 2733; x_wconf 91' lang='lat' dir='ltr'>solidis</span> <span class='ocrx_word' id='word_1_257' title='bbox 1432 2675 1628 2734; x_wconf 90' lang='lat' dir='ltr'>inscribuntur</span> <span class='ocrx_word' id='word_1_258' title='bbox 1654 2682 1684 2734; x_wconf 92' lang='lat' dir='ltr'>et</span> <span class='ocrx_word' id='word_1_259' title='bbox 1707 2678 1765 2734; x_wconf 91' lang='lat' dir='ltr'>cir·</span> 
     </span>
     <span class='ocr_line' id='line_1_27' title="bbox 419 2760 1764 2838; baseline -0.002 -16"><span class='ocrx_word' id='word_1_260' title='bbox 419 2760 665 2834; x_wconf 80' lang='lat' dir='ltr'>conscribuntur,</span> <span class='ocrx_word' id='word_1_261' title='bbox 698 2763 722 2820; x_wconf 89' lang='lat' dir='ltr'>si</span> <span class='ocrx_word' id='word_1_262' title='bbox 752 2761 827 2821; x_wconf 89' lang='lat' dir='ltr'>hanc</span> <span class='ocrx_word' id='word_1_263' title='bbox 855 2763 974 2837; x_wconf 88' lang='lat' dir='ltr'>inquam</span> <span class='ocrx_word' id='word_1_264' title='bbox 1005 2763 1223 2838; x_wconf 85' lang='lat' dir='ltr'>congruentium</span> <span class='ocrx_word' id='word_1_265' title='bbox 1255 2762 1320 2836; x_wconf 90' lang='lat' dir='ltr'>quis</span> <span class='ocrx_word' id='word_1_266' title='bbox 1351 2760 1532 2822; x_wconf 90' lang='lat' dir='ltr'>harmoniam</span> <span class='ocrx_word' id='word_1_267' title='bbox 1563 2762 1659 2822; x_wconf 91' lang='lat' dir='ltr'>dicere</span> <span class='ocrx_word' id='word_1_268' title='bbox 1681 2762 1764 2822; x_wconf 79' lang='lat' dir='ltr'>velit</span> 
     </span>
     <span class='ocr_line' id='line_1_28' title="bbox 418 2847 1765 2935; baseline 0 -27"><span class='ocrx_word' id='word_1_269' title='bbox 418 2851 482 2926; x_wconf 82' lang='lat' dir='ltr'>Ego</span> <span class='ocrx_word' id='word_1_270' title='bbox 505 2849 622 2925; x_wconf 87' lang='lat' dir='ltr'>quidem</span> <span class='ocrx_word' id='word_1_271' title='bbox 651 2849 850 2926; x_wconf 75' lang='lat' dir='ltr'>ambiguitatis</span> <span class='ocrx_word' id='word_1_272' title='bbox 878 2849 1015 2909; x_wconf 86' lang='lat' dir='ltr'>vitandae</span> <span class='ocrx_word' id='word_1_273' title='bbox 1038 2858 1128 2909; x_wconf 87' lang='lat' dir='ltr'>causa</span> <span class='ocrx_word' id='word_1_274' title='bbox 1150 2865 1299 2923; x_wconf 89' lang='lat' dir='ltr'>nunquam</span> <span class='ocrx_word' id='word_1_275' title='bbox 1327 2847 1357 2906; x_wconf 90' lang='lat' dir='ltr'>id</span> <span class='ocrx_word' id='word_1_276' title='bbox 1381 2848 1450 2908; x_wconf 82' lang='lat' dir='ltr'>dixi.</span> <span class='ocrx_word' id='word_1_277' title='bbox 1487 2849 1560 2935; x_wconf 37' lang='lat' dir='ltr'>,Non</span> <span class='ocrx_word' id='word_1_278' title='bbox 1590 2851 1666 2910; x_wconf 91' lang='lat' dir='ltr'>enim</span> <span class='ocrx_word' id='word_1_279' title='bbox 1693 2849 1765 2910; x_wconf 89' lang='lat' dir='ltr'>her-</span> 
     </span>
     <span class='ocr_line' id='line_1_29' title="bbox 419 2936 1765 3016; baseline 0 -20"><span class='ocrx_word' id='word_1_280' title='bbox 419 2939 547 2996; x_wconf 88' lang='lat' dir='ltr'>moniam</span> <span class='ocrx_word' id='word_1_281' title='bbox 570 2940 645 2998; x_wconf 90' lang='lat' dir='ltr'>inter</span> <span class='ocrx_word' id='word_1_282' title='bbox 668 2936 824 2997; x_wconf 87' lang='lat' dir='ltr'>Saturnum</span> <span class='ocrx_word' id='word_1_283' title='bbox 846 2944 876 2998; x_wconf 89' lang='lat' dir='ltr'>et</span> <span class='ocrx_word' id='word_1_284' title='bbox 897 2936 1015 3000; x_wconf 79' lang='lat' dir='ltr'>dorem.</span> <span class='ocrx_word' id='word_1_285' title='bbox 1038 2936 1096 2997; x_wconf 88' lang='lat' dir='ltr'>hoc</span> <span class='ocrx_word' id='word_1_286' title='bbox 1118 2936 1236 3013; x_wconf 91' lang='lat' dir='ltr'>quidem</span> <span class='ocrx_word' id='word_1_287' title='bbox 1260 2936 1373 2995; x_wconf 91' lang='lat' dir='ltr'>orbium</span> <span class='ocrx_word' id='word_1_288' title='bbox 1395 2944 1538 3014; x_wconf 87' lang='lat' dir='ltr'>respectu,</span> <span class='ocrx_word' id='word_1_289' title='bbox 1564 2936 1617 2998; x_wconf 86' lang='lat' dir='ltr'>sed</span> <span class='ocrx_word' id='word_1_290' title='bbox 1640 2955 1765 3016; x_wconf 89' lang='lat' dir='ltr'>propor-</span> 
     </span>
     <span class='ocr_line' id='line_1_30' title="bbox 419 3022 1763 3102; baseline 0.001 -18"><span class='ocrx_word' id='word_1_291' title='bbox 419 3028 527 3084; x_wconf 91' lang='lat' dir='ltr'>tionem</span> <span class='ocrx_word' id='word_1_292' title='bbox 550 3025 664 3084; x_wconf 90' lang='lat' dir='ltr'>orhium</span> <span class='ocrx_word' id='word_1_293' title='bbox 688 3024 754 3083; x_wconf 91' lang='lat' dir='ltr'>cubi</span> <span class='ocrx_word' id='word_1_294' title='bbox 776 3042 828 3083; x_wconf 88' lang='lat' dir='ltr'>seu</span> <span class='ocrx_word' id='word_1_295' title='bbox 850 3023 1000 3102; x_wconf 85' lang='lat' dir='ltr'>figuralem</span> <span class='ocrx_word' id='word_1_296' title='bbox 1023 3025 1090 3083; x_wconf 92' lang='lat' dir='ltr'>dico</span> <span class='ocrx_word' id='word_1_297' title='bbox 1113 3027 1260 3083; x_wconf 90' lang='lat' dir='ltr'>interesse.</span> <span class='ocrx_word' id='word_1_298' title='bbox 1305 3022 1451 3100; x_wconf 88' lang='lat' dir='ltr'>Scapham</span> <span class='ocrx_word' id='word_1_299' title='bbox 1473 3023 1591 3101; x_wconf 89' lang='lat' dir='ltr'>appello</span> <span class='ocrx_word' id='word_1_300' title='bbox 1612 3026 1763 3102; x_wconf 87' lang='lat' dir='ltr'>scapham.</span> 
     </span>
     <span class='ocr_line' id='line_1_31' title="bbox 423 3110 1764 3186; baseline 0.001 -16"><span class='ocrx_word' id='word_1_301' title='bbox 423 3111 621 3184; x_wconf 76' lang='lat' dir='ltr'>Videbatur,</span> <span class='ocrx_word' id='word_1_302' title='bbox 645 3111 714 3186; x_wconf 91' lang='lat' dir='ltr'>qnid</span> <span class='ocrx_word' id='word_1_303' title='bbox 737 3114 858 3184; x_wconf 90' lang='lat' dir='ltr'>intersit,</span> <span class='ocrx_word' id='word_1_304' title='bbox 882 3130 917 3172; x_wconf 83' lang='lat' dir='ltr'>ex</span> <span class='ocrx_word' id='word_1_305' title='bbox 940 3130 1005 3171; x_wconf 90' lang='lat' dir='ltr'>meo</span> <span class='ocrx_word' id='word_1_306' title='bbox 1028 3112 1103 3170; x_wconf 92' lang='lat' dir='ltr'>libro</span> <span class='ocrx_word' id='word_1_307' title='bbox 1127 3112 1163 3170; x_wconf 94' lang='lat' dir='ltr'>de</span> <span class='ocrx_word' id='word_1_308' title='bbox 1186 3113 1330 3171; x_wconf 70' lang='lat' dir='ltr'>renuntia</span> <span class='ocrx_word' id='word_1_309' title='bbox 1353 3110 1447 3186; x_wconf 88' lang='lat' dir='ltr'>deque</span> <span class='ocrx_word' id='word_1_310' title='bbox 1469 3111 1668 3173; x_wconf 87' lang='lat' dir='ltr'>locutionibus</span> <span class='ocrx_word' id='word_1_311' title='bbox 1689 3116 1764 3173; x_wconf 89' lang='lat' dir='ltr'>meis</span> 
     </span>
     <span class='ocr_line' id='line_1_32' title="bbox 415 3199 1764 3276; baseline 0.001 -17"><span class='ocrx_word' id='word_1_312' title='bbox 415 3200 549 3276; x_wconf 88' lang='lat' dir='ltr'>judices,</span> <span class='ocrx_word' id='word_1_313' title='bbox 578 3218 614 3258; x_wconf 89' lang='lat' dir='ltr'>an</span> <span class='ocrx_word' id='word_1_314' title='bbox 644 3217 679 3258; x_wconf 87' lang='lat' dir='ltr'>ex</span> <span class='ocrx_word' id='word_1_315' title='bbox 707 3201 861 3275; x_wconf 87' lang='lat' dir='ltr'>interprete</span> <span class='ocrx_word' id='word_1_316' title='bbox 883 3199 1023 3259; x_wconf 75' lang='lat' dir='ltr'>Roberto·</span> <span class='ocrx_word' id='word_1_317' title='bbox 1068 3199 1260 3275; x_wconf 85' lang='lat' dir='ltr'>Nequaquam</span> <span class='ocrx_word' id='word_1_318' title='bbox 1288 3201 1376 3273; x_wconf 83' lang='lat' dir='ltr'>igitur</span> <span class='ocrx_word' id='word_1_319' title='bbox 1406 3202 1435 3257; x_wconf 91' lang='lat' dir='ltr'>in</span> <span class='ocrx_word' id='word_1_320' title='bbox 1459 3199 1534 3258; x_wconf 90' lang='lat' dir='ltr'>cubo</span> <span class='ocrx_word' id='word_1_321' title='bbox 1561 3202 1695 3260; x_wconf 86' lang='lat' dir='ltr'>consistit</span> <span class='ocrx_word' id='word_1_322' title='bbox 1717 3203 1764 3260; x_wconf 86' lang='lat' dir='ltr'>riu</span> 
     </span>
     <span class='ocr_line' id='line_1_33' title="bbox 418 3285 1763 3365; baseline 0 -19"><span class='ocrx_word' id='word_1_323' title='bbox 418 3287 587 3347; x_wconf 88' lang='lat' dir='ltr'>barmoniae</span> <span class='ocrx_word' id='word_1_324' title='bbox 610 3285 773 3346; x_wconf 89' lang='lat' dir='ltr'>mundanae</span> <span class='ocrx_word' id='word_1_325' title='bbox 796 3288 870 3346; x_wconf 90' lang='lat' dir='ltr'>inter</span> <span class='ocrx_word' id='word_1_326' title='bbox 892 3285 1050 3346; x_wconf 86' lang='lat' dir='ltr'>Saturnum</span> <span class='ocrx_word' id='word_1_327' title='bbox 1073 3295 1102 3346; x_wconf 90' lang='lat' dir='ltr'>et</span> <span class='ocrx_word' id='word_1_328' title='bbox 1123 3285 1250 3359; x_wconf 79' lang='lat' dir='ltr'>Jorem3</span> <span class='ocrx_word' id='word_1_329' title='bbox 1273 3286 1346 3345; x_wconf 89' lang='lat' dir='ltr'>alias</span> <span class='ocrx_word' id='word_1_330' title='bbox 1368 3304 1424 3362; x_wconf 79' lang='lat' dir='ltr'>ego</span> <span class='ocrx_word' id='word_1_331' title='bbox 1448 3286 1540 3346; x_wconf 89' lang='lat' dir='ltr'>doceo</span> <span class='ocrx_word' id='word_1_332' title='bbox 1560 3290 1763 3365; x_wconf 90' lang='lat' dir='ltr'>proportiones</span> 
     </span>
     <span class='ocr_line' id='line_1_34' title="bbox 418 3373 1764 3449; baseline 0.001 -16"><span class='ocrx_word' id='word_1_333' title='bbox 418 3376 603 3434; x_wconf 86' lang='lat' dir='ltr'>harmonicae</span> <span class='ocrx_word' id='word_1_334' title='bbox 625 3377 698 3433; x_wconf 90' lang='lat' dir='ltr'>iuter</span> <span class='ocrx_word' id='word_1_335' title='bbox 719 3380 815 3432; x_wconf 92' lang='lat' dir='ltr'>motus</span> <span class='ocrx_word' id='word_1_336' title='bbox 837 3373 941 3433; x_wconf 89' lang='lat' dir='ltr'>horum</span> <span class='ocrx_word' id='word_1_337' title='bbox 963 3373 1154 3449; x_wconf 87' lang='lat' dir='ltr'>planetarum,</span> <span class='ocrx_word' id='word_1_338' title='bbox 1177 3389 1253 3449; x_wconf 87' lang='lat' dir='ltr'>quae</span> <span class='ocrx_word' id='word_1_339' title='bbox 1276 3375 1330 3431; x_wconf 88' lang='lat' dir='ltr'>etsi</span> <span class='ocrx_word' id='word_1_340' title='bbox 1346 3376 1550 3449; x_wconf 79' lang='lat' dir='ltr'>cognationem</span> <span class='ocrx_word' id='word_1_341' title='bbox 1564 3374 1673 3435; x_wconf 89' lang='lat' dir='ltr'>habere</span> <span class='ocrx_word' id='word_1_342' title='bbox 1697 3392 1764 3435; x_wconf 89' lang='lat' dir='ltr'>cum</span> 
     </span>
     <span class='ocr_line' id='line_1_35' title="bbox 421 3459 1764 3541; baseline 0 -19"><span class='ocrx_word' id='word_1_343' title='bbox 421 3463 497 3523; x_wconf 92' lang='lat' dir='ltr'>cubo</span> <span class='ocrx_word' id='word_1_344' title='bbox 520 3461 681 3522; x_wconf 89' lang='lat' dir='ltr'>debuerunt</span> <span class='ocrx_word' id='word_1_345' title='bbox 702 3459 822 3541; x_wconf 90' lang='lat' dir='ltr'>(quippe</span> <span class='ocrx_word' id='word_1_346' title='bbox 847 3462 934 3537; x_wconf 85' lang='lat' dir='ltr'>juxta</span> <span class='ocrx_word' id='word_1_347' title='bbox 955 3463 1081 3521; x_wconf 85' lang='lat' dir='ltr'>invicem</span> <span class='ocrx_word' id='word_1_348' title='bbox 1103 3460 1294 3520; x_wconf 88' lang='lat' dir='ltr'>habitandum</span> <span class='ocrx_word' id='word_1_349' title='bbox 1325 3460 1380 3518; x_wconf 90' lang='lat' dir='ltr'>init</span> <span class='ocrx_word' id='word_1_350' title='bbox 1402 3468 1432 3520; x_wconf 90' lang='lat' dir='ltr'>et</span> <span class='ocrx_word' id='word_1_351' title='bbox 1453 3459 1511 3519; x_wconf 91' lang='lat' dir='ltr'>illis</span> <span class='ocrx_word' id='word_1_352' title='bbox 1541 3472 1571 3521; x_wconf 88' lang='lat' dir='ltr'>et</span> <span class='ocrx_word' id='word_1_353' title='bbox 1593 3461 1676 3533; x_wconf 91' lang='lat' dir='ltr'>huic,</span> <span class='ocrx_word' id='word_1_354' title='bbox 1710 3479 1764 3522; x_wconf 89' lang='lat' dir='ltr'>nec</span> 
     </span>
     <span class='ocr_line' id='line_1_36' title="bbox 420 3544 1830 3625; baseline 0.001 -18"><span class='ocrx_word' id='word_1_355' title='bbox 420 3548 620 3625; x_wconf 90' lang='lat' dir='ltr'>impediendus</span> <span class='ocrx_word' id='word_1_356' title='bbox 643 3548 691 3608; x_wconf 91' lang='lat' dir='ltr'>hic</span> <span class='ocrx_word' id='word_1_357' title='bbox 710 3549 750 3608; x_wconf 87' lang='lat' dir='ltr'>ab</span> <span class='ocrx_word' id='word_1_358' title='bbox 772 3544 855 3624; x_wconf 91' lang='lat' dir='ltr'>illis),</span> <span class='ocrx_word' id='word_1_359' title='bbox 885 3557 1062 3609; x_wconf 88' lang='lat' dir='ltr'>nontamen</span> <span class='ocrx_word' id='word_1_360' title='bbox 1094 3549 1163 3608; x_wconf 91' lang='lat' dir='ltr'>illae</span> <span class='ocrx_word' id='word_1_361' title='bbox 1185 3548 1345 3607; x_wconf 76' lang='lat' dir='ltr'>formantur</span> <span class='ocrx_word' id='word_1_362' title='bbox 1374 3549 1507 3621; x_wconf 89' lang='lat' dir='ltr'>acubo,</span> <span class='ocrx_word' id='word_1_363' title='bbox 1533 3549 1629 3625; x_wconf 81' lang='lat' dir='ltr'>figura</span> <span class='ocrx_word' id='word_1_364' title='bbox 1656 3547 1761 3622; x_wconf 89' lang='lat' dir='ltr'>solida,</span> <span class='ocrx_word' id='word_1_365' title='bbox 1827 3595 1830 3601; x_wconf 91' lang='lat'>.</span> 
     </span>
     <span class='ocr_line' id='line_1_37' title="bbox 420 3634 1763 3713; baseline 0.001 -17"><span class='ocrx_word' id='word_1_366' title='bbox 420 3636 473 3697; x_wconf 89' lang='lat' dir='ltr'>sed</span> <span class='ocrx_word' id='word_1_367' title='bbox 502 3637 642 3712; x_wconf 82' lang='lat' dir='ltr'>uliguris</span> <span class='ocrx_word' id='word_1_368' title='bbox 664 3635 773 3713; x_wconf 84' lang='lat' dir='ltr'>planis3</span> <span class='ocrx_word' id='word_1_369' title='bbox 803 3653 857 3695; x_wconf 90' lang='lat' dir='ltr'>noc</span> <span class='ocrx_word' id='word_1_370' title='bbox 880 3636 953 3696; x_wconf 92' lang='lat' dir='ltr'>libro</span> <span class='ocrx_word' id='word_1_371' title='bbox 981 3636 1109 3696; x_wconf 90' lang='lat' dir='ltr'>secundo</span> <span class='ocrx_word' id='word_1_372' title='bbox 1139 3636 1222 3695; x_wconf 92' lang='lat' dir='ltr'>locus</span> <span class='ocrx_word' id='word_1_373' title='bbox 1250 3643 1295 3693; x_wconf 91' lang='lat' dir='ltr'>est</span> <span class='ocrx_word' id='word_1_374' title='bbox 1318 3634 1507 3710; x_wconf 84' lang='lat' dir='ltr'>explicationi</span> <span class='ocrx_word' id='word_1_375' title='bbox 1535 3635 1659 3711; x_wconf 88' lang='lat' dir='ltr'>plenarii</span> <span class='ocrx_word' id='word_1_376' title='bbox 1682 3646 1763 3697; x_wconf 86' lang='lat' dir='ltr'>ortus</span> 
     </span>
     <span class='ocr_line' id='line_1_38' title="bbox 420 3722 1763 3801; baseline -0.001 -17"><span class='ocrx_word' id='word_1_377' title='bbox 420 3725 649 3798; x_wconf 86' lang='lat' dir='ltr'>harmoniarum,</span> <span class='ocrx_word' id='word_1_378' title='bbox 673 3723 725 3784; x_wconf 89' lang='lat' dir='ltr'>sed</span> <span class='ocrx_word' id='word_1_379' title='bbox 745 3723 820 3783; x_wconf 91' lang='lat' dir='ltr'>libro</span> <span class='ocrx_word' id='word_1_380' title='bbox 842 3725 941 3797; x_wconf 91' lang='lat' dir='ltr'>tertio,</span> <span class='ocrx_word' id='word_1_381' title='bbox 971 3742 1025 3783; x_wconf 91' lang='lat' dir='ltr'>nee</span> <span class='ocrx_word' id='word_1_382' title='bbox 1047 3732 1115 3784; x_wconf 92' lang='lat' dir='ltr'>ante</span> <span class='ocrx_word' id='word_1_383' title='bbox 1137 3725 1270 3798; x_wconf 91' lang='lat' dir='ltr'>quintum</span> <span class='ocrx_word' id='word_1_384' title='bbox 1293 3722 1398 3781; x_wconf 89' lang='lat' dir='ltr'>libmm</span> <span class='ocrx_word' id='word_1_385' title='bbox 1421 3722 1599 3797; x_wconf 88' lang='lat' dir='ltr'>harmoniae,</span> <span class='ocrx_word' id='word_1_386' title='bbox 1627 3726 1763 3801; x_wconf 87' lang='lat' dir='ltr'>quamvis</span> 
     </span>
     <span class='ocr_line' id='line_1_39' title="bbox 416 3809 1765 3891; baseline -0.001 -19"><span class='ocrx_word' id='word_1_387' title='bbox 416 3814 481 3889; x_wconf 86' lang='lat' dir='ltr'>jam</span> <span class='ocrx_word' id='word_1_388' title='bbox 508 3813 665 3883; x_wconf 80' lang='lat' dir='ltr'>formatae,</span> <span class='ocrx_word' id='word_1_389' title='bbox 694 3816 852 3888; x_wconf 88' lang='lat' dir='ltr'>potuerunt</span> <span class='ocrx_word' id='word_1_390' title='bbox 872 3810 1018 3891; x_wconf 86' lang='lat' dir='ltr'>applicari</span> <span class='ocrx_word' id='word_1_391' title='bbox 1047 3809 1157 3870; x_wconf 89' lang='lat' dir='ltr'>mundo</span> <span class='ocrx_word' id='word_1_392' title='bbox 1187 3827 1241 3869; x_wconf 90' lang='lat' dir='ltr'>seu</span> <span class='ocrx_word' id='word_1_393' title='bbox 1261 3809 1443 3885; x_wconf 88' lang='lat' dir='ltr'>planetarum</span> <span class='ocrx_word' id='word_1_394' title='bbox 1467 3811 1603 3870; x_wconf 88' lang='lat' dir='ltr'>motibus.</span> <span class='ocrx_word' id='word_1_395' title='bbox 1649 3809 1708 3871; x_wconf 85' lang='lat' dir='ltr'>Sed</span> <span class='ocrx_word' id='word_1_396' title='bbox 1731 3819 1765 3870; x_wconf 93' lang='lat' dir='ltr'>tu</span> 
     </span>
     <span class='ocr_line' id='line_1_40' title="bbox 420 3896 1764 3975; baseline -0.003 -15"><span class='ocrx_word' id='word_1_397' title='bbox 420 3900 525 3960; x_wconf 82' lang='lat' dir='ltr'>laisum</span> <span class='ocrx_word' id='word_1_398' title='bbox 554 3901 589 3959; x_wconf 92' lang='lat' dir='ltr'>de</span> <span class='ocrx_word' id='word_1_399' title='bbox 612 3917 699 3959; x_wconf 90' lang='lat' dir='ltr'>sensu</span> <span class='ocrx_word' id='word_1_400' title='bbox 721 3916 786 3958; x_wconf 90' lang='lat' dir='ltr'>meo</span> <span class='ocrx_word' id='word_1_401' title='bbox 814 3900 1033 3975; x_wconf 86' lang='lat' dir='ltr'>persuasionem</span> <span class='ocrx_word' id='word_1_402' title='bbox 1061 3905 1231 3974; x_wconf 88' lang='lat' dir='ltr'>conceptam</span> <span class='ocrx_word' id='word_1_403' title='bbox 1252 3896 1419 3972; x_wconf 82' lang='lat' dir='ltr'>(propterea</span> <span class='ocrx_word' id='word_1_404' title='bbox 1442 3897 1525 3973; x_wconf 89' lang='lat' dir='ltr'>qnod</span> <span class='ocrx_word' id='word_1_405' title='bbox 1548 3897 1683 3975; x_wconf 87' lang='lat' dir='ltr'>Mysterii</span> <span class='ocrx_word' id='word_1_406' title='bbox 1705 3901 1764 3959; x_wconf 85' lang='lat' dir='ltr'>mel</span> 
     </span>
     <span class='ocr_line' id='line_1_41' title="bbox 421 3982 1764 4065; baseline -0.001 -17"><span class='ocrx_word' id='word_1_407' title='bbox 421 3987 658 4065; x_wconf 79' lang='lat' dir='ltr'>Cosmograpbici</span> <span class='ocrx_word' id='word_1_408' title='bbox 687 3988 838 4045; x_wconf 70' lang='lat' dir='ltr'>maurium</span> <span class='ocrx_word' id='word_1_409' title='bbox 866 3989 1054 4063; x_wconf 90' lang='lat' dir='ltr'>praecipuam</span> <span class='ocrx_word' id='word_1_410' title='bbox 1087 4003 1152 4046; x_wconf 89' lang='lat' dir='ltr'>esse</span> <span class='ocrx_word' id='word_1_411' title='bbox 1183 3985 1431 4062; x_wconf 90' lang='lat' dir='ltr'>interpositionem</span> <span class='ocrx_word' id='word_1_412' title='bbox 1457 3982 1609 4062; x_wconf 87' lang='lat' dir='ltr'>corpomm</span> <span class='ocrx_word' id='word_1_413' title='bbox 1640 4003 1764 4062; x_wconf 89' lang='lat' dir='ltr'>eamque</span> 
     </span>
     <span class='ocr_line' id='line_1_42' title="bbox 419 4070 1765 4155; baseline -0.002 -22"><span class='ocrx_word' id='word_1_414' title='bbox 419 4078 450 4134; x_wconf 91' lang='lat' dir='ltr'>in</span> <span class='ocrx_word' id='word_1_415' title='bbox 473 4076 659 4155; x_wconf 82' lang='lat' dir='ltr'>Hermonicis</span> <span class='ocrx_word' id='word_1_416' title='bbox 682 4074 757 4133; x_wconf 92' lang='lat' dir='ltr'>libro</span> <span class='ocrx_word' id='word_1_417' title='bbox 780 4073 817 4132; x_wconf 87' lang='lat' dir='ltr'>V.</span> <span class='ocrx_word' id='word_1_418' title='bbox 845 4076 997 4150; x_wconf 88' lang='lat' dir='ltr'>repetitam</span> <span class='ocrx_word' id='word_1_419' title='bbox 1020 4070 1146 4151; x_wconf 83' lang='lat' dir='ltr'>vidisti),</span> <span class='ocrx_word' id='word_1_420' title='bbox 1175 4072 1251 4131; x_wconf 89' lang='lat' dir='ltr'>hanc</span> <span class='ocrx_word' id='word_1_421' title='bbox 1272 4074 1390 4147; x_wconf 91' lang='lat' dir='ltr'>inquam</span> <span class='ocrx_word' id='word_1_422' title='bbox 1413 4076 1645 4149; x_wconf 85' lang='lat' dir='ltr'>persuasionem,</span> <span class='ocrx_word' id='word_1_423' title='bbox 1674 4072 1765 4133; x_wconf 88' lang='lat' dir='ltr'>semel</span> 
     </span>
     <span class='ocr_line' id='line_1_43' title="bbox 419 4158 1763 4238; baseline -0.002 -15"><span class='ocrx_word' id='word_1_424' title='bbox 419 4171 600 4238; x_wconf 88' lang='lat' dir='ltr'>conceptam,</span> <span class='ocrx_word' id='word_1_425' title='bbox 621 4178 673 4238; x_wconf 87' lang='lat' dir='ltr'>per</span> <span class='ocrx_word' id='word_1_426' title='bbox 694 4168 787 4220; x_wconf 91' lang='lat' dir='ltr'>totum</span> <span class='ocrx_word' id='word_1_427' title='bbox 810 4169 890 4219; x_wconf 89' lang='lat' dir='ltr'>tuum</span> <span class='ocrx_word' id='word_1_428' title='bbox 915 4159 1074 4220; x_wconf 90' lang='lat' dir='ltr'>discursum</span> <span class='ocrx_word' id='word_1_429' title='bbox 1098 4158 1277 4238; x_wconf 87' lang='lat' dir='ltr'>analyticum</span> <span class='ocrx_word' id='word_1_430' title='bbox 1298 4161 1422 4233; x_wconf 89' lang='lat' dir='ltr'>retinas,</span> <span class='ocrx_word' id='word_1_431' title='bbox 1448 4177 1584 4237; x_wconf 77' lang='lat' dir='ltr'>magnam</span> <span class='ocrx_word' id='word_1_432' title='bbox 1606 4161 1671 4237; x_wconf 84' lang='lat' dir='ltr'>ejus</span> <span class='ocrx_word' id='word_1_433' title='bbox 1693 4178 1763 4237; x_wconf 90' lang='lat' dir='ltr'>par-</span> 
     </span>
     <span class='ocr_line' id='line_1_44' title="bbox 419 4247 1311 4321; baseline -0.009 -9"><span class='ocrx_word' id='word_1_434' title='bbox 419 4260 476 4312; x_wconf 91' lang='lat' dir='ltr'>tem</span> <span class='ocrx_word' id='word_1_435' title='bbox 498 4251 729 4321; x_wconf 86' lang='lat' dir='ltr'>intermissurus,</span> <span class='ocrx_word' id='word_1_436' title='bbox 750 4251 776 4307; x_wconf 93' lang='lat' dir='ltr'>si</span> <span class='ocrx_word' id='word_1_437' title='bbox 799 4247 877 4307; x_wconf 91' lang='lat' dir='ltr'>bunc</span> <span class='ocrx_word' id='word_1_438' title='bbox 899 4266 1024 4308; x_wconf 91' lang='lat' dir='ltr'>errorem</span> <span class='ocrx_word' id='word_1_439' title='bbox 1047 4247 1311 4309; x_wconf 81' lang='lat' dir='ltr'>animadvertisses.</span> 
     </span>
    </p>

    <p class='ocr_par' dir='ltr' id='par_1_4' title="bbox 415 4335 1764 4940">
     <span class='ocr_line' id='line_1_45' title="bbox 504 4335 1762 4417; baseline -0.003 -20"><span class='ocrx_word' id='word_1_440' title='bbox 504 4337 593 4398; x_wconf 86' lang='lat' dir='ltr'>Libro</span> <span class='ocrx_word' id='word_1_441' title='bbox 615 4353 682 4396; x_wconf 88' lang='lat' dir='ltr'>meo</span> <span class='ocrx_word' id='word_1_442' title='bbox 705 4338 789 4396; x_wconf 91' lang='lat' dir='ltr'>tertio</span> <span class='ocrx_word' id='word_1_443' title='bbox 811 4335 884 4395; x_wconf 91' lang='lat' dir='ltr'>nihil</span> <span class='ocrx_word' id='word_1_444' title='bbox 906 4338 950 4395; x_wconf 89' lang='lat' dir='ltr'>sis</span> <span class='ocrx_word' id='word_1_445' title='bbox 972 4337 1112 4408; x_wconf 90' lang='lat' dir='ltr'>inveniri,</span> <span class='ocrx_word' id='word_1_446' title='bbox 1134 4336 1192 4417; x_wconf 83' lang='lat' dir='ltr'>nisi</span> <span class='ocrx_word' id='word_1_447' title='bbox 1213 4336 1354 4393; x_wconf 88' lang='lat' dir='ltr'>musicem</span> <span class='ocrx_word' id='word_1_448' title='bbox 1376 4351 1484 4393; x_wconf 90' lang='lat' dir='ltr'>meram</span> <span class='ocrx_word' id='word_1_449' title='bbox 1507 4335 1703 4408; x_wconf 84' lang='lat' dir='ltr'>artificialem,</span> <span class='ocrx_word' id='word_1_450' title='bbox 1727 4353 1762 4395; x_wconf 87' lang='lat' dir='ltr'>ex</span> 
     </span>
     <span class='ocr_line' id='line_1_46' title="bbox 417 4421 1764 4503; baseline -0.002 -19"><span class='ocrx_word' id='word_1_451' title='bbox 417 4424 544 4503; x_wconf 90' lang='lat' dir='ltr'>plurium</span> <span class='ocrx_word' id='word_1_452' title='bbox 578 4432 709 4484; x_wconf 82' lang='lat' dir='ltr'>veterum</span> <span class='ocrx_word' id='word_1_453' title='bbox 741 4429 893 4499; x_wconf 83' lang='lat' dir='ltr'>auctorum</span> <span class='ocrx_word' id='word_1_454' title='bbox 920 4423 1001 4483; x_wconf 91' lang='lat' dir='ltr'>libris</span> <span class='ocrx_word' id='word_1_455' title='bbox 1033 4422 1212 4500; x_wconf 88' lang='lat' dir='ltr'>decerptam,</span> <span class='ocrx_word' id='word_1_456' title='bbox 1244 4421 1317 4480; x_wconf 87' lang='lat' dir='ltr'>nihiI</span> <span class='ocrx_word' id='word_1_457' title='bbox 1347 4439 1381 4480; x_wconf 85' lang='lat' dir='ltr'>er</span> <span class='ocrx_word' id='word_1_458' title='bbox 1414 4424 1541 4498; x_wconf 82' lang='lat' dir='ltr'>proprio.</span> <span class='ocrx_word' id='word_1_459' title='bbox 1592 4421 1623 4482; x_wconf 90' lang='lat' dir='ltr'>Si</span> <span class='ocrx_word' id='word_1_460' title='bbox 1651 4424 1764 4481; x_wconf 86' lang='lat' dir='ltr'>musica</span> 
     </span>
     <span class='ocr_line' id='line_1_47' title="bbox 418 4508 1761 4586; baseline -0.003 -13"><span class='ocrx_word' id='word_1_461' title='bbox 418 4513 579 4573; x_wconf 72' lang='lat' dir='ltr'>anihciaiis</span> <span class='ocrx_word' id='word_1_462' title='bbox 600 4511 678 4571; x_wconf 83' lang='lat' dir='ltr'>idem</span> <span class='ocrx_word' id='word_1_463' title='bbox 707 4511 760 4571; x_wconf 88' lang='lat' dir='ltr'>tihi</span> <span class='ocrx_word' id='word_1_464' title='bbox 784 4517 829 4569; x_wconf 90' lang='lat' dir='ltr'>est</span> <span class='ocrx_word' id='word_1_465' title='bbox 858 4509 935 4585; x_wconf 93' lang='lat' dir='ltr'>quod</span> <span class='ocrx_word' id='word_1_466' title='bbox 958 4510 1098 4584; x_wconf 92' lang='lat' dir='ltr'>humana,</span> <span class='ocrx_word' id='word_1_467' title='bbox 1130 4510 1260 4586; x_wconf 87' lang='lat' dir='ltr'>proiecto</span> <span class='ocrx_word' id='word_1_468' title='bbox 1282 4509 1356 4568; x_wconf 88' lang='lat' dir='ltr'>haec</span> <span class='ocrx_word' id='word_1_469' title='bbox 1377 4508 1443 4567; x_wconf 91' lang='lat' dir='ltr'>libri</span> <span class='ocrx_word' id='word_1_470' title='bbox 1465 4512 1544 4569; x_wconf 87' lang='lat' dir='ltr'>tertii</span> <span class='ocrx_word' id='word_1_471' title='bbox 1565 4511 1686 4569; x_wconf 88' lang='lat' dir='ltr'>materia</span> <span class='ocrx_word' id='word_1_472' title='bbox 1709 4516 1761 4581; x_wconf 86' lang='lat' dir='ltr'>cst,</span> 
     </span>
     <span class='ocr_line' id='line_1_48' title="bbox 418 4596 1763 4675; baseline -0.004 -14"><span class='ocrx_word' id='word_1_473' title='bbox 418 4603 460 4661; x_wconf 89' lang='lat' dir='ltr'>sio</span> <span class='ocrx_word' id='word_1_474' title='bbox 483 4607 589 4675; x_wconf 68' lang='lat' dir='ltr'>umen,</span> <span class='ocrx_word' id='word_1_475' title='bbox 612 4606 647 4659; x_wconf 90' lang='lat' dir='ltr'>ut</span> <span class='ocrx_word' id='word_1_476' title='bbox 668 4599 745 4658; x_wconf 90' lang='lat' dir='ltr'>circa</span> <span class='ocrx_word' id='word_1_477' title='bbox 768 4606 861 4657; x_wconf 91' lang='lat' dir='ltr'>ortum</span> <span class='ocrx_word' id='word_1_478' title='bbox 884 4597 1115 4659; x_wconf 90' lang='lat' dir='ltr'>harmonicarum</span> <span class='ocrx_word' id='word_1_479' title='bbox 1138 4598 1357 4674; x_wconf 91' lang='lat' dir='ltr'>proportionum</span> <span class='ocrx_word' id='word_1_480' title='bbox 1371 4612 1515 4670; x_wconf 88' lang='lat' dir='ltr'>moneam,</span> <span class='ocrx_word' id='word_1_481' title='bbox 1538 4596 1763 4672; x_wconf 81' lang='lat' dir='ltr'>subintelligen-</span> 
     </span>
     <span class='ocr_line' id='line_1_49' title="bbox 420 4683 1763 4763; baseline -0.002 -17"><span class='ocrx_word' id='word_1_482' title='bbox 420 4688 489 4748; x_wconf 88' lang='lat' dir='ltr'>dum</span> <span class='ocrx_word' id='word_1_483' title='bbox 512 4705 576 4748; x_wconf 90' lang='lat' dir='ltr'>esse</span> <span class='ocrx_word' id='word_1_484' title='bbox 598 4684 735 4763; x_wconf 76' lang='lat' dir='ltr'>generale</span> <span class='ocrx_word' id='word_1_485' title='bbox 757 4686 917 4762; x_wconf 86' lang='lat' dir='ltr'>quippiam,</span> <span class='ocrx_word' id='word_1_486' title='bbox 941 4685 1020 4760; x_wconf 91' lang='lat' dir='ltr'>quod</span> <span class='ocrx_word' id='word_1_487' title='bbox 1043 4688 1082 4745; x_wconf 90' lang='lat' dir='ltr'>sit</span> <span class='ocrx_word' id='word_1_488' title='bbox 1097 4686 1273 4744; x_wconf 86' lang='lat' dir='ltr'>abstractum</span> <span class='ocrx_word' id='word_1_489' title='bbox 1297 4683 1464 4757; x_wconf 81' lang='lat' dir='ltr'>crucibus,</span> <span class='ocrx_word' id='word_1_490' title='bbox 1487 4691 1627 4760; x_wconf 88' lang='lat' dir='ltr'>tanquam</span> <span class='ocrx_word' id='word_1_491' title='bbox 1649 4702 1668 4742; x_wconf 92' lang='lat' dir='ltr'>a</span> <span class='ocrx_word' id='word_1_492' title='bbox 1690 4684 1763 4743; x_wconf 89' lang='lat' dir='ltr'>sub·</span> 
     </span>
     <span class='ocr_line' id='line_1_50' title="bbox 415 4769 1762 4853; baseline -0.005 -18"><span class='ocrx_word' id='word_1_493' title='bbox 415 4776 496 4851; x_wconf 84' lang='lat' dir='ltr'>jecto</span> <span class='ocrx_word' id='word_1_494' title='bbox 518 4775 643 4853; x_wconf 84' lang='lat' dir='ltr'>physico</span> <span class='ocrx_word' id='word_1_495' title='bbox 666 4772 714 4833; x_wconf 85' lang='lat' dir='ltr'>rel</span> <span class='ocrx_word' id='word_1_496' title='bbox 736 4775 885 4832; x_wconf 65' lang='lat' dir='ltr'>materia</span> <span class='ocrx_word' id='word_1_497' title='bbox 912 4769 964 4832; x_wconf 89' lang='lat' dir='ltr'>Sin</span> <span class='ocrx_word' id='word_1_498' title='bbox 987 4781 1085 4833; x_wconf 87' lang='lat' dir='ltr'>autem</span> <span class='ocrx_word' id='word_1_499' title='bbox 1116 4788 1173 4830; x_wconf 85' lang='lat' dir='ltr'>vox</span> <span class='ocrx_word' id='word_1_500' title='bbox 1196 4773 1253 4829; x_wconf 85' lang='lat' dir='ltr'>ista</span> <span class='ocrx_word' id='word_1_501' title='bbox 1274 4770 1434 4829; x_wconf 75' lang='lat' dir='ltr'>eniticialis</span> <span class='ocrx_word' id='word_1_502' title='bbox 1463 4790 1482 4830; x_wconf 94' lang='lat' dir='ltr'>a</span> <span class='ocrx_word' id='word_1_503' title='bbox 1503 4780 1533 4831; x_wconf 89' lang='lat' dir='ltr'>te</span> <span class='ocrx_word' id='word_1_504' title='bbox 1563 4773 1591 4828; x_wconf 93' lang='lat' dir='ltr'>iu</span> <span class='ocrx_word' id='word_1_505' title='bbox 1614 4769 1644 4829; x_wconf 92' lang='lat' dir='ltr'>id</span> <span class='ocrx_word' id='word_1_506' title='bbox 1676 4786 1762 4830; x_wconf 91' lang='lat' dir='ltr'>usur-</span> 
     </span>
     <span class='ocr_line' id='line_1_51' title="bbox 417 4856 1763 4940; baseline -0.004 -17"><span class='ocrx_word' id='word_1_507' title='bbox 417 4869 512 4940; x_wconf 81' lang='lat' dir='ltr'>patur,</span> <span class='ocrx_word' id='word_1_508' title='bbox 535 4871 569 4922; x_wconf 93' lang='lat' dir='ltr'>nt</span> <span class='ocrx_word' id='word_1_509' title='bbox 591 4858 731 4923; x_wconf 71' lang='lat' dir='ltr'>emludae</span> <span class='ocrx_word' id='word_1_510' title='bbox 752 4868 896 4936; x_wconf 89' lang='lat' dir='ltr'>naturam,</span> <span class='ocrx_word' id='word_1_511' title='bbox 915 4859 979 4935; x_wconf 88' lang='lat' dir='ltr'>jam</span> <span class='ocrx_word' id='word_1_512' title='bbox 1001 4858 1111 4921; x_wconf 91' lang='lat' dir='ltr'>dudum</span> <span class='ocrx_word' id='word_1_513' title='bbox 1132 4856 1269 4936; x_wconf 89' lang='lat' dir='ltr'>respondi</span> <span class='ocrx_word' id='word_1_514' title='bbox 1289 4857 1425 4933; x_wconf 80' lang='lat' dir='ltr'>adhaec,</span> <span class='ocrx_word' id='word_1_515' title='bbox 1447 4859 1636 4920; x_wconf 79' lang='lat' dir='ltr'>artificiorum</span> <span class='ocrx_word' id='word_1_516' title='bbox 1656 4858 1763 4918; x_wconf 81' lang='lat' dir='ltr'>hnma-</span> 
     </span>
    </p>
   </div>
   <div class='ocr_carea' id='block_1_3' title="bbox 0 0 1947 5862">
    <p class='ocr_par' dir='ltr' id='par_1_5' title="bbox 0 0 1947 5862">
     <span class='ocr_line' id='line_1_52' title="bbox 0 0 1947 5862; baseline 0 0"><span class='ocrx_word' id='word_1_517' title='bbox 0 0 1947 5862; x_wconf 95' lang='lat' dir='ltr'> </span> 
     </span>
    </p>
   </div>
  </div>
 </body>
</html>
