3840 5854
363 437 383 495 3
944 422 1116 481 Prooemium

363 626 468 673 cavere
490 608 599 683 voluit,
628 624 668 669 ne
692 606 767 667 liber
794 622 866 666 suus
893 603 973 683 apud
994 603 1087 666 italos
1114 611 1233 684 propter
1254 604 1471 684 copemieauas
1499 605 1657 667 sententiae
1679 606 1709 664 in

363 716 399 761 eo
420 697 529 758 relatas
557 696 617 774 legi
638 700 795 755 vetaretur.
849 693 943 773 'lypis
973 709 1140 771 expressam
1168 694 1246 755 haue
1277 692 1541 771 ,admonitionem
1571 709 1628 753 uon
1656 692 1710 753 de·

363 785 581 866 prehendimus;
604 789 705 843 eontm
719 784 749 840 in
768 782 974 858 manuscriptis
991 781 1209 843 Viennensibus
1224 781 1371 859 exemplar
1385 800 1404 842 a
1418 776 1546 858 Ksplero
1561 782 1707 858 scriptum,

363 873 443 953 quod
461 874 525 951 jam
545 871 733 947 subJeoimus.

401 1070 599 1145 Admonitio
627 1069 673 1140 ad
699 1067 904 1157 bibliopolas
927 1070 1091 1243 fixisses,
1116 1067 1320 1156 praesertim
1347 1067 1451 1140 ltclos
1479 1065 1523 1139 de
1550 1065 1662 1156 Opere

961 1190 1145 1243 armomcu.

466 1306 577 1385 Scripsi
605 1305 679 1366 haee
700 1304 789 1365 homo
812 1302 989 1380 Germanus,
1018 1321 1098 1364 more
1120 1311 1150 1365 et
1171 1303 1307 1366 libertate
1329 1301 1519 1381 Germaniam
1552 1321 1628 1382 queo
1650 1321 1708 1381 quo

363 1395 457 1473 major
479 1403 539 1469 est,
570 1393 627 1454 hoe
648 1391 715 1469 plus
737 1391 806 1453 fidet
835 1391 972 1452 eoudliat
1000 1393 1175 1468 ingenuitati
1203 1390 1481 1469 philosophantium.
1525 1391 1708 1452 Christianus

363 1495 558 1556 tamencum,
581 1480 731 1539 Ecclesiae
752 1478 844 1553 iilius,
867 1487 897 1539 et
920 1478 1081 1540 doctrinam
1105 1479 1302 1555 Catholiaam,
1326 1487 1464 1556 quantum
1487 1479 1551 1555 ejus
1573 1478 1708 1540 adhunc

363 1588 458 1650 usque
478 1587 575 1630 meam
595 1573 722 1629 aetatem
744 1583 847 1643 cepere
869 1568 968 1643 potui,
997 1583 1056 1626 non
1083 1565 1237 1628 voluntate
1258 1574 1371 1627 tantum
1400 1565 1574 1644 amplector,
1604 1566 1655 1627 sed
1678 1574 1708 1627 et

360 1659 472 1736 judicio
502 1656 678 1733 comprob03
713 1654 792 1730 quod
822 1671 880 1713 nou
909 1670 968 1713 nno
997 1653 1064 1716 loeo
1099 1654 1187 1731 hujus
1222 1656 1319 1731 operis
1348 1653 1553 1715 demonstravi.
1604 1654 1708 1714 Cetera

364 1749 452 1824 igitur
473 1761 591 1806 securos
612 1760 667 1803 vos
688 1740 813 1802 reddunt
833 1748 1015 1820 possuntque
1033 1742 1106 1803 lerre
1128 1750 1180 1802 aut
1195 1749 1271 1802 certe
1287 1759 1345 1802 nou
1370 1740 1557 1802 reformident
1571 1757 1707 1801 censurae

364 1834 469 1895 vestris
491 1833 650 1910 provinciis
672 1831 811 1905 usitatas;
843 1830 874 1888 in
896 1846 955 1888 uno
978 1828 1085 1890 Terrae
1107 1836 1190 1888 motu
1213 1831 1289 1889 cirea
1312 1828 1411 1891 Solem
1432 1845 1530 1889 annuo
1553 1828 1708 1889 difficultas

365 1923 464 1995 oritur,
493 1937 529 1980 eo
552 1917 631 1995 quod
652 1918 871 1995 importunitate
894 1915 1085 1992 quorundam,
1108 1916 1248 1993 dogmate
1269 1918 1463 1977 astronomica
1485 1917 1551 1977 loeo
1571 1932 1630 1975 nou
1652 1910 1718 1976 suo

363 2026 419 2070 uec
441 2024 499 2085 qna
526 2023 580 2085 par
605 2013 667 2066 erat
694 2001 832 2066 methodo
853 2004 1092 2081 proponentium,
1123 2004 1256 2065 effemum
1285 2011 1344 2080 est,
1376 2012 1409 2064 ιιι
1434 2004 1522 2064 lectio
1544 2003 1706 2081 Coporniei,

364 2112 441 2174 quae
468 2096 507 2156 ab
537 2094 622 2154 annis
650 2092 740 2170 paulo
769 2092 865 2151 miuus
896 2092 1046 2168 octoginta
1076 2086 1130 2173 (ex
1156 2107 1214 2169 quo
1236 2090 1331 2151 Paulo
1352 2090 1408 2151 III.
1432 2091 1551 2152 Summo
1571 2090 1706 2150 Pontifici

364 2201 439 2262 opus
461 2176 643 2262 dedicatum)
671 2180 817 2240 liberrima
842 2179 910 2254 tuit,
939 2195 1082 2257 suspensa
1109 2195 1195 2256 porro
1218 2180 1267 2254 sit,
1297 2178 1391 2239 donee
1422 2196 1497 2256 opus
1523 2178 1705 2239 emendemur:

365 2271 442 2349 quod
466 2286 522 2346 ego
544 2269 691 2329 seniculus
710 2267 773 2343 jam
788 2266 942 2344 Goperniei
964 2265 1135 2343 discipulus,
1158 2272 1191 2326 nt
1212 2283 1298 2343 quem
1317 2267 1381 2343 jam
1394 2283 1414 2326 a
1428 2268 1469 2325 so
1492 2267 1576 2327 annis
1590 2282 1705 2342 sequor,

363 2375 456 2436 nuper
478 2356 634 2417 admodum
656 2355 694 2415 ab
717 2352 831 2414 idoneis
852 2354 966 2414 rescivi.
1000 2352 1175 2430 Quanquam
1196 2370 1256 2413 uon
1277 2352 1383 2414 desunt
1403 2355 1458 2413 viri
1481 2371 1518 2415 ex
1539 2351 1705 2413 elatissimis

365 2445 530 2518 ordinibus,
559 2443 688 2518 politicis
710 2448 740 2501 et
761 2440 976 2515 aeclesiasticis,
999 2443 1049 2517 qni
1070 2448 1253 2501 astronomos
1275 2441 1350 2501 bene
1372 2459 1488 2519 spuere
1508 2441 1646 2518 jubeant,
1669 2456 1705 2501 eo

364 2532 444 2612 quod
471 2548 526 2592 nee
552 2528 694 2609 perlatam
724 2528 801 2589 bane
828 2544 995 2604 censuram,
1028 2544 1083 2588 nee
1108 2528 1237 2589 libertati
1264 2527 1432 2605 disputandi
1460 2528 1497 2589 de
1519 2529 1606 2588 rebus
1627 2544 1705 2588 mere

237 2649 246 2655 ·
364 2619 545 2681 naturalibus
566 2615 787 2692 illustrandique
809 2616 866 2675 Dei
889 2633 979 2693 opera
1001 2617 1165 2693 oppositam
1186 2632 1239 2694 pro
1261 2617 1402 2693 repagulo
1425 2616 1568 2676 ιιίοιιιιιιι.
1603 2614 1705 2676 Ειιίιιι·

364 2725 435 2768 vero
464 2724 516 2769 seu
543 2706 625 2782 jueta
653 2707 693 2764 sit
720 2703 800 2778 dea,
829 2720 883 2764 seu
904 2705 934 2761 iu
962 2703 1122 2781 perieulum
1148 2721 1194 2764 res
1220 2702 1362 2780 adducta,
1394 2703 1510 2782 culpam
1533 2719 1589 2780 ego
1610 2720 1704 2764 meam

364 2798 488 2873 ingenue
504 2794 606 2868 fateor,
629 2794 680 2868 qui
702 2793 886 2853 cunctatione
908 2791 999 2851 nimia
1019 2808 1149 2852 meorum
1171 2808 1290 2868 opernm
1307 2790 1523 2869 philosophiam
1538 2789 1705 2877 defensione

364 2901 419 2943 sua
441 2881 609 2943 destitutam
630 2881 792 2956 praeveniri
814 2896 880 2938 snm
901 2896 1015 2957 passus.
1052 2879 1127 2939 Nam
1148 2880 1288 2956 prolecto,
1311 2883 1336 2939 si
1359 2878 1429 2957 quid
1451 2896 1507 2956 ego
1529 2878 1626 2954 video,
1648 2879 1705 2940 hoe

360 2969 544 3048 judicabunt,
567 2966 644 3029 lecto
659 2967 716 3027 hoc
730 2982 818 3043 opere
831 2965 1019 3042 Harmonice,
1040 2967 1209 3028 Italicorum
1223 2974 1253 3027 et
1264 2966 1505 3045 philosophorum
1519 2965 1704 3027 doctissimus

364 3065 394 3119 at
415 3057 619 3133 theologorum
640 3054 875 3131 religiosissimus
898 3056 1037 3131 quisque:
1061 3061 1172 3114 tentam
1190 3072 1253 3115 esee
1268 3056 1461 3132 majestatem,
1483 3060 1594 3115 tantam
1609 3054 1704 3115 subli-

363 3147 493 3205 mitatem
510 3143 600 3219 hujus
623 3152 742 3218 operum
765 3140 929 3201 divinorum
951 3141 1151 3219 dispositionis
1173 3142 1368 3217 harmonicae,
1390 3150 1424 3202 ιιι
1437 3142 1616 3221 Goperniens
1636 3148 1704 3202 aute

362 3231 625 3309 promulgationem
653 3228 740 3306 buJ'us
771 3231 867 3306 operis
894 3230 1069 3291 sufficienter
1100 3230 1194 3290 audiri
1223 3248 1408 3308 nequaquam
1436 3232 1573 3308 potuerit
1624 3229 1705 3290 Petit

362 3323 462 3395 itaque
490 3316 690 3397 philosophia,
720 3319 795 3394 petit
823 3317 1002 3392 Gopemicus
1034 3318 1205 3378 heneficium
1234 3319 1425 3379 restitutionis
1453 3320 1483 3376 in
1514 3319 1657 3395 integrum
1685 3333 1704 3376 a

362 3407 501 3485 principe,
524 3403 733 3466 salvo'houore
744 3403 886 3481 judicum,
909 3404 1027 3467 eosdem
1042 3407 1118 3465 enlm
1134 3404 1209 3481 illos,
1231 3422 1341 3465 novum
1353 3405 1495 3481 judicium
1510 3404 1702 3482 judicaturos,

363 3512 442 3555 nova
463 3511 518 3554 sua
540 3492 727 3565 documenta,
759 3509 834 3568 quae
856 3491 895 3552 ad
917 3492 993 3552 bane
1013 3510 1107 3569 usque
1130 3492 1205 3554 diem
1227 3500 1446 3571 procuratorum
1468 3509 1586 3553 suorum
1607 3492 1703 3569 negli-

362 3583 463 3661 gentia
485 3583 673 3658 ignoraverat
694 3580 772 3657 ipse,
795 3579 986 3640 ventilatores
1009 3588 1039 3640 et
1059 3581 1186 3655 patietur
1209 3588 1238 3640 et
1258 3581 1335 3641 ultro
1357 3583 1504 3658 implorat
1548 3580 1610 3640 Vos
1631 3597 1703 3639 vero

362 3669 541 3747 bibliopolae
568 3674 646 3728 reete
675 3665 792 3744 quidem
823 3675 853 3727 et
882 3666 982 3728 ordine
1010 3668 1135 3743 iudeus,
1167 3669 1192 3728 si
1222 3666 1399 3745 exemplaria
1419 3670 1580 3729 reverentia
1598 3667 1703 3744 judieii

308 3796 312 3813 .
361 3775 420 3818 nou
441 3755 532 3834 vulgo
554 3773 662 3816 venum
685 3755 854 3833 exponatis:
886 3762 919 3814 at
944 3754 1016 3814 illud
1043 3757 1157 3814 interim
1184 3757 1304 3831 scitote,
1327 3754 1412 3816 datos
1440 3772 1495 3815 vos
1517 3772 1582 3817 esse
1604 3755 1703 3833 pbilo-

362 3845 492 3923 sophiee,
515 3844 600 3904 datos
620 3843 705 3903 bouis
728 3843 896 3903 auctoribus
918 3843 1010 3902 veluti
1032 3842 1215 3918 tabelliones,
1237 3841 1386 3904 mittendis
1406 3841 1445 3903 ad
1464 3841 1579 3919 judices
1601 3843 1703 3904 deien-

362 3933 508 3993 tionibus:
532 3934 630 4008 itaque
653 3931 787 3992 vendetis
809 3929 986 4008 exemplaria
1006 3931 1122 3990 nonnisi
1144 3930 1288 4007 theologis
1310 3932 1444 4005 summis,
1467 3933 1582 3991 nonnisi
1603 3930 1703 4007 pbilo-

361 4021 519 4098 sophorum
542 4019 725 4095 elarissimis,
754 4017 1024 4078 matbematicorum
1044 4019 1305 4093 exercitatissimis,
1327 4018 1611 4096 methapbysieorum
1631 4033 1703 4095 pro-

360 4107 548 4181 fundissimis,
573 4104 611 4165 ad
633 4123 707 4182 quos
728 4105 800 4165 mihi
815 4104 966 4183 Coperuiei
988 4108 1167 4182 procuratori
1188 4105 1248 4168 alia
1268 4107 1319 4167 via
1339 4122 1397 4167 nou
1419 4112 1502 4183 patet
1522 4106 1634 4182 aditus,
1656 4104 1702 4165 his

361 4195 487 4271 quidem,
510 4201 543 4253 ιιι
557 4192 722 4271 dispiciant,
744 4195 840 4253 sintne
853 4194 911 4254 ista
924 4210 1036 4254 mamm
1050 4193 1170 4254 humani
1183 4192 1357 4255 luxuriantis
1375 4196 1484 4271 ingenii
1499 4198 1701 4267 commentum,

360 4299 398 4341 an
429 4283 553 4363 potius,
572 4298 608 4341 ex
640 4282 706 4359 ipsa
733 4286 839 4340 natura
860 4279 1011 4358 depromta
1039 4299 1118 4355 esse,
1153 4283 1240 4343 rebus
1267 4282 1492 4343 evidentissimis
1521 4281 1702 4359 comprobari

359 4371 470 4447 possit,
501 4368 559 4429 illie
581 4385 650 4429 vero
673 4376 707 4428 ut
728 4365 902 4442 deliberent,
931 4385 1001 4427 num
1022 4370 1164 4431 immensa
1184 4370 1259 4431 haee
1281 4386 1400 4448 operum
1423 4370 1587 4430 divinornm
1608 4367 1702 4447 gloria

359 4459 390 4515 in
412 4454 519 4532 vulgus
540 4457 713 4535 spargenda,
736 4472 774 4515 au
795 4458 894 4533 potius
916 4456 1114 4517 contrahenda
1135 4465 1165 4518 et
1187 4457 1264 4518 lama
1285 4458 1349 4535 ejus
1371 4459 1500 4517 censuris
1514 4455 1703 4534 opprimenda

359 4547 414 4620 sit;
437 4544 567 4619 ubisque
589 4543 714 4623 denique
736 4546 766 4602 in
787 4542 866 4604 hune
886 4542 982 4617 fluam,
1005 4550 1040 4604 nt
1060 4547 1130 4621 quia
1145 4546 1337 4624 Cepernicum
1358 4543 1569 4605 emendandum
1591 4545 1622 4604 hi
1643 4544 1702 4605 illis

360 4638 413 4693 aut
431 4629 613 4691 tradiderunt
630 4633 694 4709 Jam
717 4638 768 4692 aut
790 4630 904 4692 hadent
925 4629 1036 4708 adhuc,
1066 4631 1186 4694 videant
1206 4635 1297 4712 lgltur
1318 4634 1442 4712 utrique,
1463 4649 1501 4691 au
1524 4634 1702 4693 monentia

360 4719 523 4796 Gopernioi,
546 4716 694 4782 delineata
714 4723 744 4779 lu
767 4721 839 4780 meis
862 4719 1084 4780 commentariis
1106 4720 1142 4781 de
1162 4723 1291 4782 motibus
1313 4720 1424 4782 Stellae
1444 4718 1564 4791 Martis,
1586 4721 1701 4781 exsulta

359 4822 431 4868 vero
453 4810 482 4866 in
504 4806 655 4885 Epitomes
678 4807 887 4871 Asbouomiae.
903 4812 987 4885 parte
1014 4807 1121 4883 altera,
1155 4825 1232 4884 quae
1260 4825 1338 4873 uuuc
1364 4809 1418 4869 sub
1445 4806 1547 4886 proelo
1577 4815 1634 4883 est,
1663 4823 1700 4867 an

360 4895 450 4955 etiam
477 4893 551 4957 haec
571 4899 703 4955 motuum
731 4895 900 4957 coelestim
927 4894 1033 4973 politia
1061 4894 1239 4971 harmonica,
1269 4903 1384 4959 exemto
1411 4902 1492 4958 motu
1519 4894 1644 4958 Telluris
1671 4901 1702 4955 et
