3792 5860
586 421 766 482 Harmoulm‘s.
801 426 886 484 ldber
901 424 951 483 ΠΙ.
971 426 1061 497 caput
1076 426 1100 483 1.
1460 431 1523 493 ll!

170 599 376 674 cognaflonem
404 602 435 659 in
464 601 530 663 loco
555 618 618 663 non
648 606 703 665 srlt
730 605 916 681 negligenda.
961 605 1092 666 Primum
1119 607 1197 666 urim
1219 604 1328 669 Latina
1348 603 1523 682 significatio

169 688 262 760 vocis,
285 692 493 763 congruentia,
522 692 547 750 si
570 693 669 750 omnia
692 696 832 764 excubas,
856 691 934 753 idem
956 704 1059 768 sonat,
1082 692 1161 769 qnod
1184 692 1300 754 Graeca
1321 709 1380 753 nox
1403 693 1524 753 harmo-

170 774 230 845 nia,
254 773 290 833 de
314 775 421 851 quibus
444 778 501 837 boc
523 777 597 838 libro
621 786 750 856 agemus,
774 782 829 840 nisi
852 780 933 858 quod
954 798 1024 841 usus
1048 797 1136 841 voces
1158 781 1212 841 hus
1236 797 1252 841 e
1274 781 1361 840 rebus
1383 781 1523 858 subjectis

169 876 326 940 parumper
349 862 489 938 distinxit,
514 865 619 926 delude
642 871 833 944 congruentia
855 868 1011 945 figurarum
1034 869 1170 929 conciliat
1188 867 1317 928 motibus
1340 863 1393 951 (dc
1416 869 1523 944 quibus

167 947 226 1006 lroc
250 958 279 1008 et
302 952 405 1026 quinto
428 949 519 1034 libro)
542 952 672 1032 aliquam
696 959 924 1034 congruentiam.
970 956 1069 1018 Tertio
1093 959 1147 1017 etsi
1170 974 1227 1016 non
1255 964 1316 1015 tam
1339 954 1377 1016 ad
1399 955 1521 1031 figuram

167 1040 261 1095 totam
282 1040 463 1117 respicimus,
487 1057 576 1119 quam
598 1041 749 1103 adunam
773 1046 837 1121 ejus
859 1044 938 1104 latus
961 1061 1107 1122 quamque
1130 1043 1161 1103 id
1182 1053 1292 1122 partem
1317 1044 1462 1117 rescindit,
1486 1060 1523 1103 ca

169 1139 300 1183 consona
323 1134 384 1203 est;
406 1134 438 1186 at
460 1127 546 1187 simul
569 1136 599 1189 et
620 1127 676 1190 hoe
698 1149 810 1203 verum,
834 1132 913 1209 quod
935 1149 993 1191 non
1016 1139 1076 1192 torn
1099 1130 1129 1191 id
1152 1131 1383 1205 consideremus,
1410 1136 1522 1209 quante

167 1227 236 1287 pars
260 1213 361 1273 circuli
382 1215 421 1275 sit
443 1216 620 1295 intercepta,
649 1236 737 1295 quam
761 1219 924 1295 cujusmodi
947 1219 1041 1296 figura
1064 1218 1093 1279 id
1115 1222 1153 1279 sit
1178 1220 1304 1292 laetum,
1338 1217 1521 1278 demonstra·

167 1297 219 1357 bili
243 1305 274 1359 et
295 1317 424 1377 oongmn
446 1321 484 1363 an
507 1305 662 1366 contraria.
707 1304 782 1367 Nam
804 1306 899 1384 figura
919 1306 1069 1385 quaelibet
1091 1323 1127 1368 ex
1150 1307 1264 1384 augulis
1286 1308 1362 1378 suis,
1394 1323 1431 1366 ax
1452 1306 1522 1382 qni·

166 1386 224 1445 bus
246 1385 322 1447 libro
337 1388 377 1451 11.
400 1393 620 1468 congruentiam
643 1394 830 1466 sortiebatur,
853 1393 962 1472 adepta
984 1403 1030 1454 est
1051 1402 1081 1455 et
1106 1394 1382 1456 demonstrationem
1404 1392 1478 1453 libro
1496 1391 1520 1451 1.

167 1473 235 1533 Non
259 1482 305 1536 est
327 1477 415 1553 igitur
436 1479 476 1539 ab
498 1478 658 1541 harmoniis
680 1481 856 1543 arimundus
878 1488 1028 1560 respectus
1050 1484 1259 1561 congruentiae
1280 1480 1447 1558 figurarum.

254 1614 488 1697 Propositio
510 1619 534 1678 I.
580 1620 702 1682 Dimidii
725 1641 791 1685 cum
814 1631 877 1695 toto
900 1625 1094 1685 consonantia
1117 1631 1183 1703 post
1205 1624 1361 1683 unisonum
1391 1621 1456 1683 sola
1478 1628 1523 1683 est

130 1760 136 1767 .
166 1703 196 1761 lu
219 1705 315 1782 primo
337 1705 446 1783 gradum
470 1707 610 1786 simplex,
631 1710 762 1788 perlecta
784 1719 814 1773 et
836 1711 979 1791 identica,
1002 1713 1113 1772 scilicet
1135 1728 1170 1771 ex
1194 1713 1339 1789 opposito.

242 1798 321 1862 'uam
340 1807 412 1875 qnod
430 1808 576 1875 figuratum
594 1817 646 1880 est,
664 1810 693 1866 id
710 1827 745 1866 ex
764 1811 878 1867 dirersis
897 1819 939 1866 est
957 1812 1152 1883 compositum,
1171 1828 1225 1868 non
1243 1810 1327 1879 igitur
1344 1810 1387 1867 rel
1406 1809 1520 1881 simplex

164 1885 209 1939 rel
233 1884 390 1942 identicum.
425 1886 529 1955 Figura
554 1887 624 1943 enim
649 1890 731 1945 babet
752 1905 844 1945 aream
871 1897 900 1946 et
923 1898 1017 1961 partes
1035 1890 1182 1949 secundam
1201 1906 1260 1947 eam
1285 1897 1313 1945 et
1335 1889 1448 1959 angulos
1466 1890 1519 1945 situ

165 1962 331 2020 differentes.
368 1963 448 2034 Quod
466 1981 529 2020 rero
545 1964 690 2035 figuratum
709 1984 763 2023 non
782 1976 837 2039 est,
861 1968 934 2041 quod
953 1968 1056 2024 scilicet
1074 1982 1154 2023 areae
1172 1966 1316 2023 latitudine
1334 1976 1410 2025 curet
1433 1975 1461 2024 et
1479 1984 1521 2023 se·

163 2042 284 2098 cundum
306 2058 365 2097 earn
389 2051 418 2098 et
440 2044 563 2113 partibus
588 2052 615 2099 et
639 2046 758 2115 angulis,
783 2047 904 2103 existens
929 2064 984 2103 uua
1008 2063 1083 2103 mera
1104 2046 1178 2102 linea
1195 2051 1270 2103 recta
1294 2061 1382 2116 eaque
1399 2045 1520 2117 aequalis

163 2129 310 2170 mensurae
328 2115 501 2185 propositae,
519 2115 546 2171 id
566 2116 601 2170 ob
619 2116 687 2173 haec
705 2117 766 2185 ipsa
784 2126 811 2172 et
829 2118 944 2188 simplex
963 2124 1005 2174 est
1029 2125 1056 2173 et
1074 2116 1146 2171 idem
1165 2132 1226 2172 curn
1244 2132 1383 2182 mensura,
1408 2118 1461 2173 boc
1479 2124 1521 2173 est

163 2195 321 2251 identicnnr.
357 2194 507 2250 illiusmodi
525 2211 588 2249 vero
612 2204 676 2251 sunt
694 2197 798 2268 figurae
815 2197 954 2267 regulares
979 2196 1081 2253 circulo
1100 2197 1264 2268 inscriptae,
1289 2196 1447 2266 hujusmodl
1465 2195 1520 2250 dia·

164 2280 251 2328 meter
268 2273 371 2330 drculi
408 2277 433 2343 l)
451 2275 612 2343 Figurnmm
630 2277 700 2330 euim
720 2278 810 2333 omnia
827 2278 915 2333 latera
933 2276 1082 2333 deflectunt
1099 2275 1250 2346 aequaliter
1267 2292 1284 2332 a
1299 2282 1402 2345 cmtro,
1421 2275 1520 2331 diame-

163 2362 206 2410 ter
223 2369 275 2424 per·
289 2353 380 2424 ipsum
399 2348 521 2410 centlum
541 2355 657 2412 ducitur.
692 2357 719 2425 2)
739 2358 858 2426 Mensor,
876 2357 1008 2413 circulum
1027 2356 1060 2412 ab
1080 2372 1135 2412 nno
1152 2363 1254 2427 puncto
1273 2370 1335 2411 enm
1347 2354 1434 2411 lutere
1451 2354 1520 2423 fign-

162 2449 210 2490 rae
228 2432 366 2501 dividens,
392 2433 439 2488 ubi
457 2434 609 2502 perrexerit
630 2434 683 2490 boc
706 2434 833 2493 iaciendo
863 2436 1024 2505 aliquoties,
1049 2436 1089 2492 sic
1107 2436 1217 2492 tandem
1241 2450 1303 2495 cum
1320 2435 1407 2491 altero
1425 2436 1519 2490 lateris

162 2513 280 2568 termino
298 2511 370 2566 redit
387 2511 422 2567 ad
440 2518 570 2582 punctum
589 2511 719 2582 primunr,
738 2513 869 2571 diameter
887 2532 961 2584 vero,
979 2530 1030 2586 per
1038 2523 1161 2571 centrum
1173 2515 1263 2585 ipsum
1274 2514 1416 2577 manemus,
1433 2514 1522 2583 prima

164 2590 256 2644 rtatim
275 2590 438 2659 repetitione
456 2590 526 2645 redit
544 2593 578 2647 ad
597 2591 701 2647 initiale
718 2601 857 2662 punctum.
893 2595 918 2660 tl
936 2594 1055 2662 Figurae
1072 2593 1194 2661 reliquae
1213 2598 1241 2647 et
1256 2592 1454 2664 longitudinem
1472 2592 1520 2647 lra-

163 2671 230 2725 bent
246 2670 364 2725 laterum
383 2677 411 2724 et
429 2669 602 2738 superficiem
620 2687 713 2735 oreae,
739 2688 818 2739 quam
837 2672 1019 2740 circumdatum
1046 2674 1176 2729 diameter
1197 2672 1300 2728 nullam
1322 2670 1398 2741 plani
1414 2675 1519 2740 partem

163 2747 336 2803 circumdans
352 2747 537 2818 includensre,
556 2749 764 2818 repetitionibus
781 2750 887 2805 iteratis
905 2751 933 2805 in
951 2751 1081 2820 seipsam
1099 2750 1290 2806 secundariae
1306 2756 1366 2805 tota
1382 2746 1519 2805 coinaitdt

163 2829 189 2896 l)
207 2827 328 2896 Figurae
349 2835 457 2884 ceterae
478 2828 609 2884 circulum
634 2827 785 2883 dividentes
809 2829 914 2884 faciunt
930 2835 1023 2898 partos
1041 2829 1157 2897 multasr
1183 2829 1315 2884 diammm
1338 2825 1405 2881 tacit
1423 2832 1519 2895 parter

163 2902 276 2962 minimo
292 2906 410 2961 omnium
428 2921 551 2972 numero,
569 2921 607 2962 sc.
626 2911 732 2961 tanturn
751 2905 834 2975 duas,
858 2921 909 2961 nec
927 2905 998 2961 eninr
1022 2908 1157 2977 parcitura
1178 2914 1266 2963 totum
1291 2904 1435 2975 pauciores
1453 2905 1519 2959 dna·
1583 2912 1589 2923 '

164 2987 215 3041 bns
234 2984 328 3040 tacere
345 2985 454 3039 omnino
472 2984 570 3055 potnit.
607 2984 634 3051 til
653 2984 774 3052 cumque
792 2983 923 3040 diameter
940 2985 977 3038 sit
994 2984 1040 3039 illa
1058 3001 1193 3053 mensura,
1212 2982 1247 3040 ad
1260 2998 1342 3053 quam
1353 2984 1439 3040 latera
1450 2984 1519 3053 tgn-

163 3082 256 3121 rarnm
274 3064 456 3133 comparanda
482 3070 548 3119 sunt
570 3060 688 3121 notionis
712 3072 740 3119 et
758 3064 995 3121 demonstrationis
1014 3080 1111 3134 causa,
1136 3064 1224 3120 ittera
1244 3063 1353 3137 quidem
1370 3064 1518 3134 figurarum
1613 3070 1625 3079 “

161 3148 328 3217 reliquarum
352 3145 494 3214 operosius
520 3144 711 3200 describuntur
736 3144 983 3214 imperiectiorique
1005 3143 1246 3203 demonstrationis
1267 3142 1353 3218 gradu
1375 3143 1405 3198 ln
1428 3149 1518 3198 actum

162 3228 294 3285 scientiae
311 3225 564 3296 perducuntnr;·at
583 3224 716 3280 diameter
741 3221 1057 3291 circuli-simplicissima
1082 3222 1143 3291 lege
1169 3223 1331 3282 describitur
1359 3223 1444 3280 dnettr
1469 3235 1519 3292 per

162 3316 287 3365 centrum
306 3306 341 3361 ab
358 3320 414 3361 uno
431 3303 527 3359 circuli
544 3310 647 3373 puncto
665 3304 700 3358 ad
717 3302 884 3372 oppositum,
911 3309 1065 3372 aeuumque
1082 3301 1143 3372 ipsa
1160 3318 1191 3359 se
1209 3306 1296 3376 ipsam
1315 3307 1413 3378 suique
1430 3307 1517 3376 ipsius

159 3402 287 3446 mensura
311 3391 361 3440 est
397 3387 424 3453 6)
442 3382 603 3450 Figuratum
626 3383 706 3436 etiam
731 3381 818 3436 latera
839 3381 868 3434 in
892 3380 1025 3435 divisiorm
1051 3397 1107 3437 una
1125 3382 1218 3438 circuli
1246 3401 1298 3442 seu
1314 3387 1343 3440 iu
1361 3386 1518 3441 absecuone

158 3470 246 3539 partis
264 3466 371 3521 iaciunt
387 3462 527 3533 portiones
544 3460 700 3530 inaequales
723 3469 751 3517 et
768 3468 874 3529 partem
891 3459 1022 3514 minorem
1039 3461 1164 3533 residuo;
1192 3462 1323 3521 diameter
1344 3471 1451 3534 partem
1470 3463 1517 3517 ab·

159 3548 264 3597 sectam
280 3533 412 3605 relinquit
429 3530 570 3601 aequalem
588 3531 707 3587 residuo.
743 3532 819 3586 Haec
836 3546 899 3585 nero
917 3531 1059 3600 proportio
1077 3532 1251 3602 aequalitatis
1269 3551 1339 3605 pura
1352 3543 1396 3592 est
1412 3544 1440 3591 et
1455 3535 1517 3590 einr-

158 3622 223 3691 plex
242 3626 272 3674 et
287 3615 418 3686 perlecta.
436 3612 501 3682 qnia
517 3617 619 3681 partes,
638 3626 707 3679 quae
725 3619 789 3666 sunt
810 3611 882 3666 inter
906 3626 936 3665 se
954 3610 1096 3680 aequales,
1120 3610 1185 3667 illae
1208 3629 1291 3670 causa
1308 3613 1517 3670 mensurationis
1634 3614 1638 3621 ”

157 3698 229 3754 idern
251 3702 324 3751 suut.
360 3694 386 3762 7)
404 3691 529 3759 Denique
554 3690 658 3761 figurae
686 3698 794 3747 ceterae
819 3687 1063 3746 urcunterenriam
1087 3691 1195 3762 quidem
1220 3693 1315 3749 circuli
1340 3693 1464 3749 dividunt
1488 3694 1516 3749 ln

158 3783 252 3848 partes
270 3772 399 3845 aequales
417 3770 644 3840 aliquammultss,
663 3776 692 3825 st
709 3784 799 3824 aream
818 3768 912 3824 cuculi
929 3769 958 3823 in
975 3777 1070 3839 partes
1087 3771 1252 3841 inaequales,
1274 3772 1339 3842 qnia
1355 3772 1517 3843 relinquitur

158 3856 186 3910 in
203 3853 294 3909 modio
312 3866 381 3920 uua,
408 3867 448 3909 sc.
467 3865 531 3905 area
547 3850 664 3919 figurae,
689 3848 777 3917 major
794 3846 916 3919 quolibet
934 3857 1148 3919 augmentorum
1177 3851 1308 3907 &auster
1331 3867 1387 3907 non
1404 3852 1516 3907 cucum-

159 3933 303 3990 lerentiam
321 3938 441 3998 tantum,
461 3928 508 3985 sed
528 3929 609 3985 simul
626 3928 707 3984 etiarn
724 3943 815 3982 aream
833 3926 861 3981 in
880 3927 934 3981 duo
952 3925 1048 3982 dividit
1065 3929 1197 4000 aequalia.

245 4010 301 4066 Sed
319 4025 370 4079 per
387 4009 495 4063 axioma
512 4010 536 4064 2.
555 4009 650 4065 lateris
669 4022 719 4064 seu
735 4007 838 4076 meae,
863 4021 934 4076 quae
953 4005 1083 4062 cuculum
1101 4008 1198 4064 diuidit
1219 4015 1415 4077 consonanter,
1441 4010 1515 4080 inge-

157 4091 232 4145 rium
249 4088 351 4143 transit
366 4087 395 4141 in
412 4087 618 4143 consonantiam
636 4088 731 4157 ipsam.
768 4087 843 4155 Ergo
860 4086 955 4155 portis,
974 4101 1054 4156 quarn
1073 4087 1107 4143 de
1120 4087 1221 4145 circulo
1233 4089 1364 4144 rescindit
1377 4088 1515 4158 diameter,

156 4169 245 4224 idest
264 4165 425 4221 semicirculi
439 4181 505 4220 uum
523 4172 582 4220 toto
600 4164 701 4221 circulo
721 4164 901 4220 consonantia
920 4171 963 4220 est
982 4165 1109 4234 simplex,
1126 4166 1250 4236 perlecta
1272 4174 1300 4221 et
1317 4167 1443 4223 identica.
1478 4168 1517 4223 Et
1631 4180 1635 4185 ’

153 4263 204 4316 per
220 4245 331 4301 axioma
348 4247 373 4300 5.
392 4244 473 4298 otiam
491 4259 585 4299 omnes
602 4242 673 4299 aliae
691 4242 883 4314 longitudines,
903 4259 974 4313 quae
992 4253 1056 4299 sunt
1075 4244 1189 4301 interae
1206 4254 1238 4303 ut
1254 4251 1329 4301 totus
1342 4244 1460 4301 cuculus
1479 4246 1514 4302 ad

156 4325 198 4380 sui
216 4322 365 4385 dimidium,
385 4320 489 4377 iaciunt
506 4321 628 4390 eandem,
646 4322 673 4376 ld
694 4330 736 4377 cst
753 4321 907 4391 identicam,
926 4323 1076 4391 perlectam
1098 4332 1126 4379 et
1134 4324 1283 4394 simplicem
1302 4325 1514 4385 consonantiam.

155 4403 193 4458 Et
210 4404 239 4455 in
258 4402 379 4456 numeris
398 4403 462 4466 (non
480 4400 562 4472 plane
579 4400 687 4471 quidem
705 4399 851 4456 abstractis
869 4409 898 4455 et
915 4402 1136 4472 numerantibus,
1162 4403 1211 4459 sed
1228 4402 1444 4473 longitudinibus
1462 4420 1515 4459 nu·

154 4479 276 4547 meretis)
295 4481 436 4550 proportio
455 4479 547 4550 dupla,
566 4480 636 4535 inter
653 4493 691 4535 sc.
712 4483 723 4535 l
744 4486 772 4533 et
789 4479 814 4546 2,
836 4486 867 4534 nt
885 4485 914 4534 et
929 4481 1001 4535 inter
1018 4498 1112 4538 eorum
1130 4498 1216 4550 aeque
1234 4482 1408 4554 multiplices,
1430 4476 1516 4554 gignit

154 4561 363 4615 consonantiam
381 4560 534 4616 identicam.
867 4606 876 4615 .
997 4568 1003 4584 ·

240 4637 315 4693 Nota
332 4638 386 4701 hic,
405 4636 631 4708 quemadmodum
650 4637 782 4693 diameter
808 4654 859 4708 per
877 4639 970 4695 omnes
988 4640 1177 4712 simplicitates
1200 4649 1230 4697 et
1251 4641 1433 4713 perfectiones
1450 4657 1514 4701 ruat

154 4733 208 4772 non
224 4722 319 4771 tanren
336 4723 392 4772 tarn
410 4717 525 4787 simplex
544 4722 594 4785 est,
612 4725 644 4773 nt
660 4725 800 4788 punctum,
818 4718 868 4774 sed
886 4725 978 4773 manet
994 4719 1074 4785 fines,
1095 4719 1203 4775 duobus
1222 4718 1316 4775 circuli
1333 4719 1442 4789 punctis
1460 4726 1513 4773 ter·

158 4795 269 4860 minata,
288 4795 420 4851 moninus
438 4811 534 4852 secam
552 4796 580 4851 in
598 4796 666 4851 locis
685 4796 819 4867 oppositis
842 4804 871 4852 et
886 4804 980 4866 partes
998 4796 1067 4852 duas
1086 4798 1269 4866 eonatitnens,
1295 4805 1324 4853 et
1342 4796 1514 4866 quemadmo-

157 4873 223 4932 dan
239 4875 309 4932 istae
327 4880 429 4948 partes,
447 4873 511 4933 licet
528 4874 600 4933 iuter
617 4890 648 4932 ae
664 4875 721 4931 sint
738 4874 882 4945 amusim,
901 4873 1031 4949 ‚singulte
1048 4881 1139 4933 tamen
1157 4892 1207 4934 ano
1230 4884 1290 4935 toto
1305 4885 1372 4939 sunt
1388 4876 1516 4946 minum
