3840 5854
401 430 441 509 bd
691 400 693 406 A
774 424 916 511 Epistelco
933 425 1044 510 Kopleri
1061 429 1229 507 chorumque
1244 442 1354 493 mutuae

399 622 445 668 aut
462 621 596 680 vocentur,
614 617 749 667 admodum
766 614 866 679 dubito3
885 616 1011 666 ordinaria
1028 620 1093 666 certo
1110 617 1172 666 baec
1188 616 1288 665 illorum
1306 616 1404 665 ιοιιιίι
1421 628 1472 664 non
1489 618 1538 680 ost,
1556 618 1586 664 nt
1601 613 1635 663 sit
1652 618 1737 664 exha-

399 688 538 756 crdinnris,
561 688 639 748 longa
655 688 802 749 probatione
819 693 843 735 et
859 688 966 737 ionibus
983 688 1135 747 argumentis
1161 685 1264 747 indiget.
1301 684 1384 748 Quidt
1408 685 1429 734 si
1446 686 1547 747 insuper
1564 686 1694 734 curiosius
1711 688 1740 734 et

399 758 528 807 cursitstic
545 758 605 807 haec
621 759 721 806 illorum
740 758 809 806 ducit
826 757 942 807 advorsus
959 759 1061 806 verbum
1079 758 1205 823 scriptum,
1223 756 1330 805 latenter
1346 768 1380 803 an
1391 756 1526 819 multato,
1543 755 1608 803 nihil
1624 755 1739 807 interest.

398 826 467 889 Quid
485 832 545 876 tunc
563 826 712 876 dicendum?
747 827 844 877 Nonne:
867 828 970 894 ite,=lts,
988 828 1051 874 latet
1067 827 1154 887 anguis
1171 829 1199 875 in
1216 826 1309 875 herbei
1344 824 1489 887 liudolphus
1506 824 1538 875 11.
1558 825 1620 887 quid
1637 824 1740 873 dicebat
1776 822 1778 829 ⁴

397 905 443 946 aut
460 897 583 957 quomodo
601 898 703 945 adiectus
722 903 775 945 erat
792 911 851 959 erga
862 895 982 963 Urucam,
1000 894 1149 959 (lolnmbes,
1168 896 1264 959 Oleum,
1283 897 1371 945 man
1382 894 1474 960 liobae,
1492 892 1562 944 coelo
1575 895 1740 957 transscripta

398 980 442 1027 per
459 967 602 1030 Hispanos?
637 966 712 1014 nume
730 968 817 1017 rustici
833 979 915 1015 nonne
932 968 1027 1017 habent
1043 969 1069 1015 in
1087 966 1181 1027 Pegaso
1199 965 1361 1029 etDslphino
1378 978 1448 1014 snam
1466 969 1491 1013 et
1508 967 1628 1026 majorem
1646 968 1671 1013 et
1687 965 1738 1012 mi-

397 1049 483 1085 norem
501 1038 613 1085 crucomt
647 1036 701 1085 Non
718 1037 795 1098 igitur
811 1037 874 1085 mihi
890 1040 941 1084 tarn
959 1038 1007 1086 hcc
1019 1043 1094 1103 ⁸tuusn
1111 1037 1227 1085 mirabile
1244 1034 1354 1097 videtur,
1372 1031 1542 1084 attalianum
1560 1040 1585 1083 st
1601 1035 1675 1096 longe
1691 1047 1738 1097 po·

398 1105 480 1167 titum,
498 1119 572 1167 qnam
590 1106 656 1165 quod
674 1107 701 1153 in
719 1107 824 1169 physica
839 1111 885 1154 tua
902 1104 1003 1155 coelesti
1021 1106 1190 1170 protoplastus
1209 1118 1265 1154 oum
1284 1106 1335 1154 suis
1352 1105 1443 1158 Ηιιιιι.
1460 1105 1512 1153 sive
1530 1106 1563 1154 ab
1580 1104 1666 1153 inieris
1684 1105 1739 1152 sits

398 1177 493 1239 superis
510 1174 601 1241 (jocari
618 1172 704 1241 licost)
722 1177 845 1225 ιιιιιιιιι
861 1177 889 1225 in
906 1189 1006 1225 scenam
1024 1182 1049 1224 et
1065 1177 1192 1239 pulverem
1209 1176 1384 1237 montbleum
1401 1174 1534 1237 producas,
1558 1179 1588 1224 nt
1605 1176 1657 1223 sint
1671 1175 1739 1222 ims-

398 1248 470 1307 qines
488 1253 585 1293 tuarum
601 1246 812 1309 primigenitorum
831 1250 856 1293 st
871 1247 1066 1308 postpositurum
1083 1248 1214 1306 iigursrum
1231 1250 1257 1293 et
1272 1244 1404 1294 ostendent
1420 1257 1505 1294 omnm
1522 1244 1678 1294 differentias.

481 1315 539 1364 Jem
555 1314 675 1364 Menona
698 1317 857 1381 quaestiones
883 1316 955 1364 edsrt
978 1316 1008 1365 de
1027 1316 1158 1378 „Epitomc
1178 1318 1242 1366 asir.
1261 1313 1338 1378 θυμέ*
1364 1312 1404 1380 (do
1422 1316 1628 1377 proportionibus
1645 1313 1740 1377 Kopler

397 1384 504 1449 dubitet)
523 1384 612 1435 deindo
629 1386 665 1433 sic
682 1387 772 1448 pergitz
800 1388 881 1434 Antea
897 1400 936 1434 me
958 1386 1148 1435 inexercitatum
1165 1384 1262 1435 fatebar
1277 1385 1326 1433 tibi
1343 1385 1370 1433 in
1387 1389 1441 1433 arte
1457 1386 1566 1451 muslca,
1598 1384 1743 1448 praesertim

395 1456 479 1503 vocali
495 1460 520 1503 et
537 1455 648 1504 torminis
666 1456 733 1504 artis.
768 1456 837 1515 Rogo
855 1469 923 1517 orgo,
940 1456 1062 1517 numquid
1079 1468 1130 1505 non
1147 1460 1193 1504 tua
1212 1455 1316 1517 physica
1335 1452 1450 1503 coelestis
1468 1455 1543 1504 etiem
1560 1455 1614 1504 sino
1631 1455 1670 1503 bis
1689 1460 1743 1502 ter·

395 1526 470 1573 minis
489 1530 513 1574 et
531 1526 602 1587 praxi
621 1525 726 1574 mnondi
747 1526 854 1586 intelligi
871 1531 947 1587 queat
968 1531 1011 1574 sut
1028 1526 1116 1576 saltem
1137 1539 1168 1574 ox
1185 1526 1353 1574 instrumento
1376 1524 1484 1590 madon,
1512 1524 1579 1586 qnod
1596 1525 1633 1572 its
1650 1524 1745 1574 dicitur

397 1590 448 1644 κατ’
466 1592 562 1661 item,
583 1597 652 1655 cuius
670 1595 786 1657 pulsandi
804 1592 985 1656 quodammodo
1003 1610 1058 1645 snm
1069 1598 1179 1656 qrrsrus'i
1211 1592 1285 1656 Quod
1304 1595 1382 1659 sisic,
1400 1595 1518 1653 squnlam
1533 1596 1673 1657 sspomsria
1703 1593 1744 1642 Da

396 1671 509 1727 apotome
527 1677 638 1729 qnoque,
664 1665 782 1713 binomiia
801 1672 845 1714 etc.
864 1670 976 1729 optarem
991 1666 1055 1714 mihi
1072 1666 1166 1715 clerum
1193 1671 1218 1713 ct
1235 1665 1388 1714 succinctum
1405 1667 1548 1730 necatum,
1574 1666 1618 1726 qni
1636 1661 1741 1713 subtili-

396 1740 458 1782 tates
476 1732 533 1782 illas
552 1734 728 1784 demonstraret
743 1735 772 1783 in
789 1737 862 1784 rebus
880 1736 1049 1798 sensibilibus,
1067 1750 1082 1784 ιι
1100 1736 1191 1796 quibus
1209 1735 1357 1797 plerumque
1377 1732 1453 1782 ordiri
1465 1734 1532 1783 soloc
1550 1747 1661 1784 mearum
1679 1748 1743 1785 ocn-

395 1804 583 1865 tcmpletionum
600 1804 684 1852 tolum.
719 1804 871 1870 Dibuadius,
889 1804 989 1854 Olenus
1007 1811 1032 1855 et
1049 1807 1126 1855 ceteri
1143 1809 1350 1853 commentatores
1366 1817 1417 1851 non
1435 1804 1543 1866 sepiunt.

481 1873 530 1924 Sed
548 1875 608 1923 sede
625 1875 822 1934 quaestionarias
839 1876 970 1937 epistolse3
996 1874 1067 1925 credo
1084 1882 1122 1936 to,
1146 1874 1192 1923 Vir
1209 1874 1433 1938 Excellentissimos,
1459 1876 1510 1935 Jcm
1527 1874 1655 1936 poenitere
1671 1888 1732 1938 pro-

395 1944 532 1992 vocationis
559 1949 584 1992 ιι
608 1945 731 2004 requirere
755 1946 891 1993 insnmtnm
916 1946 943 1993 in
968 1944 1139 2007 percurrendis
1165 1945 1238 2005 nugis
1264 1946 1328 1993 meis
1352 1948 1459 2005 tempus.
1494 1942 1621 2005 Oogiubis
1644 1950 1736 2011 ιιιιιιιι,

344 2046 349 2057 .
395 2014 490 2062 ιιΙιιιιι
506 2016 623 2075 injuriam
640 2027 689 2062 non
707 2016 761 2063 ilari
778 2020 803 2063 st
820 2016 867 2064 hoc
883 2016 963 2075 magis
981 2015 1081 2063 solitam
1097 2020 1167 2064 tuam
1185 2015 1365 2075 bonlgnitstem
1381 2013 1408 2060 in
1426 2026 1466 2062 ms
1488 2014 1619 2078 usurpabis
1637 2028 1739 2076 qnoque

395 2088 421 2132 ot
436 2083 564 2144 hucusque
581 2085 695 2145 mactum
712 2085 760 2133 tibi
777 2086 877 2135 virtutis
901 2091 925 2133 ot
943 2085 1063 2133 donorum
1090 2089 1189 2134 tuorum
1217 2084 1339 2133 divinitus
1369 2096 1539 2133 concessorum
1564 2083 1740 2134 admiratorem

395 2159 422 2202 ot
438 2166 595 2220 praeconem,
620 2160 753 2217 postquam
770 2157 873 2218 propius
890 2156 1013 2219 innotuit,
1032 2155 1146 2215 cupidius
1164 2153 1333 2219 amplecteris,
1352 2152 1419 2213 qnod
1436 2158 1465 2201 ut
1482 2154 1569 2219 ιιιίιιι,
1588 2156 1636 2203 etsi
1653 2159 1697 2203 tua
1714 2160 1740 2204 te

394 2223 535 2272 hnmanitas
553 2226 633 2286 rogeri
650 2239 700 2273 non
719 2230 853 2287 exspectet,
872 2231 911 2274 set
927 2227 987 2291 solo,
1005 2238 1064 2285 rogo
1081 2230 1172 2290 nmen,
1190 2229 1220 2273 ut
1237 2237 1283 2287 par
1300 2230 1345 2283 ost,
1364 2228 1390 2273 ιι
1407 2224 1444 2272 sic
1456 2225 1542 2272 missis
1553 2224 1617 2285 logis
1634 2225 1740 2273 ulterio-

394 2294 464 2342 ribus
487 2298 512 2343 ts
535 2294 617 2343 valore
636 2295 712 2355 jubeo
735 2294 776 2346 ins
798 2310 901 2359 μαιρον
927 2299 952 2342 ot
969 2308 1095 2358 superesse
1117 2295 1157 2343 his
1175 2294 1257 2343 ordini
1279 2300 1363 2342 nosco
1386 2293 1550 2354 iniquissimis
1573 2296 1739 2357 temporibus.

395 2364 462 2412 Bene
480 2361 535 2412 selo
553 2370 578 2412 ot
595 2361 663 2413 salvo
680 2378 695 2412 a
712 2363 806 2414 cultore
823 2366 861 2413 tui
878 2364 994 2425 nominis,
1013 2363 1125 2413 bidllsro.
1161 2364 1262 2426 Lipsiae
1280 2363 1303 2413 d.
1321 2359 1346 2415 ³.
1364 2363 1428 2423 sog.
1447 2359 1523 2415 1622.

482 2442 522 2490 hd
539 2441 601 2491 haec
622 2442 750 2505 rospondit
768 2442 935 2505 Kaplerno:
962 2436 993 2495 S.
1022 2434 1057 2496 P.
1080 2435 1119 2494 D.
1167 2434 1334 2495 Clarissimo
1356 2433 1425 2493 Viri
1467 2431 1541 2494 Jovi
1562 2432 1668 2496 Phidia
1697 2429 1740 2518 (si

396 2520 576 2582 Christianos
594 2521 686 2597 decet,
714 2522 839 2600 iocando
863 2530 974 2583 veteres
993 2517 1115 2605 imitari)
1137 2522 1244 2584 hovem
1268 2522 1371 2599 opinor
1385 2520 1533 2598 debemus,
1557 2524 1607 2600 qui
1626 2539 1739 2609 pronu7

397 2609 468 2669 bum
486 2608 674 2670 concilimdis
694 2614 801 2671 nostrie
823 2611 969 2670 amcdbus
991 2611 1070 2670 nacti
1092 2626 1192 2670 sumus
1214 2608 1365 2682 sedulum,
1388 2624 1569 2670 communem
1597 2627 1637 2671 sa
1661 2612 1739 2671 ami·

397 2713 464 2756 cnm
485 2696 636 2757 Senssinm
658 2704 711 2773 teir.
729 2706 761 2754 11.
783 2720 808 2768 p.
826 2686 904 2772 sis„
936 2698 1019 2774 cujus
1049 2713 1138 2773 opera
1160 2714 1212 2774 per
1237 2696 1311 2757 haec
1340 2697 1420 2756 invia
1449 2704 1479 2756 et
1496 2696 1629 2758 desolate
1655 2706 1739 2758 tuam

397 2790 494 2844 tameo
529 2785 682 2861 epistolem
712 2787 807 2862 recepi
837 2786 886 2845 13.
916 2782 1103 2862 Septembris.
1146 2783 1185 2844 Et
1217 2787 1286 2861 quia
1318 2791 1346 2843 te
1379 2782 1554 2861 discipulum
1584 2784 1738 2863 profiteris,

397 2872 534 2948 incipiam
565 2874 790 2934 aconectione.
835 2871 994 2933 Dimidium
1019 2870 1160 2949 epistolae
1188 2878 1256 2932 tuae
1280 2872 1353 2931 bene
1375 2870 1482 2948 longae
1506 2871 1621 2933 duabus
1642 2873 1738 2950 lineis,

398 2966 552 3035 utrumque
579 2977 621 3020 sc.
652 2963 802 3038 paginam,
838 2958 931 3019 deleo.
982 2958 1118 3019 Nondum
1146 2976 1193 3020 mo
1220 2961 1313 3033 nosti,
1349 2959 1375 3016 si
1404 2958 1462 3019 hcc
1488 2960 1618 3020 nondum
1648 2963 1738 3039 cepis,

398 3045 437 3106 ad
470 3046 687 3108 simulationem
715 3064 762 3108 me
793 3046 1112 3123 dissimulationemque
1142 3047 1251 3107 iactum
1282 3061 1345 3106 esse
1372 3046 1498 3106 minime.
1548 3046 1614 3108 Non
1648 3042 1740 3107 dissi·

398 3132 493 3209 mulo,
523 3151 569 3193 me
591 3142 783 3196 consecutum
813 3151 877 3194 esee
906 3136 1110 3194 idoneorum
1135 3134 1343 3195 ,exercitatione
1372 3134 1523 3211 continua,
1558 3133 1639 3213 qnod
1659 3134 1741 3197 haud

398 3220 484 3281 facile
511 3222 666 3298 quiequam
693 3222 768 3281 alius
797 3224 828 3279 in
858 3221 915 3281 hoc
944 3238 1048 3299 genere
1077 3223 1215 3298 consequi
1244 3221 1354 3300 possit,
1385 3218 1479 3298 noque
1508 3230 1606 3283 ιιιιιιιι
1635 3230 1665 3283 ιι
1695 3226 1741 3283 si·

397 3309 516 3367 mulatio
545 3310 642 3370 verbis
670 3308 806 3379 idoneum
838 3311 1043 3385 pronunciavi,
1080 3308 1163 3384 cuius
1193 3309 1413 3369 conversatione
1449 3311 1480 3367 in
1508 3312 1638 3371 materiis
1666 3327 1740 3371 con·

398 3395 506 3455 finibus
527 3397 600 3455 inter
621 3396 844 3456 mathematicae
876 3403 905 3455 ei
926 3397 1171 3475 metaphysicam,
1202 3396 1309 3472 quibus
1334 3397 1494 3475 impensius
1523 3413 1578 3474 ego
1602 3396 1739 3473 delector,

400 3499 489 3559 quam
511 3483 581 3561 ipsis
604 3484 757 3543 abstractis
785 3483 1025 3557 mathematibus,
1048 3482 1181 3561 adeoque
1203 3490 1233 3542 ιι
1254 3485 1284 3540 iu
1304 3500 1337 3543 re
1359 3500 1425 3543 mea
1446 3488 1563 3562 propria
1592 3483 1653 3546 illic
1675 3503 1740 3545 me·

399 3568 456 3629 lius
479 3569 640 3645 sentiendo,
662 3570 711 3631 hic
734 3569 914 3632 emendatius
937 3579 966 3633 ιι
988 3571 1094 3631 clarius
1115 3568 1272 3648 loquendo,
1295 3569 1450 3649 plurimum
1465 3571 1604 3649 prolicere
1618 3575 1739 3650 possim.

399 3658 459 3717 Eas
482 3675 551 3718 ιιιο
573 3661 710 3719 materias
732 3660 762 3717 in
783 3658 874 3718 literis
897 3659 934 3719 ad
957 3657 1123 3733 Senssium,
1146 3665 1264 3735 queste
1285 3656 1393 3734 legisse
1415 3657 1574 3735 profiteris,
1597 3677 1633 3720 ex
1655 3668 1740 3740 parte

403 3748 549 3822 expresei3
579 3748 736 3825 praecipua
757 3754 801 3806 est
823 3748 851 3804 in
874 3746 947 3806 libro
974 3746 1010 3806 de
1033 3744 1124 3806 Stella
1145 3746 1232 3805 Nora
1259 3763 1278 3804 a
1304 3764 1333 3822 p.
1360 3746 1421 3807 129
1442 3748 1473 3804 in
1498 3748 1557 3807 148
1580 3756 1637 3813 (vol.
1656 3756 1689 3807 11.
1713 3743 1740 3819 p'.

401 3836 571 3898 'lot—718).
616 3832 699 3893 Tunc
718 3835 849 3910 sequitur
875 3833 949 3894 liber
970 3832 1023 3892 1v.
1046 3831 1236 3892 Ηιιιιοιιίιιι
1264 3841 1294 3892 ιι
1320 3831 1440 3893 ultimae
1465 3836 1679 3912 propositiones
1701 3835 1741 3895 li-

241 3947 246 3958 ·
334 3968 337 3983 .
402 3920 447 3979 hri
470 3918 506 3979 V.
530 3936 595 3979 cnm
616 3919 750 3999 Epilogo.
793 3919 869 3981 Nam
897 3937 973 3999 quae
1002 3919 1039 3980 de
1060 3923 1182 3981 materia
1205 3921 1274 3978 novi
1296 3919 1401 3980 siderio
1426 3926 1454 3980 et
1481 3928 1656 3983 cometarum
1678 3925 1741 3985 suis

401 4005 475 4068 locis
496 4007 592 4087 deque
615 4010 710 4067 caceio
732 4008 900 4069 coelestium
921 4007 1050 4088 physicis
1071 4008 1146 4069 libro
1168 4006 1221 4067 lV.
1243 4006 1392 4085 Epitomes
1415 4006 1578 4086 disputavi,
1610 4027 1646 4070 ιι
1668 4011 1742 4071 mihi

399 4093 461 4170 jam
483 4096 581 4155 nescio
604 4111 663 4172 quo
686 4103 772 4174 pacto
794 4114 846 4175 pro
869 4096 943 4157 adeo
966 4097 1040 4154 tritis
1063 4094 1229 4169 habentur,
1247 4103 1280 4154 nt
1301 4102 1402 4155 contra
1423 4097 1565 4174 principia
1586 4096 1741 4174 disputau-

401 4188 462 4240 tem
483 4184 578 4241 minus
600 4182 674 4242 sorte
696 4183 818 4244 moleste
834 4185 933 4263 ieram,
957 4199 1045 4259 quem
1067 4189 1168 4242 conta
1190 4184 1255 4243 ista
1300 4181 1338 4241 Et
1358 4189 1428 4241 sunt
1448 4181 1499 4243 illa
1519 4183 1658 4262 pleraque
1674 4203 1740 4246 ma·

402 4269 492 4329 toriae
513 4269 674 4329 rationibus
696 4271 809 4344 affinia
838 4272 910 4333 mihi
932 4286 1001 4330 vero
1031 4272 1146 4330 animus
1167 4278 1245 4330 totus
1273 4269 1422 4329 informis
1450 4271 1537 4346 ioque
1559 4272 1680 4348 animis,
1709 4276 1740 4332 in

401 4356 466 4433 ipsc
488 4356 554 4417 Deo
576 4356 733 4419 architecto
755 4360 868 4439 operis,
895 4358 1032 4418 lubentiis
1062 4356 1197 4417 omnibus
1227 4356 1433 4432 annuentibus,
1463 4361 1620 4437 exspatiari
1641 4363 1739 4437 gestit

400 4441 458 4502 Hic
481 4460 535 4519 ego
558 4444 713 4522 plurimum
734 4444 835 4507 laboro
859 4444 1001 4506 desiderio
1023 4444 1179 4517 lectorum,
1211 4447 1277 4521 qui,
1306 4446 1360 4503 etsi
1382 4443 1578 4507 mathematici
1601 4463 1659 4507 non
1681 4449 1765 4508 sint,

402 4546 437 4590 ex
460 4530 608 4610 professo,
628 4535 690 4593 vim
712 4541 809 4593 ιιιιιιιι
832 4527 1080 4610 argumentorum,
1104 4549 1181 4609 qnae
1203 4549 1239 4591 ex
1261 4530 1487 4593 mathematibus
1509 4536 1596 4609 texsd,
1619 4523 1740 4614 persen-

401 4618 524 4690 tiscunt,
553 4623 654 4695 etqui
678 4622 887 4699 propositiones
910 4638 929 4679 a
949 4636 995 4680 me
1017 4618 1136 4696 quidem
1163 4621 1308 4698 accipiant
1335 4636 1402 4680 mea
1423 4618 1496 4695 tide,
1526 4620 1648 4683 formam
1669 4640 1740 4684 voro

401 4705 592 4767 concludendi
614 4715 644 4766 ιι
664 4724 762 4767 secum
783 4710 928 4787 pensitant
950 4714 980 4767 et
1000 4724 1114 4768 mecum
1136 4705 1305 4790 deceptant.
1350 4705 1478 4785 Coepisti
1493 4715 1525 4766 tu
1546 4708 1664 4786 quidem
1686 4710 1740 4771 de-

401 4794 508 4853 siderio
530 4811 595 4853 meo
619 4794 785 4855 satisfacere
808 4798 837 4854 in
860 4794 1114 4870 condescensione,
1137 4810 1214 4871 quae
1236 4812 1272 4854 ex
1293 4794 1350 4856 hoc
1371 4811 1477 4873 genere
1500 4804 1557 4875 est,
1581 4814 1740 4877 monesque

329 4864 337 4891 ⁸
401 4881 564 4959 sulubriter,
586 4898 623 4941 ne
645 4880 715 4958 quid
736 4884 837 4944 nimiel
880 4881 975 4944 Valde
998 4880 1095 4959 velim,
1119 4882 1262 4960 copiosior
1284 4885 1314 4941 in
1336 4901 1380 4959 ea=
1393 4883 1505 4945 fuisses.

538 5080 545 5117 l
