3704 5962
497 326 635 387 iudicium
651 326 764 401 Kepieri
781 327 817 387 de
833 342 1020 389 mensurarum
1037 328 1206 401 asqmtione.
1459 333 1521 396 elt
1592 409 1593 412 Ἴ

179 501 270 559 doceri
287 503 409 573 publice,
428 503 576 574 propositis
594 505 775 576 documentis,
801 512 833 561 ut
849 505 993 577 adiuvetur
1010 504 1179 564 subditorum
1196 505 1375 564 imbecillitas.
1409 507 1437 575 2)
1454 506 1522 563 Pars

178 590 221 638 est
234 583 374 651 justitiae,
400 600 482 652 quam
510 592 538 639 et
555 599 649 641 sacrae
670 584 765 641 literae
787 584 925 641 inculcant
945 584 1108 667 populerum
1130 585 1353 644 moderatoribus.
1389 584 1459 656 uuis
1474 585 1522 639 im·

176 663 327 732 perandum
345 670 394 732 est,
414 664 598 719 conservanda
615 663 696 719 etiam
714 663 820 734 imperii
837 678 936 720 aroana
947 670 976 718 et
986 663 1164 719 instrumenta
1175 664 1329 720 necessaria
1349 664 1523 731 cavendaque

179 741 348 798 incommoda
360 748 389 796 et
400 741 496 797 turbae
508 741 589 796 etiam
598 757 647 812 per
659 743 826 811 indirectum,
838 742 931 812 itaque
943 743 1025 802 etiam
1036 757 1086 812 per
1096 741 1317 811 inaequalitatem
1328 757 1522 805 mensurarum.
1566 754 1570 771 ‘

263 821 382 875 Primum
399 821 608 876 instrumentum
627 837 687 876 esse
705 821 908 890 gubernationis
926 821 997 877 banc
1021 822 1243 892 inaequalitatem
1260 823 1427 893 persuadeor
1445 836 1523 890 argu·

177 898 275 954 mentis
292 899 344 968 bis,
363 905 494 969 quantum
513 915 605 956 eorum
620 900 677 968 iam
696 900 821 956 occurrit.
858 900 947 969 Saepe
965 907 1084 957 mutatur
1101 902 1209 971 pondus
1226 910 1274 958 aut
1286 918 1413 958 mensura
1430 899 1523 956 autad

177 977 358 1036 sublevandos
386 980 483 1050 inopes
509 986 557 1034 ant
591 980 619 1034 in
644 979 778 1035 bellorum
802 981 1019 1036 necessitatibus.
1062 980 1222 1050 (Belgarum
1251 979 1366 1036 Romani
1395 978 1523 1046 menses.)

178 1059 230 1113 Hic
247 1058 331 1126 igitur
348 1058 534 1143 consideratur
552 1064 599 1113 aut
617 1058 781 1114 existimatio
807 1060 982 1131 magistratus
1008 1067 1056 1115 eut
1081 1060 1270 1131 compendium
1294 1059 1361 1127 fisci,
1379 1066 1523 1125 utrumque

177 1153 227 1208 per
237 1138 380 1194 fallaciam.
407 1140 538 1193 Mensura
549 1139 619 1192 enim
637 1144 741 1193 mumta
759 1139 876 1195 admittit
894 1145 1065 1209 praetextum
1081 1140 1269 1211 impediendae
1286 1140 1411 1209 publicae
1428 1136 1524 1208 iniqui·

177 1219 259 1287 tatis,
287 1233 338 1273 nee
363 1218 453 1271 statim
472 1217 575 1287 patefit,
601 1217 700 1272 mutari
717 1234 746 1273 re
763 1234 828 1274 vera
844 1234 935 1274 rerum
952 1219 1047 1289 pretia.
1084 1221 1200 1275 (lavetur
1220 1219 1303 1288 igitur
1326 1219 1425 1274 invidia
1442 1217 1524 1284 vulgi.

181 1298 225 1353 Sic
244 1297 290 1367 qui
307 1312 447 1352 mensuras
464 1297 569 1362 minuit,
585 1296 727 1366 pretioque
746 1313 800 1355 uua
816 1298 921 1366 minuit,
940 1304 1052 1366 putatur
1068 1298 1270 1368 proportionem
1282 1298 1418 1354 custodire
1435 1294 1525 1367 pristi-

177 1393 254 1442 nam,
273 1375 324 1430 etei
341 1376 412 1430 hauc
429 1374 547 1431 fumasse
570 1390 600 1430 rc
618 1390 681 1429 vera
699 1381 792 1430 mutat.
830 1374 907 1443 Quae
933 1382 1111 1447 exportantur
1135 1378 1272 1447 copiosius
1299 1391 1380 1445 quam
1405 1374 1524 1444 expedit,

177 1472 229 1510 uec
247 1455 325 1509 aliter
342 1453 458 1509 inhiberi
480 1461 605 1523 possum,
630 1454 785 1510 introducta
801 1471 955 1517 ‚mensurae
980 1456 1135 1512 diversitate
1161 1457 1324 1512 inhibentur.
1359 1456 1524 1511 Mercatores

176 1532 274 1589 lucello
305 1532 416 1588 minoris
442 1548 584 1588 mensurae
611 1549 660 1603 per
687 1533 928 1601 dissimulationem
946 1536 1102 1606 propositae
1119 1536 1268 1591 invitantur
1293 1532 1328 1587 ad
1353 1529 1525 1603 importando

178 1613 340 1669 necessaria.
373 1612 533 1668 Assuefium
546 1613 627 1668 etiam
643 1613 744 1670 subditi
762 1616 796 1670 ad
810 1614 978 1684 capessenda
990 1614 1103 1683 imperia
1116 1622 1143 1669 et
1156 1612 1356 1685 agnoscendum
1370 1610 1524 1668 dominium.

178 1692 265 1763 Saepe
298 1691 414 1748 levicula
430 1691 545 1747 mutatio
574 1708 717 1751 mensurae
739 1695 808 1749 mam
831 1699 954 1765 praestat
989 1693 1110 1748 occultae
1135 1698 1164 1748 et
1185 1692 1342 1747 fructuosae
1368 1690 1525 1746 exactionis.

176 1772 262 1840 Ajunt
279 1772 360 1841 hujus
377 1770 417 1825 rei
435 1769 559 1841 egregios
577 1770 695 1828 artilioea
711 1771 797 1829 fuisse
814 1773 943 1828 Venetos.
966 1771 1066 1842 Vicini,
1085 1771 1132 1842 qui
1149 1770 1216 1827 talia
1232 1769 1343 1838 facium,
1361 1774 1463 1841 cogunt
1473 1783 1524 1825 noe

178 1850 214 1906 ad
231 1851 311 1906 idam.

263 1929 425 1997 Priusquam
442 1934 534 1983 tamen
553 1927 662 1984 confieri
680 1929 783 2000 possit,
809 1929 933 1998 ingentes
960 1924 1088 1988 videntur
1104 1930 1201 1987 turbae
1218 1926 1388 1986 metuendae.
1423 1926 1525 1998 Magna

177 2009 279 2064 orietur
302 2005 375 2078 apud
397 2005 504 2077 plebem
522 2007 665 2074 confsrsio,
682 2022 745 2061 nam
763 2007 820 2063 suis
842 2025 908 2077 gens
935 2011 1046 2080 quaevis
1072 2010 1205 2065 mensuris
1231 2007 1366 2077 assuevit,
1392 2007 1426 2062 iis
1453 2007 1524 2062 ritae
1556 2054 1560 2071 ,

176 2088 353 2145 necessitates
365 2085 484 2154 metitur,
502 2085 620 2142 existent
637 2084 748 2142 fraudes
759 2087 898 2157 plurimae,
918 2089 981 2145 dum
994 2088 1156 2157 callidiores,
1175 2085 1356 2157 intelligentia
1366 2086 1523 2142 mutationis

177 2169 264 2236 abusi,
283 2166 398 2222 illudent
416 2164 599 2236 simplicibus;
622 2166 701 2220 multi
722 2165 762 2230 de
779 2167 831 2221 bac
855 2168 1049 2237 inaequalitate
1066 2169 1201 2232 victitant,
1225 2166 1333 2224 carituri
1350 2165 1526 2221 necessariier

179 2250 203 2304 si
230 2247 264 2302 ab
289 2260 322 2300 ea
340 2245 530 2301 destituantur.
567 2242 659 2299 Omnis
677 2251 855 2301 mercatorum
887 2247 1054 2318 experientia
1072 2247 1265 2306 annihilabitur
1290 2257 1320 2307 et
1343 2245 1527 2304 turbabuntur

179 2324 348 2382 commercia.
393 2323 515 2391 Cumque
543 2322 629 2377 omnia
657 2324 765 2391 generis
792 2326 953 2397 compendia
978 2333 1007 2380 et
1032 2324 1142 2382 haudes
1169 2343 1218 2397 per
1243 2328 1315 2385 hane
1340 2325 1524 2384 diversitatem

61 2446 66 2473 2
177 2410 362 2473 exerceantur,
380 2401 487 2457 videtur
498 2400 649 2470 aequalitas
661 2401 768 2459 nonnisi
785 2407 900 2474 pervim
914 2405 1030 2463 stabiliri
1042 2421 1130 2476 posse.
1166 2408 1283 2463 Tantum
1296 2421 1403 2479 operae,
1420 2411 1526 2460 tantum

60 2486 67 2501 '
176 2484 333 2553 vigilantiae
351 2480 497 2553 imponitur
514 2479 716 2548 magistratibus
734 2484 859 2540 omnibus
876 2502 893 2540 a
913 2501 1018 2541 summo
1030 2484 1066 2539 ad
1077 2491 1238 2555 postremos,
1256 2492 1287 2541 ut
1298 2485 1395 2541 merito
1407 2482 1525 2551 dubites,

58 2626 65 2641 ·
177 2581 212 2620 an
231 2578 329 2635 operae
354 2560 470 2634 pretium
487 2560 523 2617 sit
545 2560 667 2617 futurum
693 2562 762 2619 haec
779 2564 823 2618 lex
843 2565 955 2636 perlata
990 2565 1066 2621 Haec
1083 2564 1212 2623 Surisca
1227 2564 1325 2634 tetigit,
1351 2579 1413 2619 cum
1429 2560 1526 2631 innuit,

58 2650 65 2665 '
177 2662 235 2702 rem
255 2657 315 2698 esse
332 2643 360 2696 in
376 2642 491 2712 imperio
509 2655 578 2710 pene
595 2642 805 2715 impossibilem,
833 2660 887 2713 quc
911 2645 1013 2699 multae
1038 2645 1246 2700 communitates
1262 2659 1367 2703 merum
1384 2642 1525 2712 imperium

181 2722 304 2779 Caesaris
331 2718 365 2775 de
382 2719 458 2774 iactu
479 2726 625 2789 respuunt<
661 2720 894 2777 Considerandum
921 2724 1018 2791 etiam,
1049 2737 1157 2793 semper
1181 2722 1268 2777 fuisse
1292 2721 1522 2792 inaequalitatem

177 2804 308 2859 Fortasse
326 2813 377 2853 nec
394 2799 433 2853 ita
449 2799 602 2853 necessaria
614 2806 656 2854 est
668 2800 829 2857 universalis
840 2802 1000 2872 aequalitas,
1019 2800 1099 2857 modo
1116 2802 1190 2859 iutra
1200 2818 1283 2858 uuum
1300 2810 1407 2859 coctum
1418 2805 1527 2855 maneat

177 2896 262 2936 unum
289 2892 376 2946 genus
397 2890 549 2932 mensurae.
585 2876 618 2931 In
636 2877 753 2933 metallis
771 2878 898 2949 pretiosis
921 2880 1077 2937 necessaria
1100 2880 1154 2936 luit
1179 2882 1339 2938 universalis
1365 2880 1526 2953 aequalitas,

177 2956 243 3028 quia
264 2970 481 3025 quaquaversum
499 2955 658 3026 pervadunt.
693 2957 720 3011 N
721 2974 756 3012 on
773 2959 812 3012 ita
828 2972 948 3027 merces,
972 2974 1041 3028 quas
1059 2966 1152 3016 vectus
1170 2961 1283 3030 impedit
1299 2970 1348 3018 aut
1365 2967 1463 3018 natura
1478 2964 1526 3015 aut

57 3026 67 3105 ἓ
178 3037 267 3106 copia.
301 3035 398 3104 Neque
424 3034 495 3088 enim
521 3035 666 3091 dustriaca
691 3037 755 3090 vina
778 3036 936 3092 inferuntur
959 3038 987 3093 in
1014 3038 1124 3095 Galliae.
1161 3041 1213 3095 Est
1239 3048 1340 3103 autem,
1357 3041 1526 3111 quarundam

177 3116 309 3172 mercium
325 3122 425 3170 natura
441 3114 513 3185 talis,
530 3121 562 3169 ut
579 3114 615 3169 ad
632 3116 816 3171 diversitatem
833 3130 1019 3171 mensurarum
1036 3118 1141 3189 invitet,
1158 3134 1183 3173 v.
1201 3136 1224 3175 c.
1243 3118 1410 3175 frumentum
1430 3132 1525 3174 reeens

178 3190 313 3262 etvetus,
330 3201 449 3249 mustum
468 3201 496 3248 et
513 3195 612 3249 vinum.
649 3195 726 3263 Quae
742 3195 923 3264 inaequalitas
941 3198 994 3253 etsi
1010 3197 1071 3252 tolli
1082 3197 1149 3254 etin
1161 3198 1279 3254 valorem
1291 3200 1408 3256 mensim
1426 3201 1526 3270 potest,

176 3291 233 3330 non
250 3273 331 3330 facile
348 3272 376 3327 id
393 3278 485 3342 potest
501 3272 536 3327 ob
553 3273 692 3329 hominum
710 3275 941 3332 cousuetudinem.

265 3353 368 3423 Opincr
383 3352 476 3420 itaque
492 3351 675 3410 inconsultum
693 3371 762 3423 esse,
779 3356 851 3411 hanc
867 3356 956 3428 legem
981 3357 1124 3427 rogari·ad
1143 3359 1273 3429 populum
1291 3362 1339 3412 aut
1362 3354 1527 3427 promulgari

64 3502 67 3509 Ι
178 3433 270 3489 statim
286 3430 372 3485 initio.
408 3429 480 3499 Quin
497 3430 588 3500 potius
605 3432 768 3502 pedetentim
786 3437 955 3503 procedatur.
991 3438 1168 3506 Magistratus
1188 3454 1237 3508 pro
1250 3453 1280 3493 se
1291 3439 1406 3507 quisque
1418 3437 1528 3505 exigant

178 3527 231 3567 sna
245 3510 346 3566 telonia
363 3516 392 3565 et
408 3509 621 3566 contributiones
640 3511 775 3581 etiamque
793 3513 917 3583 publicos
935 3531 1073 3572 mensores
1092 3517 1267 3572 constituant.
1302 3514 1365 3569 Fiet
1383 3521 1413 3568 nt
1431 3513 1527 3582 vulgus

178 3591 298 3663 pertaesi
316 3590 413 3646 herum
431 3589 630 3646 divexationum
650 3592 780 3662 paulatim
797 3593 825 3647 in
850 3588 930 3649 unam
952 3596 1026 3650 illam
1048 3597 1256 3664 magistratuum
1273 3594 1361 3663 legem
1378 3599 1527 3650 transeant.

265 3668 399 3739 Equidem
417 3669 583 3725 fortitudinis
601 3678 644 3726 est
660 3672 807 3743 proprium,
825 3672 854 3727 in
871 3671 1027 3729 difficilibus
1054 3673 1181 3744 occupari
1207 3673 1243 3728 ad
1269 3688 1348 3728 usum
1376 3672 1527 3743 publicum3

176 3749 259 3807 modo
276 3764 331 3804 non
358 3747 430 3803 desit
456 3747 609 3804 fortitudini
633 3751 775 3806 consilium
803 3760 831 3808 et
857 3752 1070 3824 circumspectio.
1105 3754 1188 3809 Furit
1204 3755 1294 3818 Deus,
1312 3758 1343 3807 ut
1359 3769 1376 3807 a
1393 3768 1423 3807 rc
1440 3751 1528 3807 viliori

177 3827 271 3884 exorsi
289 3827 407 3882 universi
425 3827 460 3882 ad
478 3842 640 3883 consensum
658 3829 686 3883 in
703 3830 784 3885 rebus
802 3832 925 3887 maximis
942 3833 1028 3901 magis
1045 3834 1186 3902 magisque
1204 3830 1359 3889 assuefiant.

266 3909 292 3969 3)
309 3908 513 3976 Progressionis
530 3908 684 3977 aequalitas
703 3925 737 3964 an
750 3910 947 3968 introducenda
964 3920 992 3970 et
1009 3913 1035 3969 ll
1053 3928 1088 3966 an
1105 3912 1266 3983 principium
1286 3910 1403 3966 omnium
1421 3923 1528 3966 mensu·

175 4003 271 4045 rarum
287 3987 360 4043 idem
379 3987 606 4057 constituendum,
625 3988 766 4058 quaeritur
781 3989 811 4045 in
829 3991 1005 4061 sequentibus
1023 3990 1158 4062 capitibus
1176 3992 1307 4062 pressius·

727 4168 781 4230 ss
803 4168 923 4263 crpus
943 4170 983 4231 11.

266 4318 487 4389 Progressionem
505 4334 677 4375 numerorum
696 4319 832 4375 denariam
850 4322 974 4378 existimo
991 4321 1068 4379 nullo
1086 4328 1177 4395 pacto,
1195 4321 1272 4378 nulla
1289 4338 1410 4392 unquam
1427 4322 1456 4376 in
1473 4335 1529 4376 ma·

175 4398 250 4455 teria
274 4398 499 4456 labefactandam.
544 4400 596 4455 liet
620 4400 692 4454 enim
718 4416 859 4457 commune
883 4401 1021 4457 vinculum
1054 4401 1211 4470 intellectus
1237 4408 1265 4456 et
1291 4400 1424 4470 quaedam
1452 4394 1530 4468 quasi

176 4479 330 4535 communis
347 4479 441 4548 lingua
458 4480 577 4534 omnium
602 4480 740 4550 gentium,
768 4488 902 4537 enatura
924 4479 1049 4537 instituta
1074 4480 1102 4534 in
1129 4477 1274 4547 digitorum
1299 4477 1482 4547 multitudiue,
1498 4491 1530 4532 re

176 4559 334 4615 hominibus
344 4556 425 4629 longe
437 4558 612 4628 familiariori,
631 4575 711 4627 quam
723 4567 787 4616 snut
799 4560 936 4627 coelestia,
954 4566 985 4614 ut
1002 4558 1034 4614 12
1045 4572 1161 4625 menses,
1180 4557 1214 4614 30
1226 4555 1293 4626 dies,
1310 4555 1327 4611 7
1339 4555 1464 4626 planetae
1475 4560 1528 4610 ets.

176 4636 251 4693 liam
269 4636 341 4707 qnod
359 4636 517 4694 obtenditur
533 4638 694 4709 Scytharum
707 4642 859 4711 exemplum
872 4655 907 4695 ex
918 4636 1077 4701 Aristotele,
1094 4635 1204 4691 traditio
1216 4633 1288 4691 intra
1299 4633 1417 4690 anatome
1431 4633 1531 4688 librum
1616 4674 1619 4685 ι

178 4713 312 4771 subsistit.
347 4716 404 4771 Ant
419 4716 493 4771 natio
512 4724 571 4772 erat
582 4714 662 4785 plane
674 4715 816 4775 barbarica
827 4725 856 4773 et
867 4715 963 4771 abusu
976 4713 1258 4789 sermonisdeetituta,
1278 4721 1326 4788 aut
1337 4718 1412 4771 certe
1424 4710 1531 4768 fallaris

179 4800 225 4853 est
241 4793 322 4867 talis,
350 4811 384 4852 ao
401 4795 425 4852 si
442 4794 503 4871 quis
522 4795 639 4868 decret,
656 4795 773 4858 Latinos
789 4814 853 4863 :uon
871 4794 946 4852 ultra
961 4792 993 4852 li
1010 4809 1168 4866 numerare,
1193 4790 1423 4871 usupatione
1439 4797 1530 4851 nomm

653 5602 676 5687 l
