<?xml version="1.0" encoding="UTF-8"?>
<!DOCTYPE html PUBLIC "-//W3C//DTD XHTML 1.0 Transitional//EN"
    "http://www.w3.org/TR/xhtml1/DTD/xhtml1-transitional.dtd">
<html xmlns="http://www.w3.org/1999/xhtml" xml:lang="en" lang="en">
 <head>
  <title>
</title>
<meta http-equiv="Content-Type" content="text/html;charset=utf-8" />
  <meta name='ocr-system' content='tesseract 3.04.00' />
  <meta name='ocr-capabilities' content='ocr_page ocr_carea ocr_par ocr_line ocrx_word'/>
</head>
<body>
  <div class='ocr_page' id='page_1' title='image "./joanniskepleria29frisgoog_0167.png"; bbox 0 0 3792 5860; ppageno 0'>
   <div class='ocr_carea' id='block_1_1' title="bbox 349 431 1168 504">
    <p class='ocr_par' dir='ltr' id='par_1_1' title="bbox 349 431 1168 504">
     <span class='ocr_line' id='line_1_1' title="bbox 349 431 1168 504; baseline -0.011 -2"><span class='ocrx_word' id='word_1_1' title='bbox 349 442 411 503; x_wconf 76' lang='grc'><strong>146</strong></span> <span class='ocrx_word' id='word_1_2' title='bbox 883 431 926 490; x_wconf 85' lang='lat' dir='ltr'><strong>De</strong></span> <span class='ocrx_word' id='word_1_3' title='bbox 943 432 1168 504; x_wconf 70' lang='lat' dir='ltr'><strong>proportionibus</strong></span> 
     </span>
    </p>
   </div>
   <div class='ocr_carea' id='block_1_2' title="bbox 346 612 1706 1128">
    <p class='ocr_par' dir='ltr' id='par_1_2' title="bbox 346 612 1706 1128">
     <span class='ocr_line' id='line_1_2' title="bbox 346 612 1704 690; baseline -0.004 -16"><span class='ocrx_word' id='word_1_4' title='bbox 346 615 476 676; x_wconf 77' lang='lat' dir='ltr'><strong>ionhbus</strong></span> <span class='ocrx_word' id='word_1_5' title='bbox 499 616 570 674; x_wconf 91' lang='lat' dir='ltr'><strong>erni.</strong></span> <span class='ocrx_word' id='word_1_6' title='bbox 616 612 712 690; x_wconf 75' lang='lat' dir='ltr'><strong>Legat</strong></span> <span class='ocrx_word' id='word_1_7' title='bbox 734 614 867 671; x_wconf 89' lang='lat' dir='ltr'><strong>curiosus</strong></span> <span class='ocrx_word' id='word_1_8' title='bbox 889 612 994 685; x_wconf 88' lang='lat' dir='ltr'><strong>lector,</strong></span> <span class='ocrx_word' id='word_1_9' title='bbox 1024 630 1100 689; x_wconf 78' lang='lat' dir='ltr'><strong>quae</strong></span> <span class='ocrx_word' id='word_1_10' title='bbox 1123 613 1159 672; x_wconf 91' lang='lat' dir='ltr'><strong>de</strong></span> <span class='ocrx_word' id='word_1_11' title='bbox 1181 613 1228 672; x_wconf 91' lang='lat' dir='ltr'><strong>bis</strong></span> <span class='ocrx_word' id='word_1_12' title='bbox 1250 613 1431 673; x_wconf 86' lang='lat' dir='ltr'><strong>sectionibus</strong></span> <span class='ocrx_word' id='word_1_13' title='bbox 1454 619 1523 673; x_wconf 90' lang='lat' dir='ltr'><strong>ante</strong></span> <span class='ocrx_word' id='word_1_14' title='bbox 1546 627 1640 673; x_wconf 88' lang='lat' dir='ltr'><strong>annos</strong></span> <span class='ocrx_word' id='word_1_15' title='bbox 1664 612 1704 668; x_wconf 74' lang='lat'><strong>‘22</strong></span> 
     </span>
     <span class='ocr_line' id='line_1_3' title="bbox 346 698 1705 785; baseline -0.004 -23"><span class='ocrx_word' id='word_1_16' title='bbox 346 704 450 780; x_wconf 81' lang='lat' dir='ltr'>scripsi</span> <span class='ocrx_word' id='word_1_17' title='bbox 471 704 500 761; x_wconf 89' lang='lat' dir='ltr'><strong>in</strong></span> <span class='ocrx_word' id='word_1_18' title='bbox 523 701 675 785; x_wconf 81' lang='lat' dir='ltr'><strong>Mysterie</strong></span> <span class='ocrx_word' id='word_1_19' title='bbox 689 699 937 777; x_wconf 77' lang='lat' dir='ltr'><strong>cosmographiae</strong></span> <span class='ocrx_word' id='word_1_20' title='bbox 970 702 1065 776; x_wconf 89' lang='lat' dir='ltr'><strong>capite</strong></span> <span class='ocrx_word' id='word_1_21' title='bbox 1087 698 1161 759; x_wconf 87' lang='lat' dir='ltr'><strong>XII.</strong></span> <span class='ocrx_word' id='word_1_22' title='bbox 1185 707 1215 761; x_wconf 91' lang='lat' dir='ltr'><strong>et</strong></span> <span class='ocrx_word' id='word_1_23' title='bbox 1236 698 1406 777; x_wconf 80' lang='lat' dir='ltr'><strong>perpendat,</strong></span> <span class='ocrx_word' id='word_1_24' title='bbox 1430 699 1578 777; x_wconf 89' lang='lat' dir='ltr'><strong>quomodo</strong></span> <span class='ocrx_word' id='word_1_25' title='bbox 1601 698 1705 758; x_wconf 86' lang='lat' dir='ltr'><strong>inerim</strong></span> 
     </span>
     <span class='ocr_line' id='line_1_4' title="bbox 346 786 1706 866; baseline -0.004 -18"><span class='ocrx_word' id='word_1_26' title='bbox 346 788 397 866; x_wconf 80' lang='lat' dir='ltr'><strong>ille</strong></span> <span class='ocrx_word' id='word_1_27' title='bbox 420 790 485 850; x_wconf 89' lang='lat' dir='ltr'><strong>loce</strong></span> <span class='ocrx_word' id='word_1_28' title='bbox 510 787 706 847; x_wconf 81' lang='lat' dir='ltr'><strong>hallucinatus</strong></span> <span class='ocrx_word' id='word_1_29' title='bbox 728 804 816 864; x_wconf 90' lang='lat' dir='ltr'><strong>super</strong></span> <span class='ocrx_word' id='word_1_30' title='bbox 837 789 934 847; x_wconf 87' lang='lat' dir='ltr'><strong>causis</strong></span> <span class='ocrx_word' id='word_1_31' title='bbox 956 790 1120 848; x_wconf 78' lang='lat' dir='ltr'><strong>sectionum</strong></span> <span class='ocrx_word' id='word_1_32' title='bbox 1142 795 1172 846; x_wconf 91' lang='lat' dir='ltr'><strong>et</strong></span> <span class='ocrx_word' id='word_1_33' title='bbox 1194 789 1424 861; x_wconf 78' lang='lat' dir='ltr'><strong>harmoniarum,</strong></span> <span class='ocrx_word' id='word_1_34' title='bbox 1447 804 1600 864; x_wconf 78' lang='lat' dir='ltr'><strong>perperam</strong></span> <span class='ocrx_word' id='word_1_35' title='bbox 1622 786 1706 845; x_wconf 83' lang='lat' dir='ltr'><strong>nisus</strong></span> 
     </span>
     <span class='ocr_line' id='line_1_5' title="bbox 350 872 1705 960; baseline -0.004 -24"><span class='ocrx_word' id='word_1_36' title='bbox 350 894 450 936; x_wconf 87' lang='lat' dir='ltr'><strong>earnm</strong></span> <span class='ocrx_word' id='word_1_37' title='bbox 473 892 624 935; x_wconf 89' lang='lat' dir='ltr'><strong>numerum</strong></span> <span class='ocrx_word' id='word_1_38' title='bbox 647 884 675 937; x_wconf 88' lang='lat' dir='ltr'><strong>et</strong></span> <span class='ocrx_word' id='word_1_39' title='bbox 697 877 825 934; x_wconf 89' lang='lat' dir='ltr'><strong>rationes</strong></span> <span class='ocrx_word' id='word_1_40' title='bbox 849 873 993 935; x_wconf 84' lang='lat' dir='ltr'><strong>deducere</strong></span> <span class='ocrx_word' id='word_1_41' title='bbox 1016 892 1053 934; x_wconf 85' lang='lat' dir='ltr'><strong>ex</strong></span> <span class='ocrx_word' id='word_1_42' title='bbox 1073 892 1195 960; x_wconf 78' lang='lat' dir='ltr'><strong>numero</strong></span> <span class='ocrx_word' id='word_1_43' title='bbox 1211 877 1339 951; x_wconf 87' lang='lat' dir='ltr'><strong>quinque</strong></span> <span class='ocrx_word' id='word_1_44' title='bbox 1360 892 1513 952; x_wconf 88' lang='lat' dir='ltr'><strong>corporum</strong></span> <span class='ocrx_word' id='word_1_45' title='bbox 1528 872 1705 953; x_wconf 78' lang='lat' dir='ltr'><strong>regrrlariunr</strong></span> 
     </span>
     <span class='ocr_line' id='line_1_6' title="bbox 349 960 1705 1040; baseline -0.006 -15"><span class='ocrx_word' id='word_1_46' title='bbox 349 964 525 1038; x_wconf 79' lang='lat' dir='ltr'><strong>solidornm3</strong></span> <span class='ocrx_word' id='word_1_47' title='bbox 549 979 615 1021; x_wconf 91' lang='lat' dir='ltr'><strong>cnm</strong></span> <span class='ocrx_word' id='word_1_48' title='bbox 639 980 741 1023; x_wconf 87' lang='lat' dir='ltr'><strong>verum</strong></span> <span class='ocrx_word' id='word_1_49' title='bbox 763 965 803 1021; x_wconf 88' lang='lat' dir='ltr'><strong>sit</strong></span> <span class='ocrx_word' id='word_1_50' title='bbox 825 961 881 1022; x_wconf 90' lang='lat' dir='ltr'><strong>hoe</strong></span> <span class='ocrx_word' id='word_1_51' title='bbox 903 964 1012 1040; x_wconf 86' lang='lat' dir='ltr'><strong>potins,</strong></span> <span class='ocrx_word' id='word_1_52' title='bbox 1036 970 1096 1023; x_wconf 81' lang='lat' dir='ltr'><strong>tam</strong></span> <span class='ocrx_word' id='word_1_53' title='bbox 1111 966 1240 1038; x_wconf 86' lang='lat' dir='ltr'><strong>quinque</strong></span> <span class='ocrx_word' id='word_1_54' title='bbox 1254 961 1365 1038; x_wconf 79' lang='lat' dir='ltr'><strong>figuras</strong></span> <span class='ocrx_word' id='word_1_55' title='bbox 1378 961 1500 1034; x_wconf 89' lang='lat' dir='ltr'><strong>solidas,</strong></span> <span class='ocrx_word' id='word_1_56' title='bbox 1523 978 1613 1038; x_wconf 87' lang='lat' dir='ltr'><strong>quam</strong></span> <span class='ocrx_word' id='word_1_57' title='bbox 1635 960 1705 1019; x_wconf 91' lang='lat' dir='ltr'><strong>bar-</strong></span> 
     </span>
     <span class='ocr_line' id='line_1_7' title="bbox 349 1046 1705 1128; baseline -0.007 -18"><span class='ocrx_word' id='word_1_58' title='bbox 349 1054 462 1110; x_wconf 86' lang='lat' dir='ltr'><strong>moniae</strong></span> <span class='ocrx_word' id='word_1_59' title='bbox 485 1053 613 1109; x_wconf 89' lang='lat' dir='ltr'><strong>musicas</strong></span> <span class='ocrx_word' id='word_1_60' title='bbox 643 1056 672 1108; x_wconf 90' lang='lat' dir='ltr'><strong>et</strong></span> <span class='ocrx_word' id='word_1_61' title='bbox 700 1048 826 1108; x_wconf 84' lang='lat' dir='ltr'><strong>chordae</strong></span> <span class='ocrx_word' id='word_1_62' title='bbox 849 1052 995 1110; x_wconf 80' lang='lat' dir='ltr'><strong>secdnnes</strong></span> <span class='ocrx_word' id='word_1_63' title='bbox 1020 1066 1207 1128; x_wconf 50' lang='lat' dir='ltr'><strong>¹communem</strong></span> <span class='ocrx_word' id='word_1_64' title='bbox 1236 1050 1343 1111; x_wconf 86' lang='lat' dir='ltr'><strong>habere</strong></span> <span class='ocrx_word' id='word_1_65' title='bbox 1369 1052 1510 1125; x_wconf 75' lang='lat' dir='ltr'><strong>originem</strong></span> <span class='ocrx_word' id='word_1_66' title='bbox 1538 1067 1575 1107; x_wconf 85' lang='lat' dir='ltr'><strong>ex</strong></span> <span class='ocrx_word' id='word_1_67' title='bbox 1603 1046 1705 1123; x_wconf 73' lang='lat' dir='ltr'><strong>figaria</strong></span> 
     </span>
    </p>
   </div>
   <div class='ocr_carea' id='block_1_3' title="bbox 253 1134 1704 1215">
    <p class='ocr_par' dir='ltr' id='par_1_3' title="bbox 253 1134 1704 1215">
     <span class='ocr_line' id='line_1_8' title="bbox 253 1134 1704 1215; baseline -0.004 -19"><span class='ocrx_word' id='word_1_68' title='bbox 253 1141 255 1145; x_wconf 82' lang='lat'>&#39;</span> <span class='ocrx_word' id='word_1_69' title='bbox 346 1139 529 1215; x_wconf 75' lang='lat' dir='ltr'><strong>regularibus</strong></span> <span class='ocrx_word' id='word_1_70' title='bbox 551 1137 657 1213; x_wconf 85' lang='lat' dir='ltr'><strong>planis.</strong></span> <span class='ocrx_word' id='word_1_71' title='bbox 702 1135 740 1194; x_wconf 85' lang='lat' dir='ltr'><strong>Et</strong></span> <span class='ocrx_word' id='word_1_72' title='bbox 764 1136 928 1196; x_wconf 72' lang='lat' dir='ltr'><strong>Ptolemaei</strong></span> <span class='ocrx_word' id='word_1_73' title='bbox 951 1135 1069 1213; x_wconf 88' lang='lat' dir='ltr'><strong>quidem</strong></span> <span class='ocrx_word' id='word_1_74' title='bbox 1099 1141 1211 1199; x_wconf 86' lang='lat' dir='ltr'><strong>musica</strong></span> <span class='ocrx_word' id='word_1_75' title='bbox 1238 1152 1306 1196; x_wconf 91' lang='lat' dir='ltr'><strong>cum</strong></span> <span class='ocrx_word' id='word_1_76' title='bbox 1331 1140 1516 1214; x_wconf 65' lang='lat' dir='ltr'><strong>expositione</strong></span> <span class='ocrx_word' id='word_1_77' title='bbox 1539 1134 1704 1212; x_wconf 83' lang='lat' dir='ltr'><strong>Porphyrii,</strong></span> 
     </span>
    </p>
   </div>
   <div class='ocr_carea' id='block_1_4' title="bbox 297 1223 1713 4193">
    <p class='ocr_par' dir='ltr' id='par_1_4' title="bbox 346 1223 1706 1650">
     <span class='ocr_line' id='line_1_9' title="bbox 348 1223 1706 1302; baseline -0.004 -18"><span class='ocrx_word' id='word_1_78' title='bbox 348 1234 472 1302; x_wconf 85' lang='lat' dir='ltr'><strong>qnorum</strong></span> <span class='ocrx_word' id='word_1_79' title='bbox 503 1225 570 1284; x_wconf 88' lang='lat' dir='ltr'><strong>loon</strong></span> <span class='ocrx_word' id='word_1_80' title='bbox 599 1223 729 1298; x_wconf 81' lang='lat' dir='ltr'><strong>allegato</strong></span> <span class='ocrx_word' id='word_1_81' title='bbox 761 1227 937 1285; x_wconf 87' lang='lat' dir='ltr'><strong>mentionem</strong></span> <span class='ocrx_word' id='word_1_82' title='bbox 965 1226 1037 1294; x_wconf 86' lang='lat' dir='ltr'><strong>ieci,</strong></span> <span class='ocrx_word' id='word_1_83' title='bbox 1070 1225 1212 1285; x_wconf 86' lang='lat' dir='ltr'><strong>hactenus</strong></span> <span class='ocrx_word' id='word_1_84' title='bbox 1234 1229 1433 1301; x_wconf 87' lang='lat' dir='ltr'><strong>manuscripta</strong></span> <span class='ocrx_word' id='word_1_85' title='bbox 1455 1235 1559 1283; x_wconf 87' lang='lat' dir='ltr'><strong>nactus</strong></span> <span class='ocrx_word' id='word_1_86' title='bbox 1580 1238 1647 1281; x_wconf 89' lang='lat' dir='ltr'><strong>sum</strong></span> <span class='ocrx_word' id='word_1_87' title='bbox 1669 1239 1706 1280; x_wconf 80' lang='lat' dir='ltr'><strong>ex</strong></span> 
     </span>
     <span class='ocr_line' id='line_1_10' title="bbox 346 1309 1704 1387; baseline -0.004 -16"><span class='ocrx_word' id='word_1_88' title='bbox 346 1313 521 1373; x_wconf 82' lang='lat' dir='ltr'><strong>liberalitate</strong></span> <span class='ocrx_word' id='word_1_89' title='bbox 551 1310 601 1371; x_wconf 86' lang='lat' dir='ltr'><strong>Jo.</strong></span> <span class='ocrx_word' id='word_1_90' title='bbox 635 1309 756 1387; x_wconf 86' lang='lat' dir='ltr'><strong>Georgii</strong></span> <span class='ocrx_word' id='word_1_91' title='bbox 787 1310 941 1372; x_wconf 86' lang='lat' dir='ltr'><strong>He&#39;rrrardi</strong></span> <span class='ocrx_word' id='word_1_92' title='bbox 973 1312 1146 1371; x_wconf 82' lang='lat' dir='ltr'><strong>Cancellarii</strong></span> <span class='ocrx_word' id='word_1_93' title='bbox 1171 1313 1307 1371; x_wconf 86' lang='lat' dir='ltr'><strong>Barariei</strong></span> <span class='ocrx_word' id='word_1_94' title='bbox 1327 1316 1352 1384; x_wconf 83' lang='lat' dir='ltr'><strong>(v</strong></span> <span class='ocrx_word' id='word_1_95' title='bbox 1369 1332 1389 1369; x_wconf 79' lang='lat' dir='ltr'><strong>a.</strong></span> <span class='ocrx_word' id='word_1_96' title='bbox 1402 1333 1426 1380; x_wconf 89' lang='lat' dir='ltr'><strong>p.</strong></span> <span class='ocrx_word' id='word_1_97' title='bbox 1437 1316 1482 1384; x_wconf 83' lang='grc'>6.),</span> <span class='ocrx_word' id='word_1_98' title='bbox 1516 1329 1551 1369; x_wconf 87' lang='lat' dir='ltr'><strong>err</strong></span> <span class='ocrx_word' id='word_1_99' title='bbox 1582 1325 1704 1385; x_wconf 88' lang='lat' dir='ltr'><strong>qnorum</strong></span> 
     </span>
     <span class='ocr_line' id='line_1_11' title="bbox 348 1397 1704 1475; baseline -0.004 -18"><span class='ocrx_word' id='word_1_100' title='bbox 348 1399 424 1459; x_wconf 90' lang='lat' dir='ltr'><strong>libre</strong></span> <span class='ocrx_word' id='word_1_101' title='bbox 448 1402 534 1459; x_wconf 90' lang='lat' dir='ltr'><strong>tertio</strong></span> <span class='ocrx_word' id='word_1_102' title='bbox 557 1409 670 1475; x_wconf 90' lang='lat' dir='ltr'><strong>partem</strong></span> <span class='ocrx_word' id='word_1_103' title='bbox 692 1401 837 1474; x_wconf 90' lang='lat' dir='ltr'><strong>potiorem</strong></span> <span class='ocrx_word' id='word_1_104' title='bbox 860 1402 889 1456; x_wconf 90' lang='lat' dir='ltr'><strong>in</strong></span> <span class='ocrx_word' id='word_1_105' title='bbox 913 1399 1107 1475; x_wconf 83' lang='lat' dir='ltr'><strong>appendicem</strong></span> <span class='ocrx_word' id='word_1_106' title='bbox 1129 1399 1165 1458; x_wconf 90' lang='lat' dir='ltr'><strong>ad</strong></span> <span class='ocrx_word' id='word_1_107' title='bbox 1190 1401 1280 1459; x_wconf 91' lang='lat' dir='ltr'><strong>libros</strong></span> <span class='ocrx_word' id='word_1_108' title='bbox 1303 1398 1356 1457; x_wconf 88' lang='lat' dir='ltr'><strong>lV.</strong></span> <span class='ocrx_word' id='word_1_109' title='bbox 1381 1397 1410 1457; x_wconf 88' lang='lat' dir='ltr'><strong>et</strong></span> <span class='ocrx_word' id='word_1_110' title='bbox 1432 1397 1469 1457; x_wconf 92' lang='lat' dir='ltr'><strong>V.</strong></span> <span class='ocrx_word' id='word_1_111' title='bbox 1496 1397 1584 1472; x_wconf 90' lang='lat' dir='ltr'><strong>bajus</strong></span> <span class='ocrx_word' id='word_1_112' title='bbox 1608 1398 1704 1472; x_wconf 82' lang='lat' dir='ltr'><strong>operis</strong></span> 
     </span>
     <span class='ocr_line' id='line_1_12' title="bbox 346 1484 1703 1564; baseline -0.004 -19"><span class='ocrx_word' id='word_1_113' title='bbox 346 1486 501 1564; x_wconf 79' lang='lat' dir='ltr'><strong>transtuli3</strong></span> <span class='ocrx_word' id='word_1_114' title='bbox 532 1504 636 1545; x_wconf 86' lang='lat' dir='ltr'><strong>causas</strong></span> <span class='ocrx_word' id='word_1_115' title='bbox 660 1503 730 1544; x_wconf 85' lang='lat' dir='ltr'><strong>rero</strong></span> <span class='ocrx_word' id='word_1_116' title='bbox 762 1485 978 1545; x_wconf 87' lang='lat' dir='ltr'><strong>harmoniarum</strong></span> <span class='ocrx_word' id='word_1_117' title='bbox 1002 1490 1146 1562; x_wconf 82' lang='lat' dir='ltr'><strong>genuinas</strong></span> <span class='ocrx_word' id='word_1_118' title='bbox 1176 1490 1204 1544; x_wconf 94' lang='lat' dir='ltr'><strong>in</strong></span> <span class='ocrx_word' id='word_1_119' title='bbox 1228 1489 1264 1546; x_wconf 92' lang='lat' dir='ltr'><strong>iis</strong></span> <span class='ocrx_word' id='word_1_120' title='bbox 1292 1504 1351 1545; x_wconf 92' lang='lat' dir='ltr'><strong>non</strong></span> <span class='ocrx_word' id='word_1_121' title='bbox 1380 1488 1477 1545; x_wconf 88' lang='lat' dir='ltr'><strong>inveni</strong></span> <span class='ocrx_word' id='word_1_122' title='bbox 1511 1484 1644 1560; x_wconf 89' lang='lat' dir='ltr'><strong>adeoque</strong></span> <span class='ocrx_word' id='word_1_123' title='bbox 1667 1500 1703 1541; x_wconf 91' lang='lat' dir='ltr'><strong>ne</strong></span> 
     </span>
     <span class='ocr_line' id='line_1_13' title="bbox 349 1573 1569 1650; baseline -0.002 -17"><span class='ocrx_word' id='word_1_124' title='bbox 349 1578 512 1634; x_wconf 85' lang='lat' dir='ltr'><strong>sectionum</strong></span> <span class='ocrx_word' id='word_1_125' title='bbox 536 1573 653 1650; x_wconf 89' lang='lat' dir='ltr'><strong>quidem</strong></span> <span class='ocrx_word' id='word_1_126' title='bbox 675 1573 779 1633; x_wconf 90' lang='lat' dir='ltr'><strong>harum</strong></span> <span class='ocrx_word' id='word_1_127' title='bbox 803 1576 973 1649; x_wconf 89' lang='lat' dir='ltr'><strong>numerique</strong></span> <span class='ocrx_word' id='word_1_128' title='bbox 997 1592 1096 1632; x_wconf 87' lang='lat' dir='ltr'><strong>aarum</strong></span> <span class='ocrx_word' id='word_1_129' title='bbox 1119 1577 1276 1649; x_wconf 89' lang='lat' dir='ltr'><strong>septenarii</strong></span> <span class='ocrx_word' id='word_1_130' title='bbox 1301 1573 1363 1632; x_wconf 92' lang='lat' dir='ltr'><strong>ulla</strong></span> <span class='ocrx_word' id='word_1_131' title='bbox 1385 1573 1418 1631; x_wconf 89' lang='lat' dir='ltr'><strong>lit</strong></span> <span class='ocrx_word' id='word_1_132' title='bbox 1440 1575 1569 1633; x_wconf 82' lang='lat' dir='ltr'><strong>mentio.¹</strong></span> 
     </span>
    </p>

    <p class='ocr_par' dir='ltr' id='par_1_5' title="bbox 297 1657 1707 3031">
     <span class='ocr_line' id='line_1_14' title="bbox 434 1657 1702 1737; baseline -0.006 -16"><span class='ocrx_word' id='word_1_133' title='bbox 434 1662 497 1721; x_wconf 89' lang='lat' dir='ltr'><strong>Etsi</strong></span> <span class='ocrx_word' id='word_1_134' title='bbox 521 1677 590 1721; x_wconf 87' lang='lat' dir='ltr'><strong>vero</strong></span> <span class='ocrx_word' id='word_1_135' title='bbox 613 1668 725 1721; x_wconf 89' lang='lat' dir='ltr'><strong>mature</strong></span> <span class='ocrx_word' id='word_1_136' title='bbox 749 1664 821 1720; x_wconf 90' lang='lat' dir='ltr'><strong>satis</strong></span> <span class='ocrx_word' id='word_1_137' title='bbox 845 1661 1053 1734; x_wconf 87' lang='lat' dir='ltr'><strong>animadverti,</strong></span> <span class='ocrx_word' id='word_1_138' title='bbox 1080 1679 1184 1721; x_wconf 85' lang='lat' dir='ltr'><strong>causas</strong></span> <span class='ocrx_word' id='word_1_139' title='bbox 1208 1682 1226 1722; x_wconf 90' lang='lat' dir='ltr'><strong>a</strong></span> <span class='ocrx_word' id='word_1_140' title='bbox 1247 1662 1347 1736; x_wconf 82' lang='lat' dir='ltr'><strong>liguris</strong></span> <span class='ocrx_word' id='word_1_141' title='bbox 1371 1661 1468 1737; x_wconf 89' lang='lat' dir='ltr'><strong>planis</strong></span> <span class='ocrx_word' id='word_1_142' title='bbox 1490 1657 1646 1736; x_wconf 89' lang='lat' dir='ltr'><strong>petendas,</strong></span> <span class='ocrx_word' id='word_1_143' title='bbox 1669 1670 1702 1715; x_wconf 93' lang='lat' dir='ltr'><strong>nt</strong></span> 
     </span>
     <span class='ocr_line' id='line_1_15' title="bbox 348 1746 1703 1826; baseline -0.005 -17"><span class='ocrx_word' id='word_1_144' title='bbox 348 1750 431 1825; x_wconf 90' lang='lat' dir='ltr'><strong>cujus</strong></span> <span class='ocrx_word' id='word_1_145' title='bbox 453 1751 495 1808; x_wconf 92' lang='lat' dir='ltr'><strong>rei</strong></span> <span class='ocrx_word' id='word_1_146' title='bbox 517 1751 631 1808; x_wconf 87' lang='lat' dir='ltr'><strong>semina</strong></span> <span class='ocrx_word' id='word_1_147' title='bbox 648 1748 712 1824; x_wconf 81' lang='lat' dir='ltr'><strong>jam</strong></span> <span class='ocrx_word' id='word_1_148' title='bbox 734 1751 763 1806; x_wconf 91' lang='lat' dir='ltr'><strong>in</strong></span> <span class='ocrx_word' id='word_1_149' title='bbox 786 1749 917 1826; x_wconf 83' lang='lat' dir='ltr'><strong>allegato</strong></span> <span class='ocrx_word' id='word_1_150' title='bbox 939 1751 1035 1824; x_wconf 86' lang='lat' dir='ltr'><strong>eapite</strong></span> <span class='ocrx_word' id='word_1_151' title='bbox 1057 1748 1130 1817; x_wconf 84' lang='lat' dir='ltr'>XII.</span> <span class='ocrx_word' id='word_1_152' title='bbox 1154 1748 1288 1826; x_wconf 81' lang='lat' dir='ltr'><strong>Mysterii</strong></span> <span class='ocrx_word' id='word_1_153' title='bbox 1315 1750 1418 1825; x_wconf 89' lang='lat' dir='ltr'><strong>sparsa</strong></span> <span class='ocrx_word' id='word_1_154' title='bbox 1440 1746 1541 1820; x_wconf 86' lang='lat' dir='ltr'><strong>rides,</strong></span> <span class='ocrx_word' id='word_1_155' title='bbox 1572 1754 1703 1807; x_wconf 82' lang='lat' dir='ltr'><strong>attamen</strong></span> 
     </span>
     <span class='ocr_line' id='line_1_16' title="bbox 348 1833 1703 1913; baseline -0.004 -17"><span class='ocrx_word' id='word_1_156' title='bbox 348 1836 398 1896; x_wconf 93' lang='lat' dir='ltr'><strong>diu</strong></span> <span class='ocrx_word' id='word_1_157' title='bbox 426 1834 584 1896; x_wconf 90' lang='lat' dir='ltr'><strong>admodum</strong></span> <span class='ocrx_word' id='word_1_158' title='bbox 613 1853 660 1895; x_wconf 92' lang='lat' dir='ltr'><strong>me</strong></span> <span class='ocrx_word' id='word_1_159' title='bbox 688 1843 850 1909; x_wconf 89' lang='lat' dir='ltr'><strong>terserunt,</strong></span> <span class='ocrx_word' id='word_1_160' title='bbox 881 1838 1051 1913; x_wconf 83' lang='lat' dir='ltr'><strong>priusquam</strong></span> <span class='ocrx_word' id='word_1_161' title='bbox 1082 1837 1218 1895; x_wconf 89' lang='lat' dir='ltr'><strong>omnibus</strong></span> <span class='ocrx_word' id='word_1_162' title='bbox 1246 1838 1336 1895; x_wconf 86' lang='lat' dir='ltr'><strong>animi</strong></span> <span class='ocrx_word' id='word_1_163' title='bbox 1366 1836 1423 1894; x_wconf 90' lang='lat' dir='ltr'><strong>mei</strong></span> <span class='ocrx_word' id='word_1_164' title='bbox 1445 1833 1591 1912; x_wconf 92' lang='lat' dir='ltr'><strong>scrupulis</strong></span> <span class='ocrx_word' id='word_1_165' title='bbox 1612 1834 1703 1891; x_wconf 90' lang='lat' dir='ltr'><strong>satls·</strong></span> 
     </span>
     <span class='ocr_line' id='line_1_17' title="bbox 349 1916 1704 2000; baseline -0.003 -18"><span class='ocrx_word' id='word_1_166' title='bbox 349 1923 440 1983; x_wconf 89' lang='lat' dir='ltr'><strong>fieret.</strong></span> <span class='ocrx_word' id='word_1_167' title='bbox 486 1923 615 1982; x_wconf 90' lang='lat' dir='ltr'><strong>Primum</strong></span> <span class='ocrx_word' id='word_1_168' title='bbox 638 1924 715 1983; x_wconf 89' lang='lat' dir='ltr'><strong>enim</strong></span> <span class='ocrx_word' id='word_1_169' title='bbox 738 1923 850 2000; x_wconf 84' lang='lat' dir='ltr'><strong>figurae</strong></span> <span class='ocrx_word' id='word_1_170' title='bbox 866 1923 1109 1983; x_wconf 86' lang='lat' dir='ltr'><strong>demonstrabiles</strong></span> <span class='ocrx_word' id='word_1_171' title='bbox 1133 1941 1151 1983; x_wconf 88' lang='lat' dir='ltr'><strong>a</strong></span> <span class='ocrx_word' id='word_1_172' title='bbox 1172 1941 1231 1983; x_wconf 92' lang='lat' dir='ltr'><strong>non</strong></span> <span class='ocrx_word' id='word_1_173' title='bbox 1254 1923 1529 1982; x_wconf 89' lang='lat' dir='ltr'><strong>demonstrabilibus</strong></span> <span class='ocrx_word' id='word_1_174' title='bbox 1551 1916 1637 1982; x_wconf 87' lang='lat' dir='ltr'><strong>erent</strong></span> <span class='ocrx_word' id='word_1_175' title='bbox 1655 1937 1704 1978; x_wconf 92' lang='lat' dir='ltr'><strong>se·</strong></span> 
     </span>
     <span class='ocr_line' id='line_1_18' title="bbox 350 2007 1702 2088; baseline -0.003 -18"><span class='ocrx_word' id='word_1_176' title='bbox 350 2011 508 2088; x_wconf 88' lang='lat' dir='ltr'><strong>parandae,</strong></span> <span class='ocrx_word' id='word_1_177' title='bbox 532 2019 637 2087; x_wconf 88' lang='lat' dir='ltr'><strong>postea</strong></span> <span class='ocrx_word' id='word_1_178' title='bbox 660 2028 751 2071; x_wconf 86' lang='lat' dir='ltr'><strong>cansa</strong></span> <span class='ocrx_word' id='word_1_179' title='bbox 771 2010 968 2086; x_wconf 82' lang='lat' dir='ltr'><strong>invenienda,</strong></span> <span class='ocrx_word' id='word_1_180' title='bbox 991 2028 1056 2084; x_wconf 91' lang='lat' dir='ltr'><strong>cur,</strong></span> <span class='ocrx_word' id='word_1_181' title='bbox 1079 2029 1145 2071; x_wconf 91' lang='lat' dir='ltr'><strong>enm</strong></span> <span class='ocrx_word' id='word_1_182' title='bbox 1167 2014 1312 2071; x_wconf 89' lang='lat' dir='ltr'><strong>sectiones</strong></span> <span class='ocrx_word' id='word_1_183' title='bbox 1334 2011 1392 2071; x_wconf 90' lang='lat' dir='ltr'><strong>hae</strong></span> <span class='ocrx_word' id='word_1_184' title='bbox 1415 2017 1513 2070; x_wconf 89' lang='lat' dir='ltr'><strong>essent</strong></span> <span class='ocrx_word' id='word_1_185' title='bbox 1535 2026 1571 2069; x_wconf 84' lang='lat' dir='ltr'><strong>ex</strong></span> <span class='ocrx_word' id='word_1_186' title='bbox 1593 2007 1702 2084; x_wconf 81' lang='lat' dir='ltr'><strong>figuris,</strong></span> 
     </span>
     <span class='ocr_line' id='line_1_19' title="bbox 349 2098 1703 2175; baseline -0.003 -17"><span class='ocrx_word' id='word_1_187' title='bbox 349 2100 492 2159; x_wconf 88' lang='lat' dir='ltr'><strong>sectiones</strong></span> <span class='ocrx_word' id='word_1_188' title='bbox 516 2099 634 2174; x_wconf 90' lang='lat' dir='ltr'><strong>quidem</strong></span> <span class='ocrx_word' id='word_1_189' title='bbox 656 2101 732 2156; x_wconf 90' lang='lat' dir='ltr'><strong>intra</strong></span> <span class='ocrx_word' id='word_1_190' title='bbox 753 2101 949 2175; x_wconf 88' lang='lat' dir='ltr'><strong>septenarium</strong></span> <span class='ocrx_word' id='word_1_191' title='bbox 972 2100 1180 2172; x_wconf 85' lang='lat' dir='ltr'><strong>consisterent,</strong></span> <span class='ocrx_word' id='word_1_192' title='bbox 1212 2099 1321 2175; x_wconf 81' lang='lat' dir='ltr'><strong>figurae</strong></span> <span class='ocrx_word' id='word_1_193' title='bbox 1344 2101 1375 2156; x_wconf 88' lang='lat' dir='ltr'><strong>in</strong></span> <span class='ocrx_word' id='word_1_194' title='bbox 1397 2098 1542 2156; x_wconf 91' lang='lat' dir='ltr'><strong>inlinitum</strong></span> <span class='ocrx_word' id='word_1_195' title='bbox 1565 2112 1703 2155; x_wconf 89' lang='lat' dir='ltr'><strong>excurre·</strong></span> 
     </span>
     <span class='ocr_line' id='line_1_20' title="bbox 349 2178 1707 2267; baseline -0.003 -23"><span class='ocrx_word' id='word_1_196' title='bbox 349 2178 421 2247; x_wconf 83' lang='lat' dir='ltr'><strong>rent</strong></span> <span class='ocrx_word' id='word_1_197' title='bbox 466 2185 566 2246; x_wconf 79' lang='lat' dir='ltr'><strong>Tertio</strong></span> <span class='ocrx_word' id='word_1_198' title='bbox 590 2185 744 2245; x_wconf 88' lang='lat' dir='ltr'><strong>discrimen</strong></span> <span class='ocrx_word' id='word_1_199' title='bbox 767 2189 843 2248; x_wconf 91' lang='lat' dir='ltr'><strong>inter</strong></span> <span class='ocrx_word' id='word_1_200' title='bbox 858 2186 1186 2267; x_wconf 82' lang='lat' dir='ltr'><strong>pantehaedeeegonum</strong></span> <span class='ocrx_word' id='word_1_201' title='bbox 1205 2194 1234 2246; x_wconf 91' lang='lat' dir='ltr'><strong>et</strong></span> <span class='ocrx_word' id='word_1_202' title='bbox 1251 2185 1494 2247; x_wconf 87' lang='lat' dir='ltr'><strong>demonstrabiles</strong></span> <span class='ocrx_word' id='word_1_203' title='bbox 1509 2191 1621 2245; x_wconf 83' lang='lat' dir='ltr'><strong>ceteras</strong></span> <span class='ocrx_word' id='word_1_204' title='bbox 1643 2189 1707 2241; x_wconf 91' lang='lat' dir='ltr'><strong>erat</strong></span> 
     </span>
     <span class='ocr_line' id='line_1_21' title="bbox 348 2272 1706 2349; baseline -0.002 -18"><span class='ocrx_word' id='word_1_205' title='bbox 348 2272 545 2343; x_wconf 90' lang='lat' dir='ltr'><strong>statuendum,</strong></span> <span class='ocrx_word' id='word_1_206' title='bbox 569 2275 639 2349; x_wconf 90' lang='lat' dir='ltr'><strong>qnia</strong></span> <span class='ocrx_word' id='word_1_207' title='bbox 662 2272 733 2347; x_wconf 87' lang='lat' dir='ltr'><strong>vidi,</strong></span> <span class='ocrx_word' id='word_1_208' title='bbox 757 2272 881 2349; x_wconf 83' lang='lat' dir='ltr'><strong>figuram</strong></span> <span class='ocrx_word' id='word_1_209' title='bbox 904 2274 985 2332; x_wconf 89' lang='lat' dir='ltr'><strong>illam</strong></span> <span class='ocrx_word' id='word_1_210' title='bbox 1009 2272 1158 2333; x_wconf 84' lang='lat' dir='ltr'><strong>exclusam</strong></span> <span class='ocrx_word' id='word_1_211' title='bbox 1182 2291 1246 2334; x_wconf 91' lang='lat' dir='ltr'><strong>esse</strong></span> <span class='ocrx_word' id='word_1_212' title='bbox 1268 2275 1307 2334; x_wconf 89' lang='lat' dir='ltr'><strong>ab</strong></span> <span class='ocrx_word' id='word_1_213' title='bbox 1330 2274 1547 2333; x_wconf 88' lang='lat' dir='ltr'><strong>harmoniarum</strong></span> <span class='ocrx_word' id='word_1_214' title='bbox 1567 2286 1706 2347; x_wconf 87' lang='lat' dir='ltr'><strong>procrea·</strong></span> 
     </span>
     <span class='ocr_line' id='line_1_22' title="bbox 348 2352 1703 2437; baseline -0.003 -19"><span class='ocrx_word' id='word_1_215' title='bbox 348 2362 438 2431; x_wconf 90' lang='lat' dir='ltr'><strong>tiene,</strong></span> <span class='ocrx_word' id='word_1_216' title='bbox 467 2367 542 2421; x_wconf 91' lang='lat' dir='ltr'><strong>teste</strong></span> <span class='ocrx_word' id='word_1_217' title='bbox 570 2360 683 2420; x_wconf 88' lang='lat' dir='ltr'><strong>auditu.</strong></span> <span class='ocrx_word' id='word_1_218' title='bbox 727 2361 767 2419; x_wconf 86' lang='lat' dir='ltr'><strong>Et</strong></span> <span class='ocrx_word' id='word_1_219' title='bbox 795 2361 945 2421; x_wconf 84' lang='lat' dir='ltr'><strong>habebant</strong></span> <span class='ocrx_word' id='word_1_220' title='bbox 976 2361 1094 2436; x_wconf 80' lang='lat' dir='ltr'><strong>singula</strong></span> <span class='ocrx_word' id='word_1_221' title='bbox 1122 2362 1221 2437; x_wconf 90' lang='lat' dir='ltr'><strong>capita</strong></span> <span class='ocrx_word' id='word_1_222' title='bbox 1249 2379 1320 2421; x_wconf 87' lang='lat' dir='ltr'><strong>snas</strong></span> <span class='ocrx_word' id='word_1_223' title='bbox 1342 2352 1494 2421; x_wconf 80' lang='lat' dir='ltr'><strong>cautiones</strong></span> <span class='ocrx_word' id='word_1_224' title='bbox 1517 2359 1703 2429; x_wconf 89' lang='lat' dir='ltr'><strong>concisiores,</strong></span> 
     </span>
     <span class='ocr_line' id='line_1_23' title="bbox 349 2446 1706 2525; baseline -0.002 -20"><span class='ocrx_word' id='word_1_225' title='bbox 349 2463 472 2523; x_wconf 82' lang='lat' dir='ltr'><strong>quarum</strong></span> <span class='ocrx_word' id='word_1_226' title='bbox 494 2463 554 2506; x_wconf 90' lang='lat' dir='ltr'><strong>nna</strong></span> <span class='ocrx_word' id='word_1_227' title='bbox 575 2447 728 2523; x_wconf 85' lang='lat' dir='ltr'><strong>quaelihet</strong></span> <span class='ocrx_word' id='word_1_228' title='bbox 747 2466 794 2506; x_wconf 92' lang='lat' dir='ltr'><strong>me</strong></span> <span class='ocrx_word' id='word_1_229' title='bbox 817 2447 867 2507; x_wconf 91' lang='lat' dir='ltr'><strong>diu</strong></span> <span class='ocrx_word' id='word_1_230' title='bbox 890 2451 985 2508; x_wconf 90' lang='lat' dir='ltr'><strong>tenuit</strong></span> <span class='ocrx_word' id='word_1_231' title='bbox 1008 2458 1192 2524; x_wconf 88' lang='lat' dir='ltr'><strong>occupatum.</strong></span> <span class='ocrx_word' id='word_1_232' title='bbox 1239 2448 1380 2525; x_wconf 80' lang='lat' dir='ltr'><strong>Exemplo</strong></span> <span class='ocrx_word' id='word_1_233' title='bbox 1406 2451 1446 2508; x_wconf 92' lang='lat' dir='ltr'><strong>sit</strong></span> <span class='ocrx_word' id='word_1_234' title='bbox 1458 2463 1542 2525; x_wconf 86' lang='lat' dir='ltr'><strong>prop.</strong></span> <span class='ocrx_word' id='word_1_235' title='bbox 1560 2446 1593 2520; x_wconf 85' lang='lat' dir='ltr'><strong>b,</strong></span> <span class='ocrx_word' id='word_1_236' title='bbox 1617 2460 1706 2521; x_wconf 85' lang='lat' dir='ltr'><strong>qnam</strong></span> 
     </span>
     <span class='ocr_line' id='line_1_24' title="bbox 352 2532 1706 2614; baseline -0.003 -21"><span class='ocrx_word' id='word_1_237' title='bbox 352 2534 454 2593; x_wconf 89' lang='lat' dir='ltr'><strong>ultime</strong></span> <span class='ocrx_word' id='word_1_238' title='bbox 477 2536 622 2609; x_wconf 90' lang='lat' dir='ltr'><strong>omnium,</strong></span> <span class='ocrx_word' id='word_1_239' title='bbox 655 2551 722 2594; x_wconf 92' lang='lat' dir='ltr'><strong>cnm</strong></span> <span class='ocrx_word' id='word_1_240' title='bbox 740 2534 804 2611; x_wconf 86' lang='lat' dir='ltr'><strong>jam</strong></span> <span class='ocrx_word' id='word_1_241' title='bbox 827 2535 1021 2596; x_wconf 87' lang='lat' dir='ltr'><strong>describerem</strong></span> <span class='ocrx_word' id='word_1_242' title='bbox 1044 2550 1132 2611; x_wconf 85' lang='lat' dir='ltr'><strong>opus,</strong></span> <span class='ocrx_word' id='word_1_243' title='bbox 1164 2535 1225 2594; x_wconf 86' lang='lat' dir='ltr'><strong>ridi</strong></span> <span class='ocrx_word' id='word_1_244' title='bbox 1249 2535 1430 2614; x_wconf 83' lang='lat' dir='ltr'><strong>addendam,</strong></span> <span class='ocrx_word' id='word_1_245' title='bbox 1461 2532 1540 2612; x_wconf 79' lang='lat' dir='ltr'><strong>qued</strong></span> <span class='ocrx_word' id='word_1_246' title='bbox 1562 2532 1706 2591; x_wconf 90' lang='lat' dir='ltr'><strong>hactenns</strong></span> 
     </span>
     <span class='ocr_line' id='line_1_25' title="bbox 348 2614 1705 2703; baseline 0 -24"><span class='ocrx_word' id='word_1_247' title='bbox 348 2624 561 2697; x_wconf 81' lang='lat' dir='ltr'><strong>ignoraveram.</strong></span> <span class='ocrx_word' id='word_1_248' title='bbox 600 2622 671 2681; x_wconf 75' lang='lat' dir='ltr'><strong>Nisi</strong></span> <span class='ocrx_word' id='word_1_249' title='bbox 700 2623 778 2682; x_wconf 92' lang='lat' dir='ltr'><strong>enlm</strong></span> <span class='ocrx_word' id='word_1_250' title='bbox 802 2630 832 2682; x_wconf 90' lang='lat' dir='ltr'><strong>et</strong></span> <span class='ocrx_word' id='word_1_251' title='bbox 859 2623 910 2681; x_wconf 88' lang='lat' dir='ltr'><strong>illa</strong></span> <span class='ocrx_word' id='word_1_252' title='bbox 931 2624 1006 2683; x_wconf 90' lang='lat' dir='ltr'><strong>inter</strong></span> <span class='ocrx_word' id='word_1_253' title='bbox 1036 2624 1180 2700; x_wconf 86' lang='lat' dir='ltr'><strong>principia</strong></span> <span class='ocrx_word' id='word_1_254' title='bbox 1203 2630 1296 2697; x_wconf 87' lang='lat' dir='ltr'><strong>essct,</strong></span> <span class='ocrx_word' id='word_1_255' title='bbox 1330 2632 1359 2683; x_wconf 93' lang='lat' dir='ltr'><strong>et</strong></span> <span class='ocrx_word' id='word_1_256' title='bbox 1381 2625 1406 2681; x_wconf 90' lang='lat' dir='ltr'><strong>si</strong></span> <span class='ocrx_word' id='word_1_257' title='bbox 1430 2622 1512 2683; x_wconf 86' lang='lat' dir='ltr'><strong>verbi</strong></span> <span class='ocrx_word' id='word_1_258' title='bbox 1534 2637 1625 2681; x_wconf 77' lang='lat' dir='ltr'><strong>causa</strong></span> <span class='ocrx_word' id='word_1_259' title='bbox 1649 2614 1705 2703; x_wconf 52' lang='grc' dir='ltr'><strong>Ἄ,</strong></span> 
     </span>
     <span class='ocr_line' id='line_1_26' title="bbox 349 2702 1704 2791; baseline -0.001 -26"><span class='ocrx_word' id='word_1_260' title='bbox 349 2716 505 2786; x_wconf 84' lang='lat' dir='ltr'><strong>propterea</strong></span> <span class='ocrx_word' id='word_1_261' title='bbox 533 2714 631 2769; x_wconf 80' lang='lat' dir='ltr'><strong>essent</strong></span> <span class='ocrx_word' id='word_1_262' title='bbox 661 2716 749 2785; x_wconf 86' lang='lat' dir='ltr'><strong>aptae</strong></span> <span class='ocrx_word' id='word_1_263' title='bbox 778 2710 816 2768; x_wconf 89' lang='lat' dir='ltr'><strong>ad</strong></span> <span class='ocrx_word' id='word_1_264' title='bbox 838 2709 1026 2770; x_wconf 86' lang='lat' dir='ltr'><strong>statuendam</strong></span> <span class='ocrx_word' id='word_1_265' title='bbox 1055 2711 1252 2785; x_wconf 86' lang='lat' dir='ltr'><strong>harmoniam,</strong></span> <span class='ocrx_word' id='word_1_266' title='bbox 1283 2713 1353 2788; x_wconf 91' lang='lat' dir='ltr'><strong>qnia</strong></span> <span class='ocrx_word' id='word_1_267' title='bbox 1375 2716 1444 2769; x_wconf 92' lang='lat' dir='ltr'><strong>sunt</strong></span> <span class='ocrx_word' id='word_1_268' title='bbox 1466 2726 1518 2786; x_wconf 88' lang='lat' dir='ltr'><strong>per</strong></span> <span class='ocrx_word' id='word_1_269' title='bbox 1538 2703 1598 2791; x_wconf 54' lang='grc' dir='ltr'><strong>Ἃ,</strong></span> <span class='ocrx_word' id='word_1_270' title='bbox 1620 2702 1704 2787; x_wconf 85' lang='lat' dir='ltr'><strong>(cnm</strong></span> 
     </span>
     <span class='ocr_line' id='line_1_27' title="bbox 351 2792 1706 2880; baseline 0.001 -26"><span class='ocrx_word' id='word_1_271' title='bbox 351 2797 459 2873; x_wconf 88' lang='lat' dir='ltr'><strong>quihus</strong></span> <span class='ocrx_word' id='word_1_272' title='bbox 482 2796 697 2856; x_wconf 86' lang='lat' dir='ltr'><strong>semicirculum</strong></span> <span class='ocrx_word' id='word_1_273' title='bbox 719 2793 846 2880; x_wconf 85' lang='lat' dir='ltr'><strong>faciunt)</strong></span> <span class='ocrx_word' id='word_1_274' title='bbox 869 2798 1129 2872; x_wconf 89' lang='lat' dir='ltr'><strong>demonstrabiles,</strong></span> <span class='ocrx_word' id='word_1_275' title='bbox 1160 2807 1230 2858; x_wconf 90' lang='lat' dir='ltr'><strong>tnnc</strong></span> <span class='ocrx_word' id='word_1_276' title='bbox 1257 2805 1287 2857; x_wconf 90' lang='lat' dir='ltr'><strong>et</strong></span> <span class='ocrx_word' id='word_1_277' title='bbox 1310 2794 1362 2880; x_wconf 63' lang='lat' dir='ltr'><strong>U„</strong></span> <span class='ocrx_word' id='word_1_278' title='bbox 1386 2806 1415 2858; x_wconf 92' lang='lat' dir='ltr'><strong>et</strong></span> <span class='ocrx_word' id='word_1_279' title='bbox 1438 2794 1476 2880; x_wconf 61' lang='lat' dir='ltr'><strong>il,</strong></span> <span class='ocrx_word' id='word_1_280' title='bbox 1501 2812 1594 2872; x_wconf 91' lang='lat' dir='ltr'><strong>eoque</strong></span> <span class='ocrx_word' id='word_1_281' title='bbox 1616 2802 1646 2855; x_wconf 84' lang='lat' dir='ltr'><strong>et</strong></span> <span class='ocrx_word' id='word_1_282' title='bbox 1669 2792 1706 2873; x_wconf 60' lang='grc' dir='ltr'><strong>Ὗ,</strong></span> 
     </span>
     <span class='ocr_line' id='line_1_28' title="bbox 349 2880 1707 2967; baseline -0.005 -23"><span class='ocrx_word' id='word_1_283' title='bbox 349 2891 380 2944; x_wconf 84' lang='lat' dir='ltr'><strong>et</strong></span> <span class='ocrx_word' id='word_1_284' title='bbox 408 2880 444 2967; x_wconf 60' lang='grc' dir='ltr'><strong>Ὺ,</strong></span> <span class='ocrx_word' id='word_1_285' title='bbox 467 2882 635 2944; x_wconf 85' lang='lat' dir='ltr'><strong>harmonias</strong></span> <span class='ocrx_word' id='word_1_286' title='bbox 657 2885 752 2945; x_wconf 84' lang='lat' dir='ltr'><strong>iecere</strong></span> <span class='ocrx_word' id='word_1_287' title='bbox 775 2888 1025 2959; x_wconf 86' lang='lat' dir='ltr'><strong>convincerentur,</strong></span> <span class='ocrx_word' id='word_1_288' title='bbox 1050 2885 1130 2962; x_wconf 90' lang='lat' dir='ltr'><strong>quod</strong></span> <span class='ocrx_word' id='word_1_289' title='bbox 1145 2887 1281 2945; x_wconf 88' lang='lat' dir='ltr'><strong>omnihus</strong></span> <span class='ocrx_word' id='word_1_290' title='bbox 1297 2884 1392 2946; x_wconf 89' lang='lat' dir='ltr'><strong>modis</strong></span> <span class='ocrx_word' id='word_1_291' title='bbox 1406 2885 1562 2962; x_wconf 89' lang='lat' dir='ltr'><strong>repudiant</strong></span> <span class='ocrx_word' id='word_1_292' title='bbox 1577 2888 1608 2942; x_wconf 91' lang='lat' dir='ltr'><strong>et</strong></span> <span class='ocrx_word' id='word_1_293' title='bbox 1622 2895 1707 2940; x_wconf 88' lang='lat' dir='ltr'><strong>aures</strong></span> 
     </span>
     <span class='ocr_line' id='line_1_29' title="bbox 297 2966 684 3031; baseline -0.005 0"><span class='ocrx_word' id='word_1_294' title='bbox 297 2966 301 2981; x_wconf 64' lang='lat'><strong>⁴</strong></span> <span class='ocrx_word' id='word_1_295' title='bbox 348 2976 381 3031; x_wconf 90' lang='lat' dir='ltr'><strong>&#39;et</strong></span> <span class='ocrx_word' id='word_1_296' title='bbox 403 2971 553 3031; x_wconf 87' lang='lat' dir='ltr'><strong>axiomata</strong></span> <span class='ocrx_word' id='word_1_297' title='bbox 574 2979 684 3031; x_wconf 74' lang='lat' dir='ltr'><strong>nosue.</strong></span> 
     </span>
    </p>

    <p class='ocr_par' dir='ltr' id='par_1_6' title="bbox 349 3057 1713 4193">
     <span class='ocr_line' id='line_1_30' title="bbox 437 3057 1706 3138; baseline -0.002 -21"><span class='ocrx_word' id='word_1_298' title='bbox 437 3057 532 3135; x_wconf 83' lang='lat' dir='ltr'><strong>Igitur</strong></span> <span class='ocrx_word' id='word_1_299' title='bbox 554 3059 603 3119; x_wconf 89' lang='lat' dir='ltr'><strong>vel</strong></span> <span class='ocrx_word' id='word_1_300' title='bbox 625 3058 840 3137; x_wconf 75' lang='lat' dir='ltr'><strong>selandegato</strong></span> <span class='ocrx_word' id='word_1_301' title='bbox 864 3060 931 3119; x_wconf 91' lang='lat' dir='ltr'><strong>libri</strong></span> <span class='ocrx_word' id='word_1_302' title='bbox 953 3063 1010 3121; x_wconf 91' lang='lat' dir='ltr'><strong>mei</strong></span> <span class='ocrx_word' id='word_1_303' title='bbox 1024 3060 1159 3138; x_wconf 86' lang='lat' dir='ltr'><strong>Mysterii</strong></span> <span class='ocrx_word' id='word_1_304' title='bbox 1181 3060 1422 3137; x_wconf 76' lang='lat' dir='ltr'><strong>Cosmograpbiei</strong></span> <span class='ocrx_word' id='word_1_305' title='bbox 1445 3057 1613 3118; x_wconf 90' lang='lat' dir='ltr'><strong>testimonie</strong></span> <span class='ocrx_word' id='word_1_306' title='bbox 1635 3058 1706 3115; x_wconf 85' lang='lat' dir='ltr'><strong>satis</strong></span> 
     </span>
     <span class='ocr_line' id='line_1_31' title="bbox 354 3143 1708 3225; baseline -0.002 -20"><span class='ocrx_word' id='word_1_307' title='bbox 354 3153 399 3205; x_wconf 88' lang='lat' dir='ltr'><strong>est</strong></span> <span class='ocrx_word' id='word_1_308' title='bbox 420 3147 549 3206; x_wconf 87' lang='lat' dir='ltr'><strong>munitos</strong></span> <span class='ocrx_word' id='word_1_309' title='bbox 573 3146 692 3207; x_wconf 89' lang='lat' dir='ltr'><strong>auditus</strong></span> <span class='ocrx_word' id='word_1_310' title='bbox 715 3155 818 3207; x_wconf 89' lang='lat' dir='ltr'><strong>contra</strong></span> <span class='ocrx_word' id='word_1_311' title='bbox 840 3148 1038 3225; x_wconf 87' lang='lat' dir='ltr'><strong>sophistarum</strong></span> <span class='ocrx_word' id='word_1_312' title='bbox 1062 3149 1298 3222; x_wconf 89' lang='lat' dir='ltr'><strong>obtrectationes,</strong></span> <span class='ocrx_word' id='word_1_313' title='bbox 1320 3148 1409 3207; x_wconf 91' lang='lat' dir='ltr'><strong>fidem</strong></span> <span class='ocrx_word' id='word_1_314' title='bbox 1423 3147 1544 3206; x_wconf 84' lang='lat' dir='ltr'><strong>auribus</strong></span> <span class='ocrx_word' id='word_1_315' title='bbox 1568 3143 1708 3219; x_wconf 72' lang='lat' dir='ltr'><strong>derogare</strong></span> 
     </span>
     <span class='ocr_line' id='line_1_32' title="bbox 352 3230 1707 3312; baseline -0.004 -19"><span class='ocrx_word' id='word_1_316' title='bbox 352 3249 477 3293; x_wconf 88' lang='lat' dir='ltr'><strong>ausuras</strong></span> <span class='ocrx_word' id='word_1_317' title='bbox 500 3234 578 3293; x_wconf 87' lang='lat' dir='ltr'><strong>circs</strong></span> <span class='ocrx_word' id='word_1_318' title='bbox 600 3233 760 3295; x_wconf 84' lang='lat' dir='ltr'><strong>divisiones</strong></span> <span class='ocrx_word' id='word_1_319' title='bbox 782 3235 857 3294; x_wconf 89' lang='lat' dir='ltr'><strong>adse</strong></span> <span class='ocrx_word' id='word_1_320' title='bbox 880 3238 1007 3295; x_wconf 90' lang='lat' dir='ltr'><strong>minutas</strong></span> <span class='ocrx_word' id='word_1_321' title='bbox 1031 3244 1061 3295; x_wconf 91' lang='lat' dir='ltr'><strong>et</strong></span> <span class='ocrx_word' id='word_1_322' title='bbox 1082 3234 1323 3312; x_wconf 88' lang='lat' dir='ltr'><strong>dijudicationem</strong></span> <span class='ocrx_word' id='word_1_323' title='bbox 1339 3233 1613 3294; x_wconf 84' lang='lat' dir='ltr'><strong>concordantierum</strong></span> <span class='ocrx_word' id='word_1_324' title='bbox 1633 3230 1707 3290; x_wconf 76' lang='lat' dir='ltr'><strong>eub-</strong></span> 
     </span>
     <span class='ocr_line' id='line_1_33' title="bbox 353 3321 1707 3399; baseline -0.003 -20"><span class='ocrx_word' id='word_1_325' title='bbox 353 3321 535 3396; x_wconf 80' lang='lat' dir='ltr'><strong>tilissimam3</strong></span> <span class='ocrx_word' id='word_1_326' title='bbox 558 3324 667 3399; x_wconf 88' lang='lat' dir='ltr'><strong>qnippe</strong></span> <span class='ocrx_word' id='word_1_327' title='bbox 690 3339 756 3381; x_wconf 91' lang='lat' dir='ltr'><strong>eum</strong></span> <span class='ocrx_word' id='word_1_328' title='bbox 779 3322 878 3382; x_wconf 90' lang='lat' dir='ltr'><strong>rideat</strong></span> <span class='ocrx_word' id='word_1_329' title='bbox 899 3322 1006 3397; x_wconf 88' lang='lat' dir='ltr'><strong>lector,</strong></span> <span class='ocrx_word' id='word_1_330' title='bbox 1031 3341 1077 3382; x_wconf 91' lang='lat' dir='ltr'><strong>me</strong></span> <span class='ocrx_word' id='word_1_331' title='bbox 1098 3322 1187 3383; x_wconf 91' lang='lat' dir='ltr'><strong>fidem</strong></span> <span class='ocrx_word' id='word_1_332' title='bbox 1209 3326 1323 3382; x_wconf 89' lang='lat' dir='ltr'><strong>aurium</strong></span> <span class='ocrx_word' id='word_1_333' title='bbox 1346 3322 1397 3382; x_wconf 92' lang='lat' dir='ltr'><strong>illc</strong></span> <span class='ocrx_word' id='word_1_334' title='bbox 1420 3329 1552 3397; x_wconf 90' lang='lat' dir='ltr'><strong>tempore</strong></span> <span class='ocrx_word' id='word_1_335' title='bbox 1574 3328 1707 3379; x_wconf 85' lang='lat' dir='ltr'><strong>secutum</strong></span> 
     </span>
     <span class='ocr_line' id='line_1_34' title="bbox 353 3408 1706 3484; baseline -0.003 -17"><span class='ocrx_word' id='word_1_336' title='bbox 353 3424 419 3467; x_wconf 90' lang='lat' dir='ltr'><strong>esse</strong></span> <span class='ocrx_word' id='word_1_337' title='bbox 442 3408 700 3469; x_wconf 73' lang='lat' dir='ltr'><strong>in‘eenstitueudo</strong></span> <span class='ocrx_word' id='word_1_338' title='bbox 723 3412 885 3468; x_wconf 87' lang='lat' dir='ltr'><strong>sectionum</strong></span> <span class='ocrx_word' id='word_1_339' title='bbox 907 3408 1037 3484; x_wconf 82' lang='lat' dir='ltr'><strong>numere,</strong></span> <span class='ocrx_word' id='word_1_340' title='bbox 1062 3427 1128 3469; x_wconf 88' lang='lat' dir='ltr'><strong>eum</strong></span> <span class='ocrx_word' id='word_1_341' title='bbox 1150 3410 1247 3470; x_wconf 91' lang='lat' dir='ltr'><strong>adhuc</strong></span> <span class='ocrx_word' id='word_1_342' title='bbox 1270 3410 1305 3470; x_wconf 91' lang='lat' dir='ltr'><strong>de</strong></span> <span class='ocrx_word' id='word_1_343' title='bbox 1329 3411 1426 3468; x_wconf 89' lang='lat' dir='ltr'><strong>causis</strong></span> <span class='ocrx_word' id='word_1_344' title='bbox 1448 3408 1628 3478; x_wconf 86' lang='lat' dir='ltr'><strong>laborarem,</strong></span> <span class='ocrx_word' id='word_1_345' title='bbox 1651 3421 1706 3464; x_wconf 90' lang='lat' dir='ltr'><strong>nec</strong></span> 
     </span>
     <span class='ocr_line' id='line_1_35' title="bbox 350 3493 1707 3577; baseline -0.001 -24"><span class='ocrx_word' id='word_1_346' title='bbox 350 3495 428 3554; x_wconf 89' lang='lat' dir='ltr'><strong>idem</strong></span> <span class='ocrx_word' id='word_1_347' title='bbox 450 3497 499 3555; x_wconf 90' lang='lat' dir='ltr'><strong>hie</strong></span> <span class='ocrx_word' id='word_1_348' title='bbox 520 3495 638 3571; x_wconf 83' lang='lat' dir='ltr'><strong>iecisse,</strong></span> <span class='ocrx_word' id='word_1_349' title='bbox 668 3495 748 3573; x_wconf 88' lang='lat' dir='ltr'><strong>qnod</strong></span> <span class='ocrx_word' id='word_1_350' title='bbox 770 3498 863 3556; x_wconf 87' lang='lat' dir='ltr'><strong>iecere</strong></span> <span class='ocrx_word' id='word_1_351' title='bbox 894 3505 1027 3577; x_wconf 81' lang='lat' dir='ltr'><strong>veteres,</strong></span> <span class='ocrx_word' id='word_1_352' title='bbox 1057 3501 1107 3574; x_wconf 92' lang='lat' dir='ltr'><strong>qui</strong></span> <span class='ocrx_word' id='word_1_353' title='bbox 1135 3499 1248 3557; x_wconf 88' lang='lat' dir='ltr'><strong>aurium</strong></span> <span class='ocrx_word' id='word_1_354' title='bbox 1272 3495 1385 3575; x_wconf 85' lang='lat' dir='ltr'><strong>judicie</strong></span> <span class='ocrx_word' id='word_1_355' title='bbox 1414 3496 1561 3573; x_wconf 82' lang='lat' dir='ltr'><strong>progressi</strong></span> <span class='ocrx_word' id='word_1_356' title='bbox 1589 3493 1707 3569; x_wconf 88' lang='lat' dir='ltr'><strong>aliqna-</strong></span> 
     </span>
     <span class='ocr_line' id='line_1_36' title="bbox 350 3584 1706 3663; baseline -0.003 -22"><span class='ocrx_word' id='word_1_357' title='bbox 350 3590 443 3657; x_wconf 90' lang='lat' dir='ltr'><strong>tenus,</strong></span> <span class='ocrx_word' id='word_1_358' title='bbox 466 3600 537 3658; x_wconf 65' lang='lat' dir='ltr'><strong>mor</strong></span> <span class='ocrx_word' id='word_1_359' title='bbox 557 3586 710 3644; x_wconf 87' lang='lat' dir='ltr'><strong>contemtis</strong></span> <span class='ocrx_word' id='word_1_360' title='bbox 734 3585 856 3643; x_wconf 88' lang='lat' dir='ltr'><strong>ducibus</strong></span> <span class='ocrx_word' id='word_1_361' title='bbox 878 3584 1023 3663; x_wconf 88' lang='lat' dir='ltr'><strong>reliquum</strong></span> <span class='ocrx_word' id='word_1_362' title='bbox 1046 3587 1166 3661; x_wconf 91' lang='lat' dir='ltr'><strong>itineris,</strong></span> <span class='ocrx_word' id='word_1_363' title='bbox 1189 3588 1331 3645; x_wconf 90' lang='lat' dir='ltr'><strong>rationem</strong></span> <span class='ocrx_word' id='word_1_364' title='bbox 1348 3600 1498 3644; x_wconf 88' lang='lat' dir='ltr'><strong>erroneam</strong></span> <span class='ocrx_word' id='word_1_365' title='bbox 1513 3584 1615 3655; x_wconf 87' lang='lat' dir='ltr'><strong>secuti,</strong></span> <span class='ocrx_word' id='word_1_366' title='bbox 1638 3597 1706 3657; x_wconf 88' lang='lat' dir='ltr'><strong>per-</strong></span> 
     </span>
     <span class='ocr_line' id='line_1_37' title="bbox 350 3668 1707 3749; baseline -0.002 -21"><span class='ocrx_word' id='word_1_367' title='bbox 350 3668 482 3731; x_wconf 79' lang='lat' dir='ltr'><strong>fecerunt</strong></span> <span class='ocrx_word' id='word_1_368' title='bbox 503 3672 623 3731; x_wconf 90' lang='lat' dir='ltr'><strong>auribus</strong></span> <span class='ocrx_word' id='word_1_369' title='bbox 646 3674 676 3730; x_wconf 86' lang='lat' dir='ltr'><strong>ri</strong></span> <span class='ocrx_word' id='word_1_370' title='bbox 700 3674 785 3749; x_wconf 89' lang='lat' dir='ltr'><strong>quasi</strong></span> <span class='ocrx_word' id='word_1_371' title='bbox 806 3676 959 3749; x_wconf 87' lang='lat' dir='ltr'><strong>pertractis</strong></span> <span class='ocrx_word' id='word_1_372' title='bbox 990 3681 1020 3733; x_wconf 90' lang='lat' dir='ltr'><strong>et</strong></span> <span class='ocrx_word' id='word_1_373' title='bbox 1040 3673 1128 3749; x_wconf 89' lang='lat' dir='ltr'><strong>plane</strong></span> <span class='ocrx_word' id='word_1_374' title='bbox 1160 3671 1368 3733; x_wconf 88' lang='lat' dir='ltr'><strong>obsurdescere</strong></span> <span class='ocrx_word' id='word_1_375' title='bbox 1396 3671 1496 3748; x_wconf 86' lang='lat' dir='ltr'><strong>jussis.</strong></span> <span class='ocrx_word' id='word_1_376' title='bbox 1542 3669 1588 3728; x_wconf 81' lang='lat' dir='ltr'><strong>Er</strong></span> <span class='ocrx_word' id='word_1_377' title='bbox 1610 3670 1707 3728; x_wconf 80' lang='lat' dir='ltr'><strong>abun·-</strong></span> 
     </span>
     <span class='ocr_line' id='line_1_38' title="bbox 351 3756 1704 3837; baseline -0.002 -21"><span class='ocrx_word' id='word_1_378' title='bbox 351 3756 433 3817; x_wconf 91' lang='lat' dir='ltr'><strong>deuti</strong></span> <span class='ocrx_word' id='word_1_379' title='bbox 455 3774 525 3818; x_wconf 86' lang='lat' dir='ltr'><strong>vero</strong></span> <span class='ocrx_word' id='word_1_380' title='bbox 548 3760 623 3819; x_wconf 84' lang='lat' dir='ltr'><strong>infra</strong></span> <span class='ocrx_word' id='word_1_381' title='bbox 645 3776 710 3836; x_wconf 89' lang='lat' dir='ltr'><strong>cap.</strong></span> <span class='ocrx_word' id='word_1_382' title='bbox 738 3761 766 3819; x_wconf 83' lang='lat'><strong>8.</strong></span> <span class='ocrx_word' id='word_1_383' title='bbox 790 3760 878 3836; x_wconf 80' lang='lat' dir='ltr'><strong>hans</strong></span> <span class='ocrx_word' id='word_1_384' title='bbox 902 3760 967 3820; x_wconf 91' lang='lat' dir='ltr'><strong>iibri</strong></span> <span class='ocrx_word' id='word_1_385' title='bbox 991 3778 1110 3837; x_wconf 90' lang='lat' dir='ltr'><strong>operam</strong></span> <span class='ocrx_word' id='word_1_386' title='bbox 1133 3758 1214 3834; x_wconf 93' lang='lat' dir='ltr'><strong>dedi,</strong></span> <span class='ocrx_word' id='word_1_387' title='bbox 1240 3770 1272 3819; x_wconf 92' lang='lat' dir='ltr'><strong>ut</strong></span> <span class='ocrx_word' id='word_1_388' title='bbox 1294 3758 1416 3820; x_wconf 91' lang='lat' dir='ltr'><strong>cuilibet</strong></span> <span class='ocrx_word' id='word_1_389' title='bbox 1438 3767 1515 3818; x_wconf 88' lang='lat' dir='ltr'><strong>esset</strong></span> <span class='ocrx_word' id='word_1_390' title='bbox 1537 3760 1565 3815; x_wconf 88' lang='lat' dir='ltr'><strong>in</strong></span> <span class='ocrx_word' id='word_1_391' title='bbox 1590 3766 1704 3832; x_wconf 90' lang='lat' dir='ltr'><strong>promtu</strong></span> 
     </span>
     <span class='ocr_line' id='line_1_39' title="bbox 349 3843 1706 3925; baseline -0.001 -22"><span class='ocrx_word' id='word_1_392' title='bbox 349 3843 474 3904; x_wconf 89' lang='lat' dir='ltr'><strong>iaenltas</strong></span> <span class='ocrx_word' id='word_1_393' title='bbox 497 3855 602 3923; x_wconf 89' lang='lat' dir='ltr'><strong>suopte</strong></span> <span class='ocrx_word' id='word_1_394' title='bbox 625 3847 721 3907; x_wconf 89' lang='lat' dir='ltr'><strong>Marte</strong></span> <span class='ocrx_word' id='word_1_395' title='bbox 744 3848 915 3907; x_wconf 85' lang='lat' dir='ltr'><strong>consulendi</strong></span> <span class='ocrx_word' id='word_1_396' title='bbox 938 3848 1070 3907; x_wconf 88' lang='lat' dir='ltr'><strong>anditum</strong></span> <span class='ocrx_word' id='word_1_397' title='bbox 1098 3864 1186 3925; x_wconf 87' lang='lat' dir='ltr'><strong>super</strong></span> <span class='ocrx_word' id='word_1_398' title='bbox 1207 3847 1254 3907; x_wconf 90' lang='lat' dir='ltr'><strong>his</strong></span> <span class='ocrx_word' id='word_1_399' title='bbox 1283 3847 1408 3924; x_wconf 89' lang='lat' dir='ltr'><strong>aliisque</strong></span> <span class='ocrx_word' id='word_1_400' title='bbox 1431 3844 1558 3906; x_wconf 89' lang='lat' dir='ltr'><strong>chordae</strong></span> <span class='ocrx_word' id='word_1_401' title='bbox 1581 3844 1706 3902; x_wconf 82' lang='lat' dir='ltr'><strong>divisio·</strong></span> 
     </span>
     <span class='ocr_line' id='line_1_40' title="bbox 350 3932 1707 4012; baseline -0.001 -22"><span class='ocrx_word' id='word_1_402' title='bbox 350 3933 437 3992; x_wconf 89' lang='lat' dir='ltr'><strong>nibus</strong></span> <span class='ocrx_word' id='word_1_403' title='bbox 460 3948 618 4011; x_wconf 88' lang='lat' dir='ltr'><strong>earumque</strong></span> <span class='ocrx_word' id='word_1_404' title='bbox 640 3937 839 3995; x_wconf 89' lang='lat' dir='ltr'><strong>testimoninm</strong></span> <span class='ocrx_word' id='word_1_405' title='bbox 861 3934 1072 4012; x_wconf 89' lang='lat' dir='ltr'><strong>pensiculandi,</strong></span> <span class='ocrx_word' id='word_1_406' title='bbox 1098 3944 1130 3994; x_wconf 91' lang='lat' dir='ltr'><strong>ut</strong></span> <span class='ocrx_word' id='word_1_407' title='bbox 1152 3944 1248 3995; x_wconf 90' lang='lat' dir='ltr'><strong>certus</strong></span> <span class='ocrx_word' id='word_1_408' title='bbox 1271 3938 1318 4009; x_wconf 90' lang='lat' dir='ltr'><strong>sit,</strong></span> <span class='ocrx_word' id='word_1_409' title='bbox 1342 3952 1386 4007; x_wconf 90' lang='lat' dir='ltr'><strong>ee,</strong></span> <span class='ocrx_word' id='word_1_410' title='bbox 1411 3933 1447 3993; x_wconf 91' lang='lat' dir='ltr'><strong>de</strong></span> <span class='ocrx_word' id='word_1_411' title='bbox 1469 3948 1593 4010; x_wconf 85' lang='lat' dir='ltr'><strong>qnorum</strong></span> <span class='ocrx_word' id='word_1_412' title='bbox 1609 3932 1707 3990; x_wconf 88' lang='lat' dir='ltr'><strong>causis</strong></span> 
     </span>
     <span class='ocr_line' id='line_1_41' title="bbox 350 4016 1713 4103; baseline -0.001 -26"><span class='ocrx_word' id='word_1_413' title='bbox 350 4019 527 4093; x_wconf 89' lang='lat' dir='ltr'><strong>laboremus,</strong></span> <span class='ocrx_word' id='word_1_414' title='bbox 551 4039 689 4081; x_wconf 87' lang='lat' dir='ltr'><strong>sensnum</strong></span> <span class='ocrx_word' id='word_1_415' title='bbox 712 4025 894 4099; x_wconf 79' lang='lat' dir='ltr'><strong>experientia</strong></span> <span class='ocrx_word' id='word_1_416' title='bbox 916 4024 1078 4083; x_wconf 90' lang='lat' dir='ltr'><strong>certissima</strong></span> <span class='ocrx_word' id='word_1_417' title='bbox 1099 4025 1167 4097; x_wconf 90' lang='lat' dir='ltr'><strong>niti,</strong></span> <span class='ocrx_word' id='word_1_418' title='bbox 1189 4041 1247 4083; x_wconf 88' lang='lat' dir='ltr'><strong>nec</strong></span> <span class='ocrx_word' id='word_1_419' title='bbox 1267 4031 1373 4100; x_wconf 87' lang='lat' dir='ltr'><strong>sponte</strong></span> <span class='ocrx_word' id='word_1_420' title='bbox 1395 4038 1462 4081; x_wconf 89' lang='lat' dir='ltr'><strong>rnea</strong></span> <span class='ocrx_word' id='word_1_421' title='bbox 1485 4016 1586 4103; x_wconf 81' lang='lat' dir='ltr'><strong>(errjns</strong></span> <span class='ocrx_word' id='word_1_422' title='bbox 1608 4020 1713 4079; x_wconf 82' lang='lat' dir='ltr'><strong>crimi·&#39;</strong></span> 
     </span>
     <span class='ocr_line' id='line_1_42' title="bbox 350 4106 1576 4193; baseline 0.002 -28"><span class='ocrx_word' id='word_1_423' title='bbox 350 4109 395 4168; x_wconf 93' lang='lat' dir='ltr'><strong>nis</strong></span> <span class='ocrx_word' id='word_1_424' title='bbox 419 4107 618 4186; x_wconf 82' lang='lat' dir='ltr'><strong>Pythagoraei</strong></span> <span class='ocrx_word' id='word_1_425' title='bbox 643 4110 674 4167; x_wconf 83' lang='lat' dir='ltr'><strong>in</strong></span> <span class='ocrx_word' id='word_1_426' title='bbox 696 4119 780 4186; x_wconf 89' lang='lat' dir='ltr'><strong>parte</strong></span> <span class='ocrx_word' id='word_1_427' title='bbox 803 4112 844 4171; x_wconf 92' lang='lat' dir='ltr'><strong>rei</strong></span> <span class='ocrx_word' id='word_1_428' title='bbox 865 4106 951 4193; x_wconf 81' lang='lat' dir='ltr'><strong>sunt)</strong></span> <span class='ocrx_word' id='word_1_429' title='bbox 975 4128 1040 4171; x_wconf 91' lang='lat' dir='ltr'><strong>esse</strong></span> <span class='ocrx_word' id='word_1_430' title='bbox 1064 4109 1189 4171; x_wconf 79' lang='lat' dir='ltr'><strong>conficta</strong></span> <span class='ocrx_word' id='word_1_431' title='bbox 1209 4126 1322 4188; x_wconf 86' lang='lat' dir='ltr'><strong>proque</strong></span> <span class='ocrx_word' id='word_1_432' title='bbox 1344 4113 1422 4171; x_wconf 82' lang='lat' dir='ltr'><strong>veris</strong></span> <span class='ocrx_word' id='word_1_433' title='bbox 1446 4110 1576 4169; x_wconf 68' lang='lat' dir='ltr'><strong>ebuum</strong></span> 
     </span>
    </p>
   </div>
   <div class='ocr_carea' id='block_1_5' title="bbox 921 4343 1250 4416">
    <p class='ocr_par' dir='ltr' id='par_1_7' title="bbox 921 4343 1250 4416">
     <span class='ocr_line' id='line_1_43' title="bbox 921 4343 1250 4416; baseline 0.006 -1"><span class='ocrx_word' id='word_1_434' title='bbox 921 4343 1063 4416; x_wconf 86' lang='lat' dir='ltr'>CAPUT</span> <span class='ocrx_word' id='word_1_435' title='bbox 1089 4343 1141 4416; x_wconf 84' lang='lat' dir='ltr'><strong>lll</strong></span> <span class='ocrx_word' id='word_1_436' title='bbox 1245 4360 1250 4369; x_wconf 85' lang='lat'>&#39;</span> 
     </span>
    </p>
   </div>
   <div class='ocr_carea' id='block_1_6' title="bbox 388 4486 1672 4547">
    <p class='ocr_par' dir='ltr' id='par_1_8' title="bbox 388 4486 1672 4547">
     <span class='ocr_line' id='line_1_44' title="bbox 388 4486 1672 4547; baseline 0 -6"><span class='ocrx_word' id='word_1_437' title='bbox 388 4486 436 4542; x_wconf 89' lang='lat' dir='ltr'><strong>De</strong></span> <span class='ocrx_word' id='word_1_438' title='bbox 454 4486 704 4547; x_wconf 86' lang='lat' dir='ltr'><strong>medietatibus</strong></span> <span class='ocrx_word' id='word_1_439' title='bbox 722 4486 933 4544; x_wconf 87' lang='lat' dir='ltr'><strong>harmonicis</strong></span> <span class='ocrx_word' id='word_1_440' title='bbox 956 4493 989 4542; x_wconf 94' lang='lat' dir='ltr'><strong>et</strong></span> <span class='ocrx_word' id='word_1_441' title='bbox 1006 4486 1168 4543; x_wconf 87' lang='lat' dir='ltr'><strong>trinitate</strong></span> <span class='ocrx_word' id='word_1_442' title='bbox 1190 4486 1474 4543; x_wconf 86' lang='lat' dir='ltr'><strong>concordantium</strong></span> <span class='ocrx_word' id='word_1_443' title='bbox 1499 4498 1672 4542; x_wconf 88' lang='lat' dir='ltr'><strong>sonorum.</strong></span> 
     </span>
    </p>
   </div>
   <div class='ocr_carea' id='block_1_7' title="bbox 348 4622 1706 4903">
    <p class='ocr_par' dir='ltr' id='par_1_9' title="bbox 348 4622 1706 4903">
     <span class='ocr_line' id='line_1_45' title="bbox 724 4622 1705 4709; baseline -0.003 -18"><span class='ocrx_word' id='word_1_444' title='bbox 724 4632 809 4693; x_wconf 84' lang='lat' dir='ltr'><strong>Vana</strong></span> <span class='ocrx_word' id='word_1_445' title='bbox 831 4640 876 4692; x_wconf 89' lang='lat' dir='ltr'><strong>est</strong></span> <span class='ocrx_word' id='word_1_446' title='bbox 898 4632 1030 4692; x_wconf 84' lang='lat' dir='ltr'><strong>delinitio</strong></span> <span class='ocrx_word' id='word_1_447' title='bbox 1050 4634 1248 4709; x_wconf 88' lang='lat' dir='ltr'><strong>proportionis</strong></span> <span class='ocrx_word' id='word_1_448' title='bbox 1264 4622 1461 4704; x_wconf 78' lang='lat' dir='ltr'><strong>harmonicae,</strong></span> <span class='ocrx_word' id='word_1_449' title='bbox 1483 4631 1563 4707; x_wconf 87' lang='lat' dir='ltr'><strong>qued</strong></span> <span class='ocrx_word' id='word_1_450' title='bbox 1584 4632 1624 4691; x_wconf 81' lang='lat' dir='ltr'><strong>nit</strong></span> <span class='ocrx_word' id='word_1_451' title='bbox 1645 4630 1705 4704; x_wconf 93' lang='lat' dir='ltr'><strong>llla,</strong></span> 
     </span>
     <span class='ocr_line' id='line_1_46' title="bbox 473 4717 1706 4793; baseline -0.003 -14"><span class='ocrx_word' id='word_1_452' title='bbox 473 4726 612 4770; x_wconf 65' lang='lat' dir='ltr'><strong>:te</strong></span> <span class='ocrx_word' id='word_1_453' title='bbox 635 4721 688 4778; x_wconf 89' lang='lat' dir='ltr'><strong>ubi</strong></span> <span class='ocrx_word' id='word_1_454' title='bbox 711 4723 804 4780; x_wconf 88' lang='lat' dir='ltr'><strong>tribus</strong></span> <span class='ocrx_word' id='word_1_455' title='bbox 825 4722 953 4780; x_wconf 73' lang='lat' dir='ltr'><strong>ueneris</strong></span> <span class='ocrx_word' id='word_1_456' title='bbox 977 4718 1080 4780; x_wconf 91' lang='lat' dir='ltr'><strong>ordine</strong></span> <span class='ocrx_word' id='word_1_457' title='bbox 1101 4720 1228 4779; x_wconf 89' lang='lat' dir='ltr'><strong>naturali</strong></span> <span class='ocrx_word' id='word_1_458' title='bbox 1248 4717 1362 4793; x_wconf 84' lang='lat' dir='ltr'><strong>locatis,</strong></span> <span class='ocrx_word' id='word_1_459' title='bbox 1387 4721 1520 4779; x_wconf 85' lang='lat' dir='ltr'><strong>binorum</strong></span> <span class='ocrx_word' id='word_1_460' title='bbox 1545 4719 1706 4777; x_wconf 84' lang='lat' dir='ltr'><strong>vicinorum</strong></span> 
     </span>
     <span class='ocr_line' id='line_1_47' title="bbox 348 4777 1705 4903; baseline -0.002 -37"><span class='ocrx_word' id='word_1_461' title='bbox 348 4777 613 4903; x_wconf 43' lang='lat' dir='ltr'><strong>„gg-{2</strong></span> <span class='ocrx_word' id='word_1_462' title='bbox 636 4824 774 4868; x_wconf 78' lang='lat' dir='ltr'><strong>excessus</strong></span> <span class='ocrx_word' id='word_1_463' title='bbox 789 4815 858 4868; x_wconf 87' lang='lat' dir='ltr'><strong>sunt</strong></span> <span class='ocrx_word' id='word_1_464' title='bbox 871 4809 900 4867; x_wconf 91' lang='lat' dir='ltr'><strong>in</strong></span> <span class='ocrx_word' id='word_1_465' title='bbox 915 4808 1103 4885; x_wconf 85' lang='lat' dir='ltr'><strong>proportione</strong></span> <span class='ocrx_word' id='word_1_466' title='bbox 1119 4816 1322 4881; x_wconf 87' lang='lat' dir='ltr'><strong>extremorum,</strong></span> <span class='ocrx_word' id='word_1_467' title='bbox 1342 4816 1374 4866; x_wconf 94' lang='lat' dir='ltr'><strong>ut</strong></span> <span class='ocrx_word' id='word_1_468' title='bbox 1389 4809 1419 4864; x_wconf 92' lang='lat' dir='ltr'><strong>in</strong></span> <span class='ocrx_word' id='word_1_469' title='bbox 1432 4808 1560 4866; x_wconf 84' lang='lat' dir='ltr'><strong>numeris</strong></span> <span class='ocrx_word' id='word_1_470' title='bbox 1576 4807 1605 4878; x_wconf 85' lang='grc'><strong>3,</strong></span> <span class='ocrx_word' id='word_1_471' title='bbox 1622 4807 1654 4878; x_wconf 82' lang='grc'><strong>4,</strong></span> <span class='ocrx_word' id='word_1_472' title='bbox 1677 4806 1705 4877; x_wconf 72' lang='lat' dir='ltr'><strong>b,</strong></span> 
     </span>
    </p>
   </div>
   <div class='ocr_carea' id='block_1_8' title="bbox 636 4893 1709 4973">
    <p class='ocr_par' dir='ltr' id='par_1_10' title="bbox 636 4893 1709 4973">
     <span class='ocr_line' id='line_1_48' title="bbox 636 4893 1709 4973; baseline -0.001 -19"><span class='ocrx_word' id='word_1_473' title='bbox 636 4896 781 4958; x_wconf 84' lang='lat' dir='ltr'><strong>maximus</strong></span> <span class='ocrx_word' id='word_1_474' title='bbox 804 4898 823 4957; x_wconf 86' lang='grc'><strong>6</strong></span> <span class='ocrx_word' id='word_1_475' title='bbox 852 4903 897 4958; x_wconf 85' lang='lat' dir='ltr'><strong>eet</strong></span> <span class='ocrx_word' id='word_1_476' title='bbox 920 4894 1032 4973; x_wconf 83' lang='lat' dir='ltr'><strong>duplus</strong></span> <span class='ocrx_word' id='word_1_477' title='bbox 1054 4897 1168 4955; x_wconf 86' lang='lat' dir='ltr'><strong>minimi</strong></span> <span class='ocrx_word' id='word_1_478' title='bbox 1187 4896 1207 4953; x_wconf 80' lang='lat'><strong>3</strong></span> <span class='ocrx_word' id='word_1_479' title='bbox 1231 4901 1261 4954; x_wconf 90' lang='lat' dir='ltr'><strong>et</strong></span> <span class='ocrx_word' id='word_1_480' title='bbox 1283 4897 1326 4954; x_wconf 91' lang='lat' dir='ltr'><strong>sle</strong></span> <span class='ocrx_word' id='word_1_481' title='bbox 1344 4897 1433 4955; x_wconf 86' lang='lat' dir='ltr'><strong>etiam</strong></span> <span class='ocrx_word' id='word_1_482' title='bbox 1450 4893 1611 4955; x_wconf 80' lang='lat' dir='ltr'><strong>differentia</strong></span> <span class='ocrx_word' id='word_1_483' title='bbox 1632 4894 1709 4953; x_wconf 87' lang='lat' dir='ltr'><strong>inter</strong></span> 
     </span>
    </p>
   </div>
   <div class='ocr_carea' id='block_1_9' title="bbox 0 0 1905 5860">
    <p class='ocr_par' dir='ltr' id='par_1_11' title="bbox 0 0 1905 5860">
     <span class='ocr_line' id='line_1_49' title="bbox 0 0 1905 5860; baseline 0 0"><span class='ocrx_word' id='word_1_484' title='bbox 0 0 1905 5860; x_wconf 95' lang='lat' dir='ltr'><strong> </strong></span> 
     </span>
    </p>
   </div>
  </div>
 </body>
</html>
