3872 5846
361 413 424 471 226
774 403 816 457 De
836 399 1104 471 Configurationibns
1121 402 1301 460 Harmonieis.

361 587 493 665 proxime
509 581 639 654 adstans,
665 597 763 641 crassa
778 581 865 639 nimis
877 596 971 657 eoque
996 588 1026 639 et
1040 580 1179 641 inhabilis
1195 583 1250 641 suit
1269 582 1306 641 ad
1322 576 1519 661 recipiendam
1534 584 1718 662 purissimam

360 672 556 752 proportionis
579 668 684 742 ideam,
710 677 741 726 ut
760 670 824 745 Jam
847 670 946 727 statim
969 667 1104 745 pluribus
1126 668 1291 747 explicabo.

327 762 331 771 '
446 759 532 819 Nune
555 758 631 816 euim
654 755 691 815 ad
715 756 896 832 energeticas
920 754 1076 815 facultates
1099 760 1201 829 venio,
1225 776 1302 834 quae
1324 760 1400 818 circa
1423 759 1626 864 proportiones
1648 757 1719 816 har·

359 849 492 907 municas
522 850 710 947 occupantur
757 843 860 902 fleto.
889 841 963 901 haec
987 859 1105 919 quoque
1129 844 1251 922 duplex,
1282 864 1352 905 nam
1383 854 1435 905 aut
1464 850 1492 904 in
1524 863 1556 905 se
1580 848 1645 923 ipsa
1673 852 1719 904 est

361 952 495 1014 operosa,
519 934 622 992 autin
645 931 732 990 rebus
756 939 838 989 extra
859 946 906 999 se,
930 933 1067 1006 utrinque
1091 932 1258 992 assimilans
1282 948 1371 1011 opera
1393 951 1449 993 sua
1470 932 1716 1011 proportionibus,

361 1031 414 1083 aut
435 1020 576 1095 inducens
599 1018 653 1076 has
677 1020 705 1074 in
730 1018 790 1077 illa.
835 1016 873 1075 Et
895 1015 947 1076 illa
970 1017 1089 1092 quidem
1112 1022 1250 1096 passivae
1273 1021 1377 1078 similis
1400 1029 1454 1095 est,
1478 1024 1536 1079 ista
1558 1023 1630 1079 citra
1646 1035 1718 1077 eon·

359 1111 532 1169 troversiam
555 1109 584 1163 in
608 1104 722 1181 agendo
746 1113 910 1174 exercetur,
942 1103 993 1163 illa
1018 1107 1105 1181 igitur
1128 1108 1294 1166 inferiorum
1318 1111 1434 1167 animae
1456 1108 1630 1167 facultatum
1653 1123 1717 1164 rur·

358 1215 424 1257 ιιιιιι
447 1204 491 1255 eat
513 1193 641 1265 soboles,
666 1196 724 1252 ista
745 1195 944 1269 superiornm3
973 1189 1026 1249 ills
1048 1201 1170 1252 naturae
1194 1196 1305 1254 viribus
1329 1196 1444 1266 subest,
1474 1196 1548 1254 haee
1569 1193 1716 1253 voluntati

359 1285 496 1355 hominis,
520 1281 572 1340 illa
595 1297 665 1339 sane
681 1287 763 1339 motu
778 1279 872 1358 pollet
886 1279 1078 1352 alterationis,
1102 1297 1191 1372 quam
1208 1284 1321 1360 corpori
1343 1283 1526 1355 subinferat,
1551 1283 1716 1341 utomnino

279 1412 285 1429 ι
360 1372 494 1431 facultati
523 1369 618 1428 cubuit
648 1367 741 1426 vitali
787 1365 873 1441 Quod
905 1369 981 1425 enim
1013 1359 1192 1426 delectamur
1221 1369 1381 1429 harmoniis
1404 1386 1555 1435 sonorum
1589 1370 1716 1445 speciem

359 1459 506 1538 passionis
528 1456 626 1530 habet,
651 1446 759 1533 quippe
783 1453 962 1512 delinitionis
986 1452 1252 1536 demulsionisque,
1279 1456 1356 1518 unde
1380 1461 1468 1517 etiam
1491 1476 1509 1516 a
1532 1455 1716 1545 philosophis

360 1543 539 1623 spatiendo
563 1543 731 1620 sympathia
753 1541 858 1600 dicitur
881 1543 1043 1599 animorum
1067 1558 1133 1601 cum
1157 1552 1258 1617 οιιιιιιις
1290 1552 1335 1605 est
1361 1552 1458 1604 ιιιιιιιι
1489 1562 1519 1604 re
1542 1561 1613 1602 vera
1644 1560 1717 1620 cpe-

358 1637 435 1692 ratio
458 1634 582 1704 animae,
606 1630 731 1689 naturali
755 1636 836 1687 motu
859 1630 975 1705 agentis
996 1630 1025 1685 in
1049 1647 1080 1688 se
1096 1633 1190 1707 ipsam
1206 1648 1329 1709 seseque
1345 1634 1560 1706 exsuscitantis,
1584 1630 1622 1691 ad
1638 1629 1716 1707 quod

360 1720 412 1779 illa
434 1738 492 1779 non
515 1719 637 1778 consilio
660 1734 714 1776 nec
738 1716 898 1789 voluntate,
922 1715 974 1773 sed
998 1718 1137 1776 instinctu
1160 1720 1286 1779 naturali
1310 1720 1399 1779 fertur
1421 1719 1569 1794 habetque
1592 1718 1654 1794 jam
1677 1719 1715 1777 ab

361 1810 425 1886 ipso
448 1815 512 1866 ortu
536 1802 682 1866 connexas
706 1806 786 1863 etin
809 1820 898 1862 unum
922 1806 1007 1878 quasi
1030 1804 1171 1863 conflatas
1194 1805 1275 1864 ideas
1298 1815 1328 1866 et
1342 1807 1558 1867 harmoniarum
1581 1809 1715 1864 insonos

360 1894 627 1974 incommutatum,
657 1899 687 1951 et
713 1890 899 1950 affectionum
929 1892 1018 1949 animi
1049 1892 1303 1968 respondentium,
1334 1904 1366 1952 ut
1393 1912 1452 1953 uon
1483 1895 1568 1952 aliter
1598 1894 1655 1970 ipsi
1678 1895 1717 1950 sit

360 1982 534 2059 implantata
561 1981 627 2040 idea
657 1980 843 2051 harmoniae,
881 1995 970 2054 quam
1007 1988 1152 2054 quatenus
1188 1980 1329 2040 laetificat
1361 1993 1464 2059 estque
1495 1979 1714 2063 delectabilium

282 2076 285 2083 ’
362 2068 475 2146 aliquid
498 2070 527 2128 et
549 2078 693 2144 quatenus
717 2074 761 2126 est
784 2065 867 2124 ideae
889 2074 987 2124 motus
1010 2067 1165 2125 conformia
1188 2068 1325 2145 implexa.
1372 2067 1438 2129 Hoc
1461 2072 1563 2146 opinor
1579 2066 1716 2127 Proelum

361 2174 449 2234 supra
480 2155 626 2227 voluisse,
658 2172 723 2213 cum
746 2152 917 2227 affirmaret,
949 2152 1154 2239 paradigmata
1182 2173 1274 2214 rerum
1305 2156 1577 2215 mathcuraticarum
1609 2157 1653 2230 (et
1675 2156 1717 2212 sic

362 2248 451 2308 etiarn
471 2242 626 2318 multoque
649 2243 744 2317 magis
766 2239 997 2313 harmoniarum)
1021 2242 1117 2300 inesse
1145 2245 1173 2300 in
1197 2250 1294 2302 mente
1319 2243 1556 2304 intellectualiter
1578 2239 1716 2323 (ιοερως),

281 2338 285 2387 ἱ
361 2333 391 2389 in
419 2333 517 2390 anima
546 2347 617 2389 vero
645 2328 773 2387 vitaliter
800 2323 962 2406 (ζωιικως);
991 2331 1033 2386 sic
1061 2344 1090 2385 ιι.
1119 2330 1234 2387 inerunt
1261 2330 1349 2389 etiam
1378 2333 1406 2388 iu
1430 2330 1570 2390 facultate
1598 2329 1717 2388 auditus

281 2430 286 2443 ·
361 2434 476 2491 sonore,
499 2419 528 2475 iu
547 2417 637 2475 uitali
658 2415 859 2474 sublunarinm
882 2414 998 2474 radiosa
1021 2422 1050 2473 et
1072 2420 1231 2491 operativa,
1255 2435 1295 2477 sa
1320 2435 1376 2477 non
1400 2428 1467 2477 sunt
1490 2421 1554 2497 ipsa
1576 2416 1718 2495 paradig-

363 2511 445 2564 ma'ta
466 2520 540 2582 pura
562 2506 690 2576 iuterna,
714 2501 889 2579 aedui-conas
912 2500 1045 2573 illorum,
1068 2504 1146 2562 foras
1170 2504 1303 2564 derivati.

449 2590 534 2669 Quod
557 2609 628 2650 vero
651 2607 709 2649 non
734 2597 847 2649 tautum
870 2588 1048 2648 delectamur
1070 2589 1223 2650 harmonia
1239 2599 1351 2667 cantus,
1375 2590 1427 2650 sed
1444 2593 1531 2651 etiam
1548 2591 1717 2667 digitorum,

363 2683 435 2753 oris,
464 2678 572 2758 pedum
595 2674 783 2756 corporisque
810 2685 908 2735 motus
931 2677 1200 2753 accommodamus,
1232 2679 1344 2756 idjam
1371 2676 1554 2756 praestamus
1577 2677 1717 2738 facultate

265 2763 270 2781 ‘
362 2766 499 2840 animali,
524 2766 628 2842 juncta
657 2764 818 2824 voluntate.
864 2764 904 2822 At
933 2781 998 2823 curn
1022 2769 1109 2824 etiam
1134 2784 1236 2826 vocem
1265 2767 1303 2826 ad
1325 2767 1494 2825 harmonias
1517 2766 1717 2842 intelligibiles

362 2853 625 2935 accommodamus,
648 2851 823 2913 meditantes
846 2854 1019 2910 concinnum
1043 2862 1169 2927 cantum,
1193 2861 1280 2914 anteo
1303 2866 1361 2911 non
1379 2853 1520 2929 auditum,
1545 2853 1718 2930 hic'supre·

362 2946 419 3002 mis
442 2941 607 3018 infimisque
630 2941 768 3000 omuibus
790 2939 980 2998 facultatibus
1004 2940 1126 3014 utimur;
1150 2944 1292 3019 supremis
1315 2940 1443 3018 quidem,
1472 2941 1551 3017 quod
1577 2950 1606 3000 et
1630 2939 1717 2999 vblu-

361 3048 427 3090 mue
451 3037 480 3088 et
503 3028 625 3088 consilio
648 3031 764 3099 utimur,
788 3026 974 3086 inferioribus
999 3044 1081 3100 vero,
1106 3028 1185 3105 quod
1208 3047 1363 3107 possumus
1389 3039 1418 3087 et
1439 3028 1518 3105 quod
1543 3029 1630 3087 etiam
1653 3030 1717 3087 sine

362 3116 559 3176 intellectione
582 3118 801 3193 proportionum
824 3114 904 3173 solas
927 3112 1009 3173 ideas
1032 3116 1262 3191 intervallorum,
1285 3126 1390 3176 natura
1419 3116 1606 3219 inplantataa,
1631 3123 1718 3174 cantu

364 3204 565 3281 exprimimus,
597 3203 778 3263 inconcinnis
806 3201 940 3260 omnibus
969 3202 1111 3279 exclusis,
1143 3221 1195 3303 per
1222 3203 1286 3264 sola
1308 3199 1472 3263 intervalla
1498 3205 1640 3301 concinna
1671 3201 1719 3259 di-

364 3312 383 3351 r
423 3301 515 3351 autes.

384 3309 422 3369 ag
449 3378 600 3438 Hactenus
622 3379 712 3453 igitur
733 3374 894 3453 explicatas
916 3336 1072 3437 facultates
1094 3378 1278 3438 harmonicas
1302 3378 1467 3437 essentialis
1491 3375 1543 3435 illa
1566 3376 1718 3436 harmonia

363 3466 445 3527 Deus
468 3468 530 3543 ipse
553 3465 714 3540 exspiravit
743 3463 885 3535 creando,
919 3467 1024 3541 utqui
1055 3472 1100 3523 est
1121 3462 1208 3526 odora
1230 3463 1368 3547 lvepyerp,
1400 3465 1613 3541 inspiravitque
1641 3462 1717 3522 hanc

362 3553 535 3658 particulam
564 3569 635 3611 suae
666 3552 800 3628 imaginis
828 3552 858 3610 in
889 3554 1002 3611 animas
1025 3553 1142 3613 omnino
1167 3542 1285 3626 omnes,
1313 3551 1473 3611 secundum
1497 3555 1591 3628 magis
1601 3559 1716 3610 tamma

363 3650 392 3702 et
413 3631 524 3732 rn'inus,
548 3656 608 3717 qua
630 3640 824 3698 inculcatione
847 3638 965 3700 finem
957 3655 1076 3716 impono
1100 3650 1129 3699 et
1150 3640 1218 3700 huic
1241 3642 1339 3719 capiti.

934 3872 1075 3945 CAPUT
1102 3875 1153 3945 lll.

363 4019 455 4088 Quae
481 4017 549 4072 sint
574 4031 701 4087 genera
725 4038 786 4069 των
812 4018 1036 4089 ᾗρμοσμιγων,
1063 4017 1207 4099 honest
1235 4032 1348 4099 rerum
1371 4033 1432 4074 seu
1453 4012 1632 4074 sensilium
1658 4033 1715 4072 seu

363 4104 682 4171 immateriatarum,
700 4102 736 4155 in
755 4103 884 4169 quibus
904 4117 1086 4172 expressae
1104 4111 1181 4158 sunt
1198 4103 1395 4161 harmoniae
1414 4105 1486 4160 sive
1504 4122 1521 4160 a
1540 4110 1623 4172 Deo,
1643 4106 1716 4159 sire

820 4190 860 4245 ab
878 4188 1012 4243 homine
1037 4195 1071 4242 et
1090 4189 1264 4256 quomodo.
1350 4230 1354 4237 .

454 4334 615 4394 Distinctas
639 4351 703 4394 esse
727 4336 915 4409 quaestiones
931 4333 1014 4392 facile
1028 4342 1125 4409 patet:
1155 4335 1187 4409 l)
1211 4337 1256 4393 cui
1271 4336 1361 4393 insint
1383 4334 1552 4395 harmoniae
1576 4343 1717 4412 tanquam
1745 4400 1750 4405 ,

369 4424 478 4499 agenti,
501 4424 645 4496 formenti,
668 4438 720 4481 seu
745 4422 856 4498 opifici,
891 4422 925 4495 f)
948 4422 995 4479 cni
1017 4422 1107 4479 iusint
1130 4430 1270 4497 tanquam
1291 4423 1372 4499 operi
1394 4422 1526 4481 formato.
1566 4423 1612 4482 De
1628 4426 1716 4500 priori

365 4512 478 4587 egimus
501 4509 659 4578 hacteuus,
683 4508 719 4567 de
741 4511 894 4586 posteriori
915 4525 993 4567 nnnc
1015 4524 1100 4584 porro
1123 4508 1270 4584 agendum
1292 4511 1466 4569 accuratius.

450 4596 509 4655 Res
537 4599 624 4673 igitur
653 4613 755 4657 omnes
787 4595 834 4656 vel
855 4600 923 4654 sunt
954 4597 1166 4655 nnmateriatae
1194 4594 1242 4655 rel
1273 4599 1395 4657 materia
1424 4598 1608 4675 participant.
1654 4597 1716 4656 Im-

364 4685 517 4746 materiata
538 4692 585 4743 est
606 4684 704 4743 anima
727 4682 875 4762 (respectu
899 4682 1015 4757 quidem
1040 4683 1185 4762 corporis)
1207 4691 1295 4758 atque
1312 4684 1393 4758 haec,
1416 4692 1449 4743 ut
1464 4685 1606 4744 hacteuus
1629 4702 1716 4744 usur-

364 4776 509 4850 pavimus,
532 4777 595 4831 tota
615 4779 749 4850 respectu
772 4772 1012 4833 suae'essentiae
1035 4768 1180 4848 descripta
1202 4778 1248 4829 est
1270 4771 1368 4830 aDeo
1392 4775 1421 4829 in
1444 4771 1497 4832 has
1513 4774 1715 4849 proportiones

365 4859 557 4934 harmonicas,
581 4876 716 4935 quaeque
738 4862 818 4937 prius
840 4862 954 4918 inerant
975 4860 1091 4918 animae
1114 4865 1148 4917 nt
1170 4857 1277 4937 opifici,
1301 4877 1341 4919 sc.
1365 4867 1397 4918 ut
1419 4867 1465 4919 est
1487 4862 1615 4936 energia,
1638 4877 1715 4921 nunc
