3882 5862
388 402 450 468 422
854 404 1020 474 Appendicis
1036 406 1261 497 Idarmonleorum

352 622 365 649 2
388 590 417 643 ei
447 590 564 642 nmium
595 582 779 642 substantioe
809 599 878 641 uere
892 580 895 585 ’
911 583 1050 659 physicae
1082 586 1182 645 solitos
1217 587 1337 663 aperire
1364 588 1483 646 solimae
1511 585 1732 646 molbernoiico.

273 676 276 691 '
387 671 479 730 Miror
501 686 552 728 cur
573 668 650 728 idem
673 684 719 730 me
742 671 924 729 factitantem
946 671 1151 746 reprehendas.

475 757 533 817 Sed
558 757 627 833 quid
659 775 714 834 ego
743 758 842 816 multis
866 756 902 817 de
921 770 991 815 mea
1017 758 1244 836 philosophandi
1274 758 1436 818 methodo?
1457 774 1523 818 eum
1546 765 1577 817 to
1601 758 1648 818 vel
1673 761 1733 835 jam

390 858 467 903 nune
490 846 518 901 io
541 844 630 921 hujus
652 844 896 922 analyseos-line
919 847 1074 921 capitalem
1101 849 1374 922 aequivocationem
1405 850 1433 905 iu
1462 846 1586 906 vocibus
1616 849 1733 918 musica,

390 933 576 1006 harmonica,
599 932 706 991 inseras
729 935 758 990 ln
781 934 972 1006 sequentibus
994 934 1151 993 identidem
1175 933 1353 1012 iterandam,
1377 952 1434 1009 qua
1457 935 1648 1009 ambiguitate
1671 950 1735 992 om·

392 1034 459 1077 nem
482 1018 568 1091 hunc,
592 1036 651 1077 non
673 1034 769 1077 meam
793 1029 914 1092 tantum,
939 1018 990 1079 sed
1014 1024 1101 1081 etiam
1124 1030 1256 1081 veiemm
1280 1030 1415 1080 conatum
1441 1024 1471 1080 in
1495 1022 1734 1098 disceptationem

388 1120 494 1166 uocas.v
533 1106 689 1182 Egregium
711 1120 782 1165 vero
805 1107 990 1182 palaestram,
1013 1110 1042 1166 in
1066 1124 1126 1184 qua
1148 1110 1368 1167 transcurrimus
1384 1109 1518 1184 altemis3
1543 1125 1598 1181 ego
1621 1108 1734 1167 mathe-

387 1195 525 1253 maticam
549 1201 679 1253 veterum
701 1193 870 1253 methodum
894 1196 1102 1271 comprobans,
1126 1198 1155 1253 io
1178 1212 1333 1273 progressu
1356 1198 1434 1255 circa
1456 1196 1642 1274 particularis
1664 1213 1734 1255 cou-

386 1290 432 1340 tra
456 1281 522 1339 illos
546 1298 655 1356 pugno,
679 1288 719 1352 tu,
743 1280 912 1340 methodum
935 1284 1065 1360 ipsorum
1087 1285 1181 1360 ipsam
1196 1282 1360 1359 generalem
1381 1285 1560 1358 insimulans,
1583 1286 1614 1341 in
1637 1286 1734 1343 minu-

323 1373 327 1381 '
387 1371 425 1427 tls
449 1367 596 1427 nonnullis
620 1378 751 1428 vetemm
772 1374 945 1428 assertorem
968 1378 997 1428 te
1019 1370 1172 1446 profiteris.
1678 1367 1681 1371 ’

475 1454 636 1514 Medullum
660 1464 691 1513 tu
715 1458 813 1515 nescio
837 1472 924 1532 quam
948 1455 1066 1516 divinae
1089 1458 1218 1517 musicae
1241 1455 1392 1534 producis,
1421 1457 1505 1532 cujus
1533 1457 1654 1517 umbrae
1676 1460 1733 1516 sint

387 1541 602 1617 mathematica,
627 1558 703 1619 quae
727 1545 776 1600 rix
798 1549 922 1619 tangant
943 1542 1032 1603 illam.
1078 1544 1163 1604 Hanc
1191 1543 1349 1605 medullam
1376 1547 1406 1603 in
1430 1545 1590 1605 visceribus
1613 1553 1734 1605 naturae

385 1629 528 1689 recondis.

475 1718 562 1776 Error
592 1718 645 1776 tibi
674 1726 718 1777 est
741 1720 844 1793 lugens
869 1719 897 1775 ln
921 1724 983 1777 arte
1004 1720 1153 1792 musicae,
1183 1716 1262 1793 quod
1290 1717 1364 1778 haec
1390 1720 1465 1778 iuter
1492 1726 1570 1779 artes
1597 1719 1732 1780 liberales

387 1804 609 1864 mathematicas
632 1804 800 1865 collocatur.
852 1805 976 1864 Vanam
998 1809 1033 1865 in
1055 1824 1090 1865 eo
1113 1806 1257 1865 umbram
1279 1822 1337 1865 aare
1358 1810 1547 1883 pronuncias,
1569 1824 1633 1868 non
1648 1811 1734 1867 tuni-

386 1910 462 1966 cam,
485 1910 549 1952 non
572 1895 719 1967 coracem,
744 1906 852 1969 perque
874 1906 939 1952 eam
962 1896 1089 1969 ignorari
1112 1896 1156 1952 ais
1172 1893 1326 1952 essentiam
1343 1896 1506 1953 interiorem
1521 1909 1573 1954 seu
1588 1894 1733 1956 nucleum.

473 1978 506 2038 Si
529 1979 586 2039 hoc
610 1979 702 2039 velles
724 1983 853 2052 innuere,
878 1976 936 2038 ndu
960 1981 1205 2057 acquiescendum
1228 1994 1292 2039 esse
1315 1980 1490 2059 philosopho
1518 1983 1547 2038 in
1569 1985 1651 2040 sonis
1672 1983 1733 2041 ele-

387 2068 568 2126 mentaribus
597 2075 626 2125 et
654 2067 783 2127 sensuali
812 2070 938 2142 musica,
971 2069 1023 2129 sed
1046 2066 1311 2146 philosophandum
1344 2067 1448 2140 altius,
1477 2068 1732 2145 indagandumque

386 2172 453 2214 cum
476 2153 645 2213 damblicho
670 2163 737 2228 tuo,
768 2157 819 2229 qui
841 2155 904 2226 liat,
929 2157 1008 2230 quod
1032 2158 1112 2217 verbi
1137 2172 1226 2215 eausa
1249 2171 1285 2213 ex
1308 2155 1468 2215 intervallis
1491 2159 1590 2228 tertia,
1618 2166 1731 2232 quarta,

388 2243 501 2319 quinta,
526 2250 633 2301 octava
656 2241 815 2313 delectem,
845 2243 974 2302 secunda
998 2250 1026 2303 et
1049 2246 1173 2322 septima
1196 2258 1254 2299 non
1278 2241 1438 2316 delectent,
1471 2260 1528 2302 non
1550 2260 1597 2303 me
1619 2252 1733 2303 tantum

385 2330 509 2388 haberes
540 2332 785 2404 consentientem,
816 2328 868 2387 sed
897 2346 993 2405 neque
1022 2331 1101 2408 apud
1125 2338 1238 2389 veteres
1268 2328 1428 2406 quidquam
1459 2332 1620 2403 invenires,
1652 2330 1732 2406 quod

386 2420 544 2476 incusaret.
589 2416 664 2475 Nam
687 2416 857 2475 Ptolemaeo
882 2415 1020 2476 voluutas
1043 2420 1159 2495 egregia
1181 2417 1244 2489 luit,
1262 2417 1346 2477 hunc
1367 2418 1501 2477 nucleum
1525 2418 1658 2492 eruendi,
1682 2420 1732 2494 qul

385 2502 614 2580 philosophandi
638 2507 726 2562 etiam
748 2520 841 2580 genus
864 2503 998 2564 adhibuit
1021 2506 1160 2578 sublime,
1189 2520 1244 2563 neo
1267 2503 1416 2581 indignum
1442 2507 1536 2564 visum
1559 2505 1731 2583 Porphyris,

386 2590 548 2651 Jambliehi
571 2593 613 2649 tul
636 2594 789 2667 magistro,
822 2593 850 2647 in
875 2591 954 2667 quod
975 2594 1039 2669 ipss
1062 2599 1312 2652 commendaretur.
1359 2593 1449 2667 Atqui
1474 2592 1570 2652 nullus
1600 2601 1732 2653 veterum

387 2679 570 2737 harmonicas
594 2679 758 2738 interiorem
782 2681 938 2739 essentiam
968 2694 1057 2738 ausus
1081 2686 1125 2738 est
1147 2692 1252 2738 eruere
1280 2679 1505 2754 quantitatibus,
1537 2681 1606 2755 quin
1632 2684 1732 2756 potius
1833 2708 1836 2713 ·

388 2773 448 2824 tarn
471 2765 528 2838 illi,
561 2782 650 2842 qnam
674 2768 725 2841 qui
748 2766 815 2824 illos
839 2773 883 2825 est
905 2776 1038 2840 secutus,
1069 2767 1199 2837 l’roclus,
1224 2768 1401 2841 geometriae
1417 2766 1568 2845 thesaurps
1590 2765 1732 2828 altissime

387 2853 554 2913 extulerunt
576 2856 665 2930 inque
688 2855 897 2932 penitissimum
920 2857 1082 2914 animorum
1113 2855 1262 2932 ipsiusque
1286 2851 1361 2912 adeo
1392 2850 1553 2913 divinitatis
1576 2858 1732 2915 essentiam

328 2988 332 3011 ,
385 2939 618 3000 recondiderunt.
665 2940 746 3015 Quos
771 2939 886 3016 quidem
910 2941 1016 3001 bacin
1040 2949 1121 3018 parte
1145 2950 1175 3001 ct
1197 2957 1252 3015 ego
1275 2949 1392 3000 secutus
1415 2956 1479 3000 sum
1502 2950 1631 3014 strenue,
1656 2942 1732 3018 dog-

386 3035 466 3093 mata
488 3034 585 3087 tamen
609 3028 725 3087 illorum
748 3046 783 3085 ex
805 3032 984 3107 praescripto
1013 3029 1162 3088 doetrinae
1193 3027 1354 3087 catholicae
1382 3030 1508 3102 correxi,
1537 3031 1580 3087 uti
1607 3028 1732 3089 lectores

385 3115 443 3173 hoc
465 3116 617 3191 agnituros
641 3126 738 3192 spero!
756 3134 791 3173 ex
815 3116 940 3175 lectione
969 3119 1154 3193 potissimum
1183 3114 1249 3173 libri
1278 3116 1334 3173 mei
1359 3114 1410 3172 IV.
1434 3119 1562 3193 capitum
1591 3118 1729 3193 priomm.

385 3201 451 3261 Hoc
474 3197 568 3259 solum
593 3205 693 3261 censui
715 3200 898 3276 novandum,
928 3207 987 3263 imo
1009 3205 1179 3263 necessariis
1203 3202 1497 3263 demonstrationibus
1522 3202 1644 3262 adactus
1666 3220 1731 3262 sum

386 3304 510 3360 novare,
544 3289 622 3363 quod
645 3290 793 3349 veteribus
816 3304 868 3366 pro
892 3292 952 3350 suis
975 3293 1124 3363 numeris,
1146 3286 1272 3349 discreta
1295 3292 1472 3367 quantitate,
1503 3293 1565 3367 ipss
1593 3293 1731 3350 substitui

387 3375 527 3435 circulum
549 3382 580 3435 et
602 3377 711 3453 figuras
733 3379 941 3453 geometricas,
966 3380 1158 3455 quantitatem
1182 3377 1294 3436 scilicet
1316 3380 1493 3438 continuam.

474 3462 505 3523 Si
529 3463 602 3523 haee
627 3472 757 3523 vetemm
777 3466 854 3523 ratio
874 3462 1046 3527 enucleandi
1070 3465 1251 3523 harmooiees
1272 3468 1427 3524 essentiam
1450 3466 1506 3524 tihi
1519 3482 1575 3524 non
1591 3466 1729 3537 sorderet

278 3574 283 3585 ¹
387 3559 416 3611 et
445 3551 470 3606 si
499 3551 708 3611 mathematica
737 3568 797 3609 non
825 3553 853 3607 in
886 3555 1021 3612 corticem
1052 3559 1104 3610 aut
1132 3554 1261 3611 tunicam
1290 3551 1451 3628 relegates,
1481 3555 1540 3610 imo
1561 3568 1678 3613 ‚ranam
1701 3562 1731 3613 et

385 3637 520 3697 frivolam
543 3627 681 3698 umbram'
697 3639 888 3713 indigetares,
920 3643 988 3716 quin
1019 3641 1117 3717 potius
1148 3642 1177 3696 in
1199 3640 1295 3713 ipsum
1319 3638 1454 3697 nucleum
1484 3641 1639 3716 reciperes,
1668 3642 1730 3715 jam

385 3742 471 3805 porro
500 3742 585 3786 nemo
618 3742 686 3784 rere
717 3726 985 3803 philosophantium
1016 3727 1069 3785 tibi
1099 3741 1157 3784 non
1189 3724 1381 3803 applauderet
1402 3729 1558 3796 asserenti,
1588 3730 1729 3786 musicam

386 3811 509 3875 eandem
531 3830 595 3873 esse
618 3815 648 3870 ln
671 3812 803 3886 homine,
828 3830 904 3890 quae
927 3816 1023 3887 estin
1047 3812 1172 3890 mundo,
1203 3813 1325 3872 candem
1351 3815 1381 3870 in
1404 3812 1554 3873 elementis
1576 3812 1621 3894 (ut
1642 3828 1729 3874 sonos

386 3894 583 3976 intelligamus
606 3900 818 3979 elementares),
842 3918 919 3977 quae
942 3904 969 3960 io
994 3901 1137 3978 planetis3
1167 3900 1289 3959 candem
1310 3901 1428 3960 tandem
1450 3904 1480 3959 in
1504 3901 1577 3974 illis,
1601 3904 1728 3978 quaein

386 3991 450 4064 ipso
472 3988 580 4048 mundo
603 3987 776 4067 archetypo,
809 3988 884 4048 unde
912 3987 1091 4066 originaliter
1121 3996 1184 4047 orta
1206 3990 1244 4046 sit
1274 3987 1427 4047 harmonia
1454 3989 1606 4049 machinae
1630 3992 1728 4048 totius.

385 4075 461 4135 Nam
491 4075 594 4135 eadem
625 4073 728 4135 iisdem
757 4092 831 4153 pene
862 4075 959 4135 serbis
990 4083 1019 4136 et
1047 4091 1094 4135 me
1126 4073 1207 4133 vides
1237 4092 1365 4135 asserere
1394 4079 1521 4152 passim,
1560 4079 1728 4152 praesertim

386 4162 607 4234 insontior.
635 4165 695 4222 136
719 4171 748 4222 et
770 4162 834 4221 libr.
860 4163 912 4221 iv.
936 4182 1000 4240 cap.
1027 4167 1059 4237 l,
1085 4166 1119 4233 2,
1144 4165 1172 4221 3.

472 4249 621 4310 Modicam
653 4254 729 4311 euim
751 4250 827 4310 hanc
849 4253 1123 4327 aequivocationem
1154 4248 1306 4308 admittere
1335 4251 1466 4325 cogimur
1488 4251 1555 4326 Jure
1582 4264 1729 4326 gramma-

385 4339 452 4411 tico,
478 4354 543 4396 cum
566 4339 747 4397 harmoniam
770 4338 846 4396 alius
869 4338 997 4415 quidem,
1019 4355 1075 4396 usu
1094 4339 1156 4412 Jam
1180 4339 1263 4407 trito,
1288 4335 1416 4395 admittit
1437 4337 1530 4397 solam
1553 4337 1634 4396 illam
1657 4354 1729 4397 eon-

387 4434 498 4498 centus,
523 4442 598 4501 quae
622 4433 667 4485 est
689 4442 754 4484 eum
777 4441 864 4498 sono,
894 4426 984 4499 alius,
1008 4431 1125 4484 secutus
1149 4425 1270 4501 primam
1293 4426 1374 4482 vocis
1397 4427 1554 4500 originem,
1581 4442 1633 4503 pro
1656 4442 1728 4483 con·

384 4517 519 4588 gruentia
541 4529 636 4572 rerum
659 4515 899 4587 geometricorum
923 4513 1075 4571 omnifaria
1096 4513 1208 4594 recipit,
1231 4510 1317 4584 alius,
1340 4511 1469 4591 mediam
1487 4512 1624 4572 incedens
1639 4514 1727 4584 riam,

387 4603 580 4678 geometricas
602 4602 814 4677 proportiones,
838 4617 914 4676 quae
937 4602 1125 4659 inveniuntur
1146 4600 1174 4655 in
1198 4599 1319 4656 vocibus
1343 4600 1579 4672 consonantibus,
1603 4599 1728 4657 ubieun-

368 4700 444 4765 ¹que
468 4705 518 4747 eas
540 4698 692 4763 praeterea
715 4688 835 4760 invenit,
860 4687 940 4747 velut
962 4687 1124 4746 abstractas
1139 4702 1158 4744 a
1172 4685 1313 4760 subJeetis
1330 4685 1542 4762 subintelligit3
1566 4703 1625 4762 quo
1640 4700 1727 4745 sensu

388 4790 443 4851 ego
463 4774 511 4834 his
528 4776 651 4834 vocibus
674 4781 740 4833 utor
762 4790 814 4850 per
837 4781 931 4833 totum
953 4774 1012 4833 lere
1036 4784 1229 4849 opusmeum.
1276 4773 1315 4831 At
1329 4780 1372 4845 to,
1397 4789 1454 4833 noo
1470 4783 1623 4833 contentus
1646 4772 1726 4833 hisce

387 4861 611 4945 siguificatihus,
644 4878 746 4922 vocem
768 4860 880 4947 prolers
904 4861 1024 4925 marius
1047 4859 1085 4921 ad
1107 4860 1313 4939 congruentias
1336 4868 1397 4921 tam
1418 4861 1556 4940 physicas
1579 4863 1727 4939 agentium
