3872 5846
1097 282 1127 343 0

736 413 821 469 Liber
837 412 884 469 IV.
903 413 993 484 caput
1009 413 1072 474 VII.
1487 414 1549 474 tot

201 592 354 650 renititur
376 590 508 653 doetrlm
530 593 660 668 crinium,
684 590 720 652 de
743 609 802 670 qua
824 593 897 652 satis
919 600 1064 674 accurate
1080 594 1128 670 egi
1156 594 1187 651 iu
1210 590 1311 652 Tertio
1336 589 1574 677 Interveniente¹

201 696 281 739 num.
306 679 356 738 70.
381 688 411 739 et
434 680 632 756 sequentibus.
736 675 742 693 '
1234 753 1238 759 ¹

287 764 366 825 Satis
388 768 417 825 tu
439 769 605 844 praesentia
628 766 737 827 dictum
766 773 828 827 esto
852 767 888 829 de
909 767 1057 829 humanae
1086 767 1175 829 etiam
1198 767 1313 827 animae
1341 763 1482 825 facultate
1505 765 1551 821 in·

201 853 305 913 teriora
327 852 422 930 deque
444 858 583 915 universa
604 853 661 915 bae
683 857 817 916 materia.

287 939 378 999 Porro
401 940 474 1002 baec
497 959 552 1018 ego
575 940 611 1001 dc
634 945 733 1001 anima
754 941 904 1022 disputavi
926 942 1078 1017 hacteuus,
1101 957 1160 1000 non
1185 938 1321 1017 equidem
1342 938 1400 998 boc
1418 936 1550 1009 oonsilio,

202 1035 233 1086 ut
253 1026 459 1105 philosophiae
482 1028 600 1090 divinae
623 1029 772 1089 studiosos
793 1033 911 1107 penitus
941 1046 1064 1090 evocem
1093 1028 1261 1090 electione
1284 1026 1552 1103 metaphysieomm

201 1123 362 1189 auctorum,
385 1125 455 1176 utve
480 1124 523 1176 tot
545 1116 680 1177 Platonis
710 1122 740 1177 et
762 1116 929 1177 Aristotelis
957 1117 1163 1195 interpretibus
1191 1114 1435 1193 profundissimae
1465 1110 1551 1172 inda·

199 1204 285 1280 ginis,
310 1201 446 1276 Graecis,
472 1204 630 1277 Arabibus,
653 1203 783 1278 Latinus,
807 1205 944 1279 Plotino,
967 1204 1148 1277 Themistie,
1179 1202 1345 1279 Simplicio,
1377 1200 1550 1277 Porphyrio,

203 1289 378 1365 Alexandro,
404 1290 526 1351 Averroi
550 1297 580 1350 et
602 1308 677 1367 quos
700 1291 749 1351 ille
772 1292 883 1369 allegat
904 1310 977 1353 snae
999 1294 1097 1369 gensis
1118 1307 1177 1350 non
1192 1306 1312 1368 paucos,
1335 1289 1500 1363 Boetioque
1522 1295 1553 1346 et

201 1370 398 1437 recentissimo
429 1379 680 1455 subtilissimoque
709 1378 739 1438 J.
763 1379 796 1438 (l.
825 1379 995 1457 Scaligeto,
1026 1378 1064 1439 de
1094 1380 1194 1438 anima
1217 1377 1319 1454 deque
1349 1374 1552 1451 intelligentiis

201 1464 429 1543 disputantibus,
453 1466 554 1526 oculos
570 1465 760 1544 configerem3
784 1467 836 1527 sed
859 1475 891 1528 nt
912 1467 986 1528 baec
1001 1484 1037 1527 ex
1051 1485 1118 1528 mea
1132 1466 1310 1545 professione
1333 1481 1427 1540 exque
1450 1464 1552 1522 intimo

202 1552 290 1628 hujus
314 1554 410 1629 operis
433 1552 605 1613 Harmoniei
627 1571 705 1630 penu
729 1553 882 1632 depromta
903 1555 1029 1615 necdum
1045 1561 1126 1615 tacta
1142 1554 1240 1626 abiis,
1263 1549 1342 1629 quod
1357 1554 1457 1626 sciam,
1481 1568 1553 1611 con-

198 1637 422 1713 siderationibus
453 1640 568 1701 illorum
598 1640 690 1701 veluti
718 1642 914 1722 supplementi
944 1642 1010 1702 loco
1035 1640 1206 1720 adjicerem,
1238 1639 1316 1701 unde
1351 1639 1389 1699 ab
1411 1640 1466 1715 iis,
1501 1639 1552 1715 qui

200 1735 266 1805 post
287 1745 334 1787 me
356 1745 421 1787 sese
443 1727 513 1788 huic
538 1729 779 1805 contemplationi
800 1729 1022 1809 metaphysicae
1049 1728 1188 1803 dedituri,
1218 1734 1352 1788 auctores
1376 1726 1469 1786 dictos
1490 1725 1552 1786 lec·
1666 1806 1669 1811 Ι

201 1817 266 1887 turi,
289 1823 391 1874 nostra
412 1814 486 1875 haec
509 1815 603 1877 veluti
625 1819 825 1893 experimenta
847 1835 915 1878 eum
936 1818 1055 1877 illorum
1069 1816 1343 1876 ratiocinationibus
1366 1813 1500 1873 collaturi
1523 1820 1552 1873 et

200 1912 354 1979 utmmque
387 1902 424 1961 ad
447 1904 568 1963 alterius
597 1902 698 1962 limam
729 1903 880 1965 liberrima
911 1907 1033 1965 rationis
1062 1921 1186 1965 censura
1208 1904 1337 1963 exacturi
1368 1909 1436 1960 sunt
1458 1900 1552 1976 (quod

200 1991 294 2048 tateor
315 2007 334 2049 a
356 2008 404 2050 me
427 1989 482 2051 bac
505 1993 570 2051 nice
594 1991 703 2050 lactum
727 2010 793 2052 esse
817 1989 963 2074 minime),
986 1991 1060 2053 baec
1082 1990 1304 2069 metaphysicae
1323 1990 1464 2049 scientiae
1485 2005 1554 2066 pars

202 2077 328 2153 deniqne
350 2079 489 2156 illustrior
512 2086 541 2137 ct
563 2078 740 2156 locupletior
754 2081 959 2157 omnibusque
981 2082 1109 2140 numeris
1131 2078 1296 2138 absolutior
1321 2078 1459 2136 constitui
1482 2092 1554 2154 pos·

201 2166 251 2238 sit,
275 2164 353 2239 quod
377 2173 409 2223 ut
431 2165 469 2224 ad
491 2163 615 2240 gloriam
638 2166 773 2226 Nominis
797 2166 1048 2245 superbenedletl,
1078 2167 1136 2227 Dei
1160 2165 1306 2227 Creatoris
1341 2163 1502 2222 visibilium
1525 2170 1554 2223 ct

206 2253 409 2325 invisibilium,
444 2254 535 2329 inque
557 2262 748 2330 augmentum
771 2257 985 2316 sanctimoniae
1009 2263 1039 2315 et
1060 2255 1245 2313 innocentiae
1269 2253 1347 2313 vitae
1371 2250 1554 2328 contempla·

204 2346 309 2413 torum,
333 2338 459 2416 denique
482 2341 512 2398 in
535 2340 661 2402 salntem
684 2350 834 2403 aeternam
850 2343 1039 2422 plurimamm
1055 2344 1217 2402 animarum
1233 2340 1328 2407 cedat,
1351 2338 1434 2417 illum
1456 2340 1553 2416 ipsum

208 2426 302 2486 Deum
325 2426 467 2486 'l'rinnom
489 2427 613 2506 supplex
634 2446 747 2506 precor.

721 2725 831 2785 Finis
858 2725 949 2786 libri
979 2726 1033 2785 IV.
