3792 5860
583 469 762 527 Harmonicis.
797 470 880 527 Liber
891 470 940 527 ΙΙΙ.
959 470 1048 540 caput
1058 470 1108 526 XI.
1456 472 1515 534 171

164 666 231 723 nus,
255 655 288 708 ut
311 656 418 709 oetars
439 657 556 727 propter
578 649 761 712 identitatem
782 658 1047 728 repraesentaretur
1069 668 1089 712 a
1109 651 1204 728 prima
1226 649 1343 726 syllaba
1357 648 1424 726 Bo,
1446 645 1518 723 quid

166 754 280 812 quaeso
304 736 451 796 desiderat
472 738 500 795 in
523 737 615 798 literis
637 758 672 813 u,
705 739 740 817 b,
769 756 799 813 e,
831 738 868 813 d,
891 759 921 814 c,
942 740 974 816 f,
1001 758 1039 818 p,
1064 739 1126 815 jam
1150 736 1259 796 dudum
1281 739 1311 796 in
1333 735 1411 795 hune
1433 750 1519 794 usum

166 824 316 901 receptis?

257 912 331 970 Cum
359 913 447 987 igitur
476 911 532 972 hoc
554 912 640 973 modo
669 914 729 972 sint
756 918 844 973 natae
872 929 923 973 sex
946 911 1079 989 syllabae
1109 918 1228 989 propter
1260 909 1404 988 triplicem
1425 915 1519 969 tetra·

168 998 269 1059 chordi
299 1000 437 1075 formam,
468 998 535 1059 inde
564 1008 634 1059 nats
665 1008 709 1059 est
736 999 869 1063 doctrina
896 1001 1091 1060 mutationum
1127 1016 1179 1077 per
1211 997 1320 1057 scalam
1349 996 1520 1058 musicalem

167 1085 348 1159 modernam,
375 1104 450 1162 qnae
474 1087 606 1147 doctrina
627 1086 810 1147 solummodo
834 1090 910 1147 eirea
932 1086 1062 1165 syllabas
1085 1086 1158 1163 has,
1187 1086 1279 1146 literis
1309 1088 1442 1162 superius
1466 1102 1519 1143 ex-

170 1175 289 1252 plicatis
313 1175 471 1253 aptandas,
505 1184 681 1255 occupatur,
705 1173 890 1253 ostenditque
919 1175 1080 1251 superfluas
1102 1173 1232 1252 syllabas
1255 1172 1326 1245 Sol,
1354 1175 1386 1233 lu
1416 1173 1521 1246 eequi-

169 1261 282 1339 pollere
305 1262 448 1322 interdum
470 1263 570 1340 primis
591 1270 645 1338 ut,
672 1280 719 1337 re,
753 1262 898 1322 interdum
928 1261 1169 1334 suceedentibus,
1201 1278 1250 1336 re,
1280 1263 1337 1334 mi,
1368 1267 1400 1318 ut
1425 1259 1518 1337 possit

168 1349 315 1409 interdum
337 1359 419 1410 extra
441 1350 571 1412 ordinem
593 1351 706 1410 steine
729 1352 890 1411 mutatione
913 1358 981 1426 post
1002 1350 1062 1424 sol,
1086 1350 1119 1408 la
1140 1348 1238 1409 inlerri
1258 1348 1276 1425 ί
1296 1392 1304 1408 .

1006 1445 1014 1466 ’
1106 1464 1353 1507 utremltaml

334 1539 360 1591 i.
405 1538 431 1591 2.
467 1538 493 1593 3.
534 1537 560 1592 4.
596 1540 621 1593 5.
657 1538 682 1593 6.
729 1537 754 1590 7.
803 1538 827 1591 6.
931 1546 1373 1631 :jin-&ff

311 1609 501 1675 stram,
518 1611 563 1677 fa,
582 1609 632 1675 sol,
658 1610 698 1676 la,
722 1608 769 1676 fa,
801 1609 836 1663 lu.
931 1596 1196 1705 ’,ἶὲξῦθ
1251 1618 1373 1661 “““...ῐ

328 1678 378 1747 Ut,
397 1694 440 1747 re,
459 1680 510 1747 mi,
528 1686 571 1746 at,
594 1695 635 1745 re,
654 1680 707 1747 mi,
729 1680 772 1747 sn,
796 1678 841 1731 nsi.
876 1671 983 1721 -Θ

949 1750 1192 1793 utremlissol
1224 1747 1344 1789 latnie

257 1839 310 1897 Est
332 1856 402 1899 vero
426 1845 455 1898 et
476 1839 536 1900 alia
558 1838 702 1917 quaedam
719 1837 868 1897 dissimilis
884 1842 1042 1902 similitudo
1063 1839 1322 1915 tetrachordorum,
1346 1836 1521 1898 tundamen-

165 1936 234 1986 tum
256 1927 476 1986 assimilationis
500 1927 680 1988 diversarum
702 1924 934 1990 modulationum
956 1931 1032 1990 inter
1045 1946 1078 1989 se
1098 1930 1322 2000 concinentium,
1346 1943 1420 2004 quas
1435 1924 1521 2001 sugas

172 2026 200 2073 ot
223 2013 396 2091 phantasias
417 2014 514 2075 solent
535 2015 693 2093 appellare.
737 2013 813 2073 Nam
836 2017 861 2075 si
884 2027 983 2078 sumas
1007 2014 1191 2077 tetrachorda
1214 2017 1354 2090 contigua
1381 2012 1522 2088 nulloque

171 2101 328 2162 intervallo
349 2120 369 2162 a
390 2120 422 2161 so
445 2105 570 2164 invicem
593 2103 756 2181 disjuncta,
786 2101 829 2160 sic
850 2111 884 2162 ut
905 2112 992 2165 tonus
1015 2104 1109 2180 major
1137 2105 1263 2179 supersit
1285 2100 1323 2162 ad
1346 2099 1522 2179 implendam

173 2198 310 2249 octavam
331 2208 420 2268 supra
442 2191 490 2249 vel
513 2193 600 2267 inira,
631 2198 761 2251 occurret
793 2191 821 2245 in
847 2195 932 2253 certis
956 2191 1131 2269 quibusdam
1162 2199 1285 2251 octavae
1313 2188 1523 2265 systematibus

279 2308 402 2327 1-.---
651 2307 777 2339 --.a-4„
824 2283 957 2358 nninqne
979 2282 1069 2340 series
1092 2278 1195 2339 eadem
1220 2276 1439 2336 intervallorum
1462 2273 1524 2334 ele·

171 2310 371 2502 ff!
316 2310 779 2453 1,,ῖῖἶῖᾗὲξὲ
824 2371 1012 2441 montorium,
1040 2367 1097 2428 hoc
1122 2373 1167 2427 est
1193 2366 1428 2437 semitoniorum,
1460 2360 1524 2422 die·

209 2463 296 2470 “-
317 2418 779 2538 ᾖ--Οῗ””ὒ““““
824 2458 900 2515 sium
923 2463 952 2515 et
973 2453 1157 2528 lemmatum3
1187 2458 1216 2514 et
1239 2453 1396 2513 assumitur
1418 2448 1457 2510 ad
1477 2448 1524 2507 al-

269 2524 389 2576 ⁸⁰m¹‘⁰¹¹·
420 2526 515 2661 {Tonas
534 2562 672 2624 adjunctus.
825 2550 918 2602 teram
946 2549 1033 2602 tonus
1054 2543 1161 2617 major,
1193 2547 1226 2600 ut
1254 2556 1308 2616 pro
1331 2543 1437 2616 quarta
1459 2534 1524 2597 elfl-

268 2595 381 2679 Lemma.
826 2632 918 2688 cietur
933 2632 1043 2708 quinta,
1068 2636 1189 2706 quartae
1205 2628 1288 2687 alteri
1309 2622 1524 2702 quodammodo

261 2779 279 2803 ο
384 2778 388 2783 ,
623 2774 639 2796 η
793 2732 795 2735 ’
825 2718 945 2790 similis,
977 2724 1007 2777 et
1033 2716 1178 2776 melodiae
1206 2716 1296 2787 duae,
1326 2713 1419 2774 altera
1445 2714 1523 2788 prior

262 2807 469 2885 gssmrtonrum.
622 2798 646 2876 ἕ
825 2811 971 2881 ternpore,
1002 2803 1189 2863 intervallum
1219 2802 1355 2877 diapente
1381 2799 1524 2875 superins,

261 2875 465 2978 §fflffl‘fflllm
485 2910 573 2974 major.
599 2968 602 2973 Ι
622 2880 629 2891 ’
826 2873 919 2952 altera
939 2893 1082 2968 posterior
1097 2899 1235 2967 tempore,
1258 2885 1445 2947 intervallum
1460 2885 1525 2943 dia-

263 2942 434 3089 ξζζζῇΐῇἲ
622 3035 647 3069 m
826 2986 958 3039 tessaron
997 2977 1117 3038 inferius
1153 2982 1338 3055 percurrunt,
1382 2974 1526 3051 posterior

264 3087 393 3145 2Dtests.
426 3049 465 3155 tT·
486 3050 573 3100 minor.
616 3071 640 3139 ,ξ
827 3067 953 3145 priorem
981 3068 1153 3141 insequens,
1184 3071 1214 3124 st
1244 3080 1303 3139 qua
1330 3060 1414 3136 licet,
1447 3059 1525 3119 illius

263 3151 471 3221 {Seniensium
623 3144 646 3212 i.
826 3161 929 3231 typum
952 3153 1035 3214 velut
1056 3153 1136 3213 illius
1158 3149 1275 3211 aemula
1290 3147 1435 3227 quaedam
1458 3148 1526 3205 inri-

264 3222 465 3360 risltn
488 3218 640 3323 mor-i
828 3249 903 3301 ru·

747 3587 888 3660 CAPUT
914 3584 967 3657 xl.
1034 3654 1038 3659 .

557 3733 602 3786 Dc
629 3739 859 3804 systematum
886 3729 1147 3799 compositione.

264 3910 328 3969 Etsi
352 3914 441 3970 nnius
462 3911 588 3971 hominis
610 3929 669 3971 vox
693 3911 863 3989 plerumque
887 3913 960 3971 inter
982 3913 1070 3970 unius
1094 3916 1217 3968 octavae
1239 3914 1371 3987 systema
1397 3908 1527 3979 vertitur,

178 3997 305 4077 plurium
330 4006 427 4058 tamen
450 3998 641 4059 melodiarum
664 4008 821 4059 concentus
844 3997 929 4058 docet
951 4006 1072 4058 octavas
1095 3996 1191 4074 plnres
1209 3998 1362 4072 contiguas
1384 3993 1527 4054 ordinare.

179 4086 301 4146 Veteres
332 4088 433 4163 igitur,
464 4105 647 4147 numerorum
676 4087 880 4147 affectionibus
904 4090 1002 4144 omnia
1024 4084 1208 4155 definientes,
1240 4080 1381 4161 diapason
1413 4080 1528 4160 epidio-

179 4180 265 4251 pente
288 4176 416 4234 numeris
442 4177 472 4245 1,
497 4178 534 4247 2,
559 4177 577 4234 3
601 4182 730 4252 systema
752 4174 912 4252 perlectum
935 4173 1144 4247 deliniremnt3
1165 4170 1252 4230 nobis
1274 4187 1362 4247 supra
1384 4170 1545 4230 sectionem

179 4262 365 4320 harmonicae
397 4262 530 4337 singulae
560 4260 677 4337 singula
706 4262 893 4321 reddiderunt
921 4267 1095 4338 systemata,
1127 4275 1249 4335 quorum
1281 4265 1343 4317 eret
1370 4258 1528 4316 marimum

180 4348 564 4426 disdiapasonepidiapente,
587 4350 721 4421 numeris,
741 4352 771 4423 l,
797 4351 832 4420 5,
858 4349 893 4420 6,
917 4351 971 4406 etsi
994 4350 1102 4406 nostris
1125 4347 1327 4424 componistis,
1355 4351 1528 4421 urseceni,

179 4436 262 4495 limes
284 4434 383 4495 nullus
407 4445 451 4496 est
472 4438 598 4513 positus,
631 4436 700 4495 dum
724 4434 866 4505 melodias
889 4437 1075 4495 concinentes
1097 4432 1309 4510 multiplicant3
1338 4429 1530 4506 quodetiam

180 4524 300 4583 Creator
324 4524 404 4583 Dens
426 4526 455 4580 in
480 4525 746 4601 contemperatione
768 4530 901 4583 motuum
923 4521 1092 4584 coelestium
1116 4522 1249 4599 praeivit,
1272 4526 1431 4596 systemate
1450 4519 1528 4579 iacto

180 4628 214 4669 cr
236 4617 350 4689 septem
375 4611 517 4687 diapason
548 4622 578 4671 et
605 4628 640 4671 eo
672 4611 808 4689 amplius.
853 4610 1052 4671 Vemntamen
1083 4610 1153 4686 quia
1173 4608 1223 4665 hic
1246 4609 1447 4684 componimus
1476 4624 1529 4683 sy·
1609 4668 1614 4679 ,

180 4706 289 4772 stoma,
312 4707 345 4757 ut
367 4715 467 4757 omncs
491 4701 607 4758 omnino
632 4702 838 4759 consonantias
860 4698 1059 4775 speculemur,
1088 4694 1248 4773 perfectus,
1271 4695 1467 4772 imperfectae,
1491 4693 1528 4752 ad
1624 4736 1629 4752 .

180 4785 236 4845 boc
259 4803 334 4865 opus
356 4785 503 4845 sufficiunt
525 4787 610 4846 nobis
634 4786 692 4846 duo
717 4786 859 4865 diapason
881 4786 911 4842 in
934 4802 1024 4845 unum
1047 4784 1210 4861 composita
1233 4781 1427 4854 intervallum,
1450 4779 1529 4857 quod

177 4876 267 4934 etiam
288 4872 476 4934 Ptolemaeus
497 4874 656 4950 perlectum
672 4881 800 4952 systema
814 4871 984 4959 appellavit,
1008 4872 1036 4928 in
1059 4870 1146 4944 huno,
1170 4870 1220 4946 qni
1236 4871 1375 4945 seqnitur,
1399 4867 1528 4930 modurn.
