3882 5862
819 428 958 501 Apologia.
1275 444 1278 457 ·
1495 436 1562 521 4291

216 620 319 666 norom
334 607 570 669 >fundamentum
600 625 665 669 asse
692 616 842 682 naturam,
874 611 1005 688 inprimis
1037 610 1066 666 in
1094 606 1308 677 consonantiis,
1340 604 1446 682 qulbus
1469 609 1560 666 utitur

214 693 337 766 artilex,
360 711 417 755 uon
441 696 522 756 aliud
545 696 648 772 hujus,
673 693 752 755 aliud
775 695 855 755 illius
878 699 997 757 auribus
1019 695 1149 772 placere,
1172 694 1224 752 sed
1246 692 1370 753 eundem
1394 709 1559 753 consonan-

213 784 319 840 tiarum
347 799 501 843 numerum
529 785 567 843 ab
596 786 724 843 omnium
747 783 897 847 bominum
927 786 1047 843 auribus
1069 783 1238 860 approbari,
1269 780 1348 856 quod
1373 779 1481 839 indicio
1504 792 1559 858 eat,

213 878 336 928 naturae
359 869 416 930 boc
439 889 513 950 opus
535 888 610 931 esse.
655 870 699 929 Ex
716 870 799 930 libris
822 880 973 930 anctorum
997 871 1133 948 decerpta
1154 873 1211 928 siut
1234 872 1331 946 capita
1352 864 1436 941 libri,
1461 885 1499 926 an
1523 886 1559 929 ex

213 959 339 1033 proprio,
363 975 421 1017 non
444 968 489 1018 est
511 961 625 1018 animus
647 975 703 1018 nec
724 957 806 1018 locus
829 968 925 1019 tecum
939 959 1070 1036 litigare,
1094 956 1208 1029 scilicit,
1232 956 1311 1032 quod
1325 972 1428 1015 rerum
1449 956 1480 1014 id
1503 966 1556 1032 est,
1626 996 1632 1011 .

215 1043 293 1118 quod
316 1046 345 1103 iu
368 1048 583 1123 comparatione
606 1045 681 1117 dlii,
709 1062 761 1119 ea,
794 1063 869 1122 quae
892 1065 910 1107 a
935 1047 1081 1105 ueteribus
1111 1053 1232 1123 possunt
1252 1045 1422 1114 transsnmi,
1454 1060 1500 1102 me
1522 1061 1558 1103 ex

213 1147 310 1190 rerum
332 1139 438 1193 natura
461 1151 570 1193 eruere.
615 1132 823 1192 Definitionem
846 1151 902 1210 ego
925 1142 1033 1193 certam
1062 1148 1140 1208 pouo
1163 1133 1427 1191 consonantiarum.
1472 1129 1559 1192 Hanc

215 1217 412 1279 definitionem
435 1223 550 1297 recipit,
580 1220 723 1297 quidquid
746 1223 865 1279 auribus
889 1223 1028 1299 probatur
1050 1228 1082 1278 ut
1104 1236 1278 1294 consonum,
1313 1220 1438 1295 respuit,
1470 1218 1558 1294 quid·

215 1305 285 1380 quid
308 1324 393 1366 aures
415 1318 557 1386 respuunt
586 1317 619 1368 ιιι
643 1308 801 1367 dissonum.
846 1309 958 1368 Horum
986 1307 1087 1383 aliqua
1115 1309 1201 1367 etiam
1223 1306 1408 1385 Pythagoras
1430 1322 1560 1365 consona

214 1393 304 1466 dixit,
333 1394 432 1471 aliqua
455 1412 584 1457 consona
612 1398 676 1474 ipae
698 1397 833 1471 negavit,
863 1396 1052 1457 Ptolemaeus
1080 1395 1242 1454 affirmarit·
1287 1394 1352 1454 Non
1383 1403 1479 1453 tamen
1503 1410 1558 1470 ego

215 1497 309 1556 usque
332 1482 501 1560 illoneque
525 1487 582 1543 ista
604 1484 712 1562 recipio
736 1486 810 1541 inter
833 1500 970 1556 consona,
995 1486 1065 1560 quia
1086 1482 1269 1561 Pythagoras
1292 1491 1344 1541 aut
1365 1483 1435 1557 quia
1456 1481 1559 1541 Ptole·

214 1585 315 1627 rnaeus
338 1569 368 1626 id
391 1569 479 1644 dixit,
510 1571 562 1630 sed
592 1572 662 1647 quis
689 1571 814 1646 primum
836 1589 936 1645 aures,
969 1570 1074 1631 deinde
1100 1569 1228 1631 delinitio
1251 1587 1317 1629 mea
1328 1572 1485 1657 recipiunt
1508 1568 1559 1629 ills

178 1654 182 1661 “
214 1657 289 1716 inter
311 1671 450 1717 consona.
494 1658 592 1717 Nolim
615 1658 750 1735 equidem
773 1676 881 1718 novam
903 1661 1023 1719 auribus
1045 1661 1264 1718 consonantiam
1287 1645 1387 1715 inritis
1403 1656 1558 1717 obtrudere

214 1741 250 1802 de
271 1746 405 1822 proprio,
437 1762 585 1821 nunquam
608 1756 691 1805 tanta
713 1762 759 1803 ma
781 1745 892 1848 gloriae
916 1746 1059 1824 cupiditas
1082 1749 1213 1819 incessit,
1239 1752 1273 1803 ut
1294 1754 1416 1804 naturae
1441 1746 1558 1804 obtrec-

213 1830 334 1889 taudum
357 1836 533 1906 censuerim,
563 1833 670 1892 suflicit
693 1833 777 1904 milri,
809 1836 834 1891 si
859 1852 962 1893 causas
986 1851 1099 1904 eorum,
1123 1850 1198 1909 quac
1220 1842 1324 1891 natura
1345 1842 1502 1906 monstrat,
1528 1833 1557 1890 iu

214 1917 279 1977 luce
308 1935 415 1995 ponere
445 1937 572 1999 possum.
616 1921 737 1979 Frustra
767 1937 837 1996 crgo
867 1932 898 1980 tu
920 1924 991 1981 milri
1017 1921 1138 1995 adimis,
1172 1920 1250 1997 quod
1280 1922 1460 1997 comparatio
1492 1936 1570 1997 mea¹

214 2008 350 2081 nuspiam
373 2011 530 2084 arrogavit.
574 2008 688 2084 Negas,
711 2025 758 2067 me
781 2008 949 2070 barmoniae
972 2027 1054 2069 meae
1076 2011 1226 2068 materiam
1249 2007 1409 2066 secundum
1432 2011 1558 2084 promis·

214 2109 278 2150 sum
302 2111 318 2152 e
340 2111 435 2153 rerum
457 2106 561 2155 natura
584 2097 707 2166 eruisse,
732 2102 783 2153 eut
804 2113 822 2154 a
846 2097 1040 2156 tundamentis
1064 2099 1247 2157 constituere.
1291 2094 1445 2154 Materiam
1468 2112 1557 2171 quam

212 2187 245 2239 tu
266 2178 346 2240 dicas
369 2181 538 2242 harmoniae
561 2199 615 2258 ego
639 2184 859 2258 non'conjicio,
884 2202 978 2261 neque
1002 2185 1037 2244 de
1060 2184 1228 2243 barmoniae
1251 2185 1373 2244 materia
1395 2180 1557 2258 quidquam

218 2266 306 2342 hujus
329 2286 384 2344 ego
407 2272 536 2346 promisi,
570 2269 622 2329 scd
645 2271 701 2329 boc
724 2288 769 2328 mc
792 2271 920 2331 noluisse
943 2273 1016 2331 liber
1039 2274 1101 2350 ipse
1125 2273 1226 2331 tertius
1248 2278 1387 2343 testatur,
1415 2287 1461 2329 me
1484 2287 1556 2329 cau·

216 2371 283 2429 saa,
313 2372 364 2414 cur
386 2367 528 2417 certarum
551 2360 748 2433 quantitatum
771 2360 892 2434 termini,
916 2362 945 2416 in
970 2376 1057 2420 voces
1079 2359 1226 2419 naturales
1249 2357 1419 2430 introducti,
1450 2357 1560 2418 iaciant

215 2457 266 2499 cas
288 2458 464 2523 consonare,
496 2445 619 2505 aliarum
648 2446 844 2521 quantitatum
877 2449 989 2506 termini
1020 2447 1076 2506 hoc
1097 2462 1155 2507 non
1177 2446 1300 2520 iaciant,
1329 2444 1418 2521 hujus
1440 2447 1559 2521 inquam

214 2530 255 2587 rei
279 2546 384 2590 causas
416 2550 462 2590 me
491 2549 624 2591 ererum
654 2538 760 2591 natura
787 2536 905 2597 eruisse.
949 2532 1017 2593 Viri'
1040 2536 1129 2611 igitur
1156 2541 1188 2592 tu
1216 2536 1304 2606 scire,
1338 2549 1414 2607 quae
1440 2534 1478 2592 sit
1508 2533 1560 2594 illa

212 2631 310 2675 rerum
332 2618 479 2677 natura‘l'
502 2620 609 2679 Anima
640 2620 769 2680 humana
795 2638 864 2696 pars
891 2630 935 2681 est
957 2631 1092 2694 naturae,
1124 2624 1154 2680 in
1177 2624 1273 2679 anima
1301 2620 1413 2679 relucet
1433 2620 1558 2681 circulus

215 2718 278 2761 cum
301 2708 363 2764 suis
386 2705 578 2766 divisionibus
601 2724 652 2782 per
674 2707 820 2782 regularis
841 2708 948 2784 plana,
982 2719 1136 2788 propterea
1166 2711 1235 2783 quia
1257 2709 1370 2781 animus
1395 2716 1440 2766 ιιι
1461 2709 1559 2785 imago

213 2788 289 2866 Dei3
313 2810 348 2852 ex
372 2792 516 2852 divisione
539 2793 653 2867 circuli,
685 2812 762 2871 quae
784 2794 817 2853 fit
838 2799 983 2875 inipsius
1006 2800 1120 2855 animae
1150 2796 1275 2854 essentia
1302 2795 1461 2854 secundum
1484 2795 1559 2855 Pro·

213 2877 303 2951 cium,
336 2883 379 2939 tui
401 2879 561 2940 Jumblichi
587 2882 777 2958 discipulum,
807 2886 1023 2943 constituuntur
1045 2885 1158 2943 termini
1183 2882 1394 2941 barmoniamm
1427 2883 1559 2943 intellec·

213 2965 337 3025 tualium
360 2969 389 3025 ln
411 2968 530 3043 mundo,
556 2980 586 3028 ut
610 2979 676 3028 tuus
700 2969 894 3044 Jambliclrus,
920 2971 1109 3048 intelligibili,
1134 2979 1166 3028 ut
1189 2988 1252 3045 ego,
1278 2972 1306 3027 in
1328 2981 1425 3028 mente
1443 2969 1558 3043 divina,

214 3052 298 3128 cujus
328 3055 476 3135 exemplar
505 3056 553 3116 iric
575 3066 619 3115 est
641 3057 785 3131 humanu,
817 3057 1012 3118 characterem
1039 3076 1134 3118 rerum
1163 3060 1400 3134 geometricarnm
1431 3056 1498 3116 inde
1522 3058 1561 3117 ab

215 3148 278 3199 ortu
301 3140 427 3201 hominis
449 3162 484 3202 ex
508 3144 667 3222 archetype
701 3162 755 3204 sno
778 3147 914 3205 retinens.
961 3146 1108 3223 Amplius:
1139 3144 1255 3203 auditus
1283 3162 1349 3222 pars
1377 3152 1422 3202 eet
1443 3146 1559 3205 animae

214 3234 395 3305 testaturque
418 3234 442 3289 is
465 3231 501 3290 de
524 3234 604 3291 sonis
626 3249 784 3308 eorumque
807 3236 1028 3307 quantitatibus,
1054 3250 1127 3309 quas
1141 3244 1244 3291 sensns
1259 3235 1418 3291 communis
1440 3249 1559 3310 reprac-

215 3323 312 3374 sentat
334 3317 510 3378 intellectui:
550 3319 584 3377 Iu
607 3319 653 3378 his
676 3322 700 3378 si
724 3321 870 3379 invenitur
891 3325 1059 3399 proportio,
1083 3324 1113 3378 in
1135 3318 1283 3379 intellectu
1303 3321 1365 3396 jam
1387 3320 1425 3378 ab
1448 3322 1559 3394 origine

215 3401 361 3478 relucens,
391 3408 455 3464 soni
478 3405 509 3464 hi
532 3416 686 3466 censentur
716 3406 893 3482 harmonici,
923 3408 991 3469 irinc
1023 3412 1113 3469 oritur
1135 3408 1288 3467 delectatio
1316 3409 1354 3466 ab
1386 3410 1430 3467 iis.
1477 3406 1561 3468 Haeo

214 3489 258 3547 sic
278 3491 309 3547 in
332 3508 446 3566 genere.
492 3493 561 3553 Jam
586 3498 615 3551 in
638 3498 744 3572 specie,
768 3512 836 3574 pars
858 3503 980 3557 naturae
1002 3515 1096 3557 rerum
1113 3494 1338 3571 intelligibilium
1362 3504 1406 3553 est
1428 3496 1560 3572 triangu-

215 3575 284 3650 lum,
307 3594 375 3653 pars
398 3580 633 3658 quadrangulum
655 3591 684 3642 ιι
706 3584 748 3641 ιιι
771 3581 807 3642 de
830 3586 947 3656 ceteris,
971 3593 1000 3645 ιι
1023 3584 1173 3662 quodlibet
1197 3583 1348 3658 distinguit
1370 3582 1508 3643 circulum
1532 3585 1560 3639 in

215 3672 322 3739 partes,
347 3683 422 3741 quae
446 3667 519 3727 fiunt
541 3672 704 3745 quantitate
727 3688 779 3730 seu
802 3670 985 3747 longitudine
1007 3684 1061 3731 ιιι
1084 3673 1197 3730 termini
1220 3672 1413 3748 proportionis
1436 3670 1560 3746 alicujus

214 3750 409 3813 harmonicae.
457 3756 502 3814 Ad
525 3774 675 3817 numerum
700 3760 955 3818 consonantiarum
978 3762 1020 3819 sic
1043 3761 1232 3818 constitutum
1257 3764 1417 3834 sequuntur
1437 3758 1560 3860 reliqua,

214 3855 291 3915 quse
314 3842 413 3901 insunt
440 3843 470 3901 iu
494 3854 580 3903 cantu
605 3845 748 3903 artificiali
771 3842 974 3925 naturalia⁴⁷l
1017 3846 1086 3906 Jam
1115 3845 1157 3904 ito
1180 3854 1226 3918 tu,
1258 3844 1399 3918 lioberte,
1430 3853 1459 3904 et
1481 3847 1561 3923 prius
1633 3884 1641 3893 -

214 3935 313 3985 ιιιιιι
336 3928 390 3987 bas
412 3938 509 4008 partes
533 3939 669 4021 ιιιιιιι,
700 3934 808 3992 subrue
836 3933 922 3993 haec
938 3934 1143 4006 fundamenta,
1173 3941 1234 3991 tum
1258 3933 1372 3993 demum
1395 3949 1483 4006 nega,
1514 3949 1561 3991 me

212 4016 385 4089 promissum
408 4018 561 4094 implesse,
584 4004 755 4079 ιιιιιιιιιιι
777 4023 964 4096 processisse.
1009 4021 1117 4098 Negas,
1140 4038 1186 4079 me
1211 4021 1369 4096 quidquam
1385 4020 1422 4078 ad
1439 4028 1560 4078 naturae

214 4099 295 4176 leges
326 4104 511 4180 emendasse,
541 4107 741 4166 confusionem
770 4110 912 4167 evitasse.
943 4126 1002 4167 non
1032 4118 1109 4169 recle
1139 4126 1239 4211 negas.
1294 4106 1351 4182 Qui
1381 4108 1560 4182 quantitates

211 4194 466 4252 consonantiarum
491 4196 757 4269 concinnerumque
781 4196 919 4255 exscribit
941 4211 977 4255 ex
1001 4197 1193 4269 veteribus,
1185 4212 1211 4254 rs
1233 4195 1378 4254 interdum
1402 4194 1490 4252 aliam
1514 4196 1561 4252 in·

213 4278 295 4335 venit
325 4281 536 4353 quantitatem,
570 4283 650 4341 verbi
681 4298 771 4341 causa
801 4285 947 4343 semitonii
976 4285 1004 4342 in
1036 4283 1175 4355 Platone,
1205 4282 1292 4342 aliam
1324 4284 1353 4339 ln
1379 4281 1561 4340 Ptolemaeo.

212 4361 290 4438 Ergo
313 4364 370 4426 hoc
403 4368 562 4428 observans
592 4371 751 4445 exscriptor
781 4368 889 4447 duplex
912 4373 954 4429 ait
986 4387 1050 4430 esse
1072 4373 1270 4444 semitonium,
1293 4366 1416 4428 alterum
1438 4362 1560 4451 ²⁴³s233,

212 4448 335 4510 alterum
363 4448 541 4539 15[ψιιι
571 4459 698 4515 nascitur
731 4458 830 4535 opinio
862 4458 952 4532 ialsa,
987 4460 1072 4534 quasi
1094 4467 1199 4518 natura
1225 4456 1330 4516 doceat
1362 4463 1392 4513 et
1421 4462 1562 4515 monstret

211 4545 376 4615 utrumque,
399 4545 557 4618 autquasi
580 4550 658 4604 recte
681 4547 847 4622 promiscuo
871 4564 926 4604 usu
951 4547 998 4605 vel
1021 4547 1080 4606 hoc
1100 4544 1147 4605 vel
1163 4542 1234 4603 iliud
1251 4543 1431 4603 adhibeatur.
1476 4542 1560 4604 Haeo

212 4624 312 4701 itaque
335 4627 467 4687 conlusio
490 4630 635 4705 quaedam
658 4638 703 4690 est
724 4630 870 4693 Platonici
894 4635 1040 4693 semitonii
1064 4649 1130 4693 cum
1144 4629 1278 4705 naturali,
1303 4644 1378 4707 quse
1402 4631 1496 4707 major
1518 4628 1559 4705 fit,

212 4713 237 4768 si
260 4715 347 4772 etiam
370 4715 399 4772 id
422 4715 607 4793 adjungatur,
631 4718 710 4795 quod
733 4719 905 4794 relinquitur
928 4721 1059 4781 abscisso
1082 4717 1207 4778 naturali
1232 4714 1297 4821 ὶδιᾳ
1320 4735 1339 4778 ι
1360 4725 1432 4777 tono
1453 4718 1559 4796 majori
1646 4774 1650 4791 ,

211 4791 268 4880 ⁸s9,
292 4801 466 4877 relinquitur
487 4807 564 4864 enim
591 4800 706 4891 mim,
729 4809 915 4866 semitonium
931 4811 1027 4867 minus
1050 4794 1102 4866 sen
1126 4806 1214 4866 diesis
1236 4805 1337 4881 maJ'or,
1361 4804 1440 4882 quod
1462 4814 1581 4889 tamen*

212 4901 268 4963 ego
291 4886 485 4951 distinctionis
508 4909 599 4953 causa
622 4902 651 4954 et
673 4903 706 4954 ut
728 4894 860 4955 conlusio
881 4897 991 4956 vitetur
1020 4899 1127 4956 lemma
1148 4892 1240 4955 malui
1262 4894 1420 4973 appellare.
1459 4893 1559 4969 Quae-
