3792 5860
565 425 744 484 Harmoaiois.
780 429 863 487 Liber
875 429 924 486 ΙΙΙ.
944 430 1031 498 Caput
1050 431 1085 487 X.
1438 436 1508 497 les·

144 603 191 662 sin
214 608 312 664 autem
334 604 438 664 musici
467 607 523 682 ipsi
544 615 657 683 ponunt
679 613 792 667 tantum
814 609 889 669 inter
918 610 954 683 b,
986 607 1054 687 [yet
1078 612 1153 672 inter
1175 610 1229 687 dp,
1264 628 1289 667 e.
1334 609 1427 687 Igitur
1450 609 1498 669 vel

145 692 218 766 ipsis
242 693 386 767 organicis
409 695 636 754 assentientibus
666 694 713 754 vel
736 713 755 755 a
777 697 810 756 D
840 696 929 757 vela
954 695 982 756 il
1003 706 1133 776 systema
1164 703 1295 757 nostrum
1324 714 1499 775 consurgere

146 777 247 855 debet,
273 788 307 837 ut
328 782 504 856 exprimatur
526 800 635 841 merum
658 790 787 860 systema
809 783 950 842 naturale.

234 865 273 923 rtt
295 883 390 942 neque
412 885 430 924 a
452 867 484 925 D
505 878 633 946 systema
656 870 786 930 naturale
810 873 935 948 incipere
957 864 1063 947 potest.
1109 871 1162 931 Est
1177 838 1253 931 enim
1276 872 1347 947 ipsis
1370 873 1401 930 iu
1416 889 1496 932 more

145 953 290 1028 positum,
313 955 497 1013 semitonium
519 973 627 1032 ponere
651 958 782 1030 interd,
806 958 859 1035 dp,
886 961 916 1016 iu
938 975 1003 1019 meo
1026 975 1095 1018 vero
1118 959 1246 1019 naturali
1268 966 1427 1036 systemate
1452 969 1497 1019 eat

146 1041 206 1098 imo
229 1039 295 1100 loco
318 1040 444 1117 lemma,
469 1042 547 1119 quod
570 1047 666 1103 miuus
690 1054 735 1104 eat
757 1047 921 1105 semitonio.

277 1156 382 1205 systema
394 1161 504 1203 miurus.
662 1162 819 1212 ‘transpositio
832 1163 925 1214 rejects.
1082 1163 1239 1215 'l'rsnspositto
1254 1164 1299 1203 altr
1312 1160 1404 1215 reiecta.

273 1839 324 1894 De
342 1841 587 1898 Tetrachordis
605 1848 639 1898 et
657 1860 721 1902 usu
738 1842 950 1915 syllabarum
967 1851 1023 1915 cst,
1041 1860 1088 1912 re,
1107 1845 1165 1915 mi,
1185 1845 1237 1914 to,
1256 1846 1320 1913 roi,
1339 1846 1380 1901 la.

237 2018 393 2079 Veteribus
417 2024 555 2082 usitatum
578 2031 648 2097 erat,
672 2031 801 2101 systema
824 2031 946 2084 octavae
969 2021 1201 2098 distinguerem
1224 2018 1282 2079 duo
1305 2019 1499 2091 tetrachorda,

150 2104 240 2181 idque
269 2105 464 2168 diversimode
491 2127 544 2186 pro
573 2109 690 2169 diversa
717 2114 877 2172 intentione
904 2111 1089 2169 musicorum.
1142 2107 1197 2168 Vel
1231 2110 1307 2168 euim
1347 2108 1503 2184 conjuncta

151 2200 242 2265 erant,
267 2210 455 2270 synemmena
478 2197 571 2272 dicta,
594 2214 653 2256 ano
675 2214 748 2256 sono
771 2197 941 2257 intermedio
964 2203 1090 2268 statuto,
1114 2197 1165 2271 qui
1188 2201 1218 2255 et
1237 2212 1303 2255 cum
1325 2197 1500 2270 gravissimo

150 2279 225 2339 inira
247 2288 277 2339 et
299 2297 365 2340 cum
387 2285 556 2344 acutissimo
577 2302 667 2361 supra
688 2284 834 2345 efficiebat
857 2286 1054 2357 diatessaron,
1084 2282 1185 2359 itaque
1214 2288 1361 2342 extremae
1392 2281 1501 2342 silicie·

150 2366 223 2425 baut
244 2367 430 2428 intervallum
452 2370 610 2446 dissonum,
635 2371 762 2448 dihepta,
787 2380 816 2432 et
838 2390 927 2449 supra
949 2381 1036 2432 tonus
1055 2388 1130 2429 uuus
1152 2369 1428 2444 subintelligebatur
1449 2386 1502 2428 ae·
1549 2416 1554 2421 .

151 2452 270 2529 cedere3
300 2459 415 2532 quoties
438 2460 513 2518 euim
537 2458 607 2519 ordo
630 2459 800 2536 postulabat
826 2461 943 2538 pulsare
973 2467 1108 2520 octavam
1132 2477 1168 2532 α,
1198 2456 1358 2534 pulsabant
1378 2459 1502 2535 primam

151 2544 194 2613 A,
220 2544 306 2616 quasi
329 2561 365 2603 ex
387 2549 521 2621 opposito
546 2547 703 2605 identicam
725 2563 828 2606 sonum
852 2548 994 2621 edentem,
1018 2544 1190 2626 dnrpmoor.
1236 2543 1303 2604 Hoc
1325 2552 1412 2622 paeto
1443 2561 1502 2602 non

152 2644 220 2687 sere
244 2628 302 2687 dno
326 2632 508 2693 tetrachorda
532 2642 621 2707 eraut,
644 2633 697 2693 sed
719 2634 777 2693 duo
800 2635 917 2711 quidem
934 2634 1113 2693 diatessaron
1129 2631 1295 2706 intervalla,
1318 2648 1410 2691 uuum
1434 2649 1503 2690 vero

151 2716 399 2794 heptachordum
429 2721 475 2781 vel
499 2720 645 2797 disjuncta
665 2729 747 2781 erant
777 2721 961 2782 tetrachorda
988 2720 1143 2781 intervallo
1173 2721 1260 2779 unius
1283 2720 1346 2779 toni
1376 2719 1503 2795 maJ'oris,

151 2802 364 2880 diezeugmona
386 2805 479 2881 dieta,
504 2808 582 2885 quod
604 2825 699 2868 rerum
720 2816 826 2868 natura
849 2810 955 2870 suadet
977 2811 1065 2868 etiam
1092 2808 1122 2864 in
1145 2814 1245 2865 nostm
1266 2807 1434 2884 systematis
1458 2806 1505 2864 di-

153 2892 278 2965 rIsione,
301 2894 332 2951 in
355 2911 414 2970 qua
434 2896 554 2955 interius
576 2895 789 2955 tetrachordum
812 2896 902 2958 habet
927 2895 962 2971 d,
986 2898 1020 2969 A,
1043 2894 1070 2977 I),
1093 2911 1117 2968 e,
1140 2896 1274 2971 superius
1296 2893 1325 2968 d,
1349 2911 1381 2968 e,
1403 2894 1451 2970 fp,
1474 2910 1503 2967 9,

152 2979 202 3036 ubi
234 2981 310 3037 inter
331 2998 346 3039 c
369 2982 441 3041 etd
471 2991 557 3043 tonus
583 2984 679 3060 maior
699 2986 827 3044 interest.
872 2985 1019 3044 Fortassis
1042 2986 1106 3060 ipso
1139 2982 1310 3043 etiamalio
1341 2979 1504 3055 disjunctae

152 3074 236 3124 erant
259 3074 384 3143 quatuor
405 3071 481 3130 imae
505 3068 629 3130 chordae
653 3090 671 3130 a
694 3080 820 3148 quatuor
842 3072 1050 3149 superioribus,
1072 3068 1173 3130 relicto
1196 3086 1237 3129 sc.
1260 3069 1416 3129 interstitio
1439 3084 1504 3126 ma-

148 3153 208 3226 jori
231 3153 306 3213 iuter
327 3155 412 3215 binas
434 3156 607 3219 limitaneas.
1326 3182 1328 3187 ¹

248 3304 252 3309 ⁴
351 3310 503 3352 Tetrachorda
518 3322 667 3360 synemmena.
901 3311 1056 3369 'l'strsohords
1070 3309 1237 3360 draeugmeaa
1283 3356 1290 3375 ἱ

242 3633 341 3692 Causa
363 3632 434 3706 ipsis
457 3631 605 3708 cogitandi
634 3631 671 3692 de
693 3639 851 3710 systemate
873 3630 1048 3690 tetrachordi
1070 3632 1125 3690 luit
1151 3634 1223 3706 ista,
1253 3629 1332 3707 quod
1356 3628 1505 3703 ridebant,

154 3726 183 3781 in
206 3738 268 3781 uua
290 3719 472 3779 diatessaron
495 3722 685 3779 consonantia
708 3737 773 3780 esse
796 3726 881 3777 tonos
905 3716 978 3778 dnos
1000 3719 1097 3792 semis,
1122 3725 1151 3778 et
1166 3736 1219 3778 nos
1240 3717 1383 3779 habemus
1405 3724 1507 3777 tonum

155 3809 305 3885 majorem,
328 3807 468 3865 minorem
492 3814 521 3866 et
543 3810 727 3868 semitonium
751 3809 780 3864 in
803 3807 983 3865 diatessaron
1006 3806 1145 3883 perlecto,
1168 3809 1197 3864 in
1218 3805 1425 3866 concordantia
1447 3806 1506 3863 sci·

157 3897 226 3955 licet
247 3896 351 3953 minori
375 3888 458 3974 (nam
482 3891 520 3975 ⁴i5
545 3902 574 3954 et
596 3890 638 3978 ⁶]ss
662 3894 840 3970 nequidem
870 3910 922 3970 pro
946 3893 1159 3957 concordandis
1181 3894 1380 3967 habebantur)
1410 3894 1509 3952 omnia

156 3982 301 4043 elementa
323 3981 482 4055 concinna3
506 3991 535 4041 et
550 3984 740 4041 semitonium·
751 3979 869 4058 quidem
886 3980 933 4041 vel
949 3984 1006 4040 imo
1022 3981 1097 4050 loco,
1120 3982 1169 4042 rel
1185 3982 1291 4055 medio,
1314 3980 1363 4041 rel
1384 3995 1507 4039 summo.

157 4069 259 4130 Omnis
281 4071 372 4146 igitur
394 4077 496 4128 cantus
521 4069 675 4129 videbatur
697 4070 769 4145 ipsis
792 4068 998 4144 comprehendi
1021 4070 1112 4128 tribus
1130 4068 1376 4130 tetrachordorum
1397 4068 1507 4126 lormis.

887 4269 1042 4276 ..-—.—.

786 4232 1508 4385 ΝΘΞΟᾞῶΞῖ-ἶ-ωῑ-Ξῖ-

958 4376 1060 4385 --ο--ι
1254 4375 1294 4385 —

751 4418 806 4457 ‘l'orn
849 4416 908 4458 Sem.
963 4417 1019 4456 Tou.
1190 4415 1250 4457 ttsm.
1304 4415 1360 4454 'ron-
1394 4413 1453 4456 Tan.

242 4539 316 4600 Mihi
352 4540 582 4618 multiplicantur
610 4544 718 4624 formae
751 4539 999 4603 tetrachordorum
1036 4549 1154 4618 propter
1190 4540 1407 4600 distinctionem
1435 4539 1509 4597 inter

61 4636 63 4643 “
158 4638 258 4704 tonos,
289 4632 430 4690 minorem
460 4636 491 4689 et
512 4638 666 4705 maiorem3
702 4647 754 4707 pro
785 4630 878 4688 tribus
909 4630 986 4688 enim
1008 4646 1061 4689 sex
1081 4628 1155 4687 fiunt
1177 4636 1207 4687 et
1228 4629 1259 4684 in
1282 4643 1340 4685 uno
1364 4627 1507 4702 diapason

157 4716 314 4792 pleraeque
342 4720 491 4792 geminam
520 4720 620 4794 itaque
646 4718 788 4777 habemus
821 4718 909 4776 etiam
941 4724 1063 4776 naturae
1091 4714 1240 4792 quoddam
1269 4714 1439 4790 suffragium
1469 4710 1508 4771 ad

158 4802 363 4880 distinguenda
394 4805 594 4879 tetrachorda,
625 4823 692 4864 nam
721 4804 855 4881 superius
886 4809 930 4863 est
962 4804 1090 4863 interiori
1113 4800 1330 4880 quodammodo
1360 4799 1455 4861 simile
1477 4802 1507 4858 in

158 4891 346 4971 dispositione
369 4893 590 4955 intervallorum
612 4893 839 4957 elementarium.
