3872 5846
763 369 847 429 uuor
862 371 909 429 tr.
932 373 1020 445 capnt
1036 370 1057 429 1.
1521 374 1582 435 tri

1295 475 1317 506 Ο

234 540 345 605 eonem
365 541 397 605 iu
417 545 499 607 sonte
519 544 608 625 laque
627 545 722 609 radlia
750 549 863 609 invenit
886 546 959 630 (euri
981 565 1018 611 no
1040 548 1117 609 haue
1142 547 1259 624 quidem
1281 547 1351 609 toris
1372 549 1501 623 invenit,
1529 544 1584 609 aad

234 622 339 689 saltem
370 633 525 703 terminos,
561 639 593 692 ιιι
626 630 768 717 metum),
807 643 839 697 at
875 646 907 695 ut
938 637 1012 699 baec
1044 637 1194 714 proportio
1227 638 1266 694 sit
1296 633 1480 708 harmonica,
1518 635 1598 712 ipsa.

234 717 280 775 sni
302 716 452 797 archetypi
476 717 632 806 collatione
653 722 730 795 iacit,
754 740 831 799 qnae
854 723 1023 785 harmonica
1045 722 1102 783 dici
1124 740 1182 782 non
1205 729 1304 800 posset
1333 739 1387 785 nec
1410 725 1469 783 vim
1493 721 1583 783 ullam

234 804 384 865 sortiretur
410 808 441 865 iu
463 805 615 869 movendis
638 812 759 886 animis,
790 812 817 871 si
845 813 889 871 sie
912 811 1087 888 archetypus
1116 827 1174 871 non
1197 817 1284 871 esset.
1328 808 1407 869 Satis
1431 810 1517 885 igitur
1546 806 1584 871 dc

235 891 392 955 sensilibus
414 893 599 967 harmoniis„

320 977 390 1040 Jam
413 983 490 1041 enirn
512 980 719 1043 trasmundum
739 983 826 1043 nohis
848 992 893 1044 est
915 984 954 1045 ad
975 1001 1065 1064 puras
1095 992 1125 1044 ιι
1146 990 1275 1045 semotas
1296 983 1477 1056 harmonias,
1505 980 1584 1043 alte·

234 1082 297 1125 rum
319 1083 361 1128 se.
383 1067 538 1129 divisionis
558 1075 675 1127 nostrae
697 1070 876 1144 membrum,
900 1071 967 1132 illas
989 1089 1109 1149 nempe,
1139 1071 1293 1149 quaejam
1316 1069 1403 1130 modo
1427 1072 1583 1133 statuimus

233 1151 409 1233 archetypos
431 1173 482 1217 seu
506 1153 708 1235 paradigmata
730 1156 882 1219 sensilium
903 1158 1127 1221 harmoniarum
1172 1158 1246 1217 Nam
1276 1158 1300 1214 si
1323 1157 1474 1235 archetypi
1497 1175 1582 1219 snam

233 1236 375 1303 haberent
396 1243 614 1304 subsistentiam
637 1248 885 1318 musonium,
909 1247 1002 1307 isteor
1024 1245 1174 1322 equidem,
1204 1261 1310 1321 magno
1333 1261 1386 1304 nos
1408 1252 1580 1321 argomento

234 1329 342 1404 privari
364 1346 418 1409 pro
441 1329 599 1393 emerenda
620 1332 793 1392 necessitate
823 1336 937 1394 animae
967 1332 1006 1395 ad
1028 1335 1184 1392 essentiam
1207 1331 1376 1393 harmoniae
1399 1334 1582 1391 constituen-

110 1482 113 1489 Α
162 1430 165 1437 “
234 1413 311 1475 dam.
356 1415 449 1495 Atqui
476 1420 559 1480 extra
586 1419 716 1479 animam
746 1418 812 1480 illos
843 1406 1019 1483 comtituere
1050 1428 1096 1482 est
1127 1422 1293 1498 oppositum
1324 1421 1355 1480 in
1386 1418 1519 1495 adJ'eeto,
1552 1429 1584 1481 nt

171 1538 174 1545 a
234 1501 397 1564 audiemus.
441 1505 538 1567 Verre
560 1507 636 1565 enim
659 1514 689 1566 ct
710 1505 914 1586 archetypican
937 1507 1121 1580 harmoniae,
1153 1525 1229 1585 quac
1251 1506 1323 1565 nolli
1346 1507 1453 1583 speciei
1481 1505 1582 1565 sensili

207 1620 212 1627 ,
234 1589 356 1653 confusa
379 1593 486 1669 existit,
510 1594 741 1673 principissam
764 1593 952 1655 nibilominus
974 1595 1070 1656 divisa
1091 1601 1120 1655 ιι
1133 1612 1253 1655 numero
1269 1593 1363 1672 plura.
1409 1593 1483 1653 Gom
1505 1596 1582 1653 enim

235 1685 265 1738 et
287 1675 338 1751 illa
359 1681 398 1740 sit
419 1682 578 1759 proportio,
602 1681 723 1758 requirit
744 1682 833 1757 igitur
855 1692 884 1742 et
907 1684 971 1761 ipsa
992 1699 1062 1741 suos
1085 1684 1223 1743 terminos
1239 1684 1331 1740 binos.
1376 1679 1417 1740 Hi
1433 1696 1500 1741 vero
1523 1689 1582 1740 ter-

234 1765 320 1836 mini,
350 1773 383 1826 ut
412 1765 493 1828 libris
523 1768 668 1846 prioribus
690 1771 913 1844 usurpavimus,
943 1779 1012 1829 suut
1041 1767 1165 1829 circulus
1188 1777 1267 1831 totus
1296 1777 1325 1828 et
1349 1785 1418 1846 pars
1441 1768 1505 1845 ejus
1535 1764 1608 1837 ιιι,

234 1858 340 1929 partes,
364 1853 497 1935 aliquota
519 1856 566 1917 vel
581 1855 739 1933 aliquotae,
763 1854 990 1917 demonstrative
1013 1858 1136 1918 rescisso
1153 1874 1232 1921 arcu.
1278 1855 1360 1917 Haec
1382 1855 1607 1933 scrupeorum:

236 1942 430 2018 proportionis
452 1938 638 2017 harmonicae
662 1940 838 2018 differentia,
870 1961 929 2020 qua
952 1961 1009 2003 non
1034 1951 1146 2005 tantum
1169 1943 1337 2003 harmonica
1363 1946 1512 2023 proportio
1536 1942 1583 2004 di·

235 2027 390 2103 stinguitur
411 2048 430 2089 a
451 2028 683 2108 proportionibus
706 2030 781 2103 aliis,
803 2031 859 2090 sub
882 2030 984 2091 codem
1006 2048 1112 2108 genere
1134 2030 1252 2103 locatis,
1275 2028 1327 2090 sed
1350 2032 1438 2091 etiam
1461 2047 1533 2108 pura
1555 2039 1584 2093 et

238 2114 425 2193 archetypiea
446 2136 467 2177 a
487 2116 655 2191 sensilibus,
677 2119 733 2177 nisi
757 2126 901 2193 quatenus
924 2136 978 2178 usu
1002 2118 1081 2196 volgi
1096 2119 1248 2179 tritissimo
1270 2115 1335 2179 rola
1349 2134 1485 2177 sonorum
1510 2132 1582 2175 eon-

237 2202 348 2271 grnitas
377 2203 529 2287 barmouig
556 2204 669 2267 dicitur.
714 2205 790 2267 Nam
819 2208 849 2265 in
877 2206 933 2266 hoe
961 2208 1025 2285 ipso
1053 2202 1243 2268 clarissimum
1275 2213 1397 2281 apparet
1426 2202 1581 2267 discrimen

236 2292 432 2366 interponam
454 2292 635 2377 harmoniam
658 2298 687 2352 st
708 2292 890 2355 harmoniam
912 2292 1048 2354 sensilem
1071 2309 1124 2354 seu
1147 2300 1335 2364 concretam„
1356 2290 1434 2367 qood
1458 2294 1488 2349 in
1509 2307 1583 2368 pura

236 2378 349 2435 termini
372 2386 441 2438 sunt
462 2397 496 2447 err
520 2380 733 2441 mathematicis
754 2380 918 2457 generibus,
943 2380 1051 2441 circulo
1074 2390 1103 2441 et
1125 2398 1204 2452 areu,
1227 2388 1305 2443 certo
1324 2378 1411 2438 medo
1434 2379 1583 2455 turmatim

237 2463 328 2525 hahet
349 2481 378 2524 n.
403 2466 526 2527 circulos
549 2484 633 2530 suam
654 2467 858 2527 formationem
879 2485 932 2529 seu
955 2467 1158 2543 figurationem
1182 2486 1218 2527 ex
1240 2485 1272 2527 se
1290 2467 1363 2545 ipso,
1385 2465 1476 2527 babet
1497 2458 1582 2527 arcus
1770 2554 1774 2567 Ι

236 2567 271 2610 cx
294 2550 435 2612 subtensa
463 2557 617 2625 terminos,
648 2570 685 2614 ex
707 2554 815 2614 circulo
839 2554 976 2630 ligoram3
1004 2557 1033 2614 in
1063 2554 1220 2617 sensilibus
1244 2571 1313 2614 vero
1336 2553 1494 2615 harmoniis
1522 2570 1582 2614 non

236 2646 281 2699 est
311 2654 390 2717 opus
416 2639 472 2701 bac
499 2641 620 2719 speciali
648 2640 836 2716 iormatiouc,
868 2652 992 2720 possunt
1018 2645 1095 2704 enirn
1123 2659 1187 2705 esse
1219 2641 1265 2701 vel
1293 2649 1389 2702 rectae
1411 2638 1505 2703 lineae
1535 2640 1582 2699 vol

236 2723 320 2784 aliter
346 2724 487 2796 figuratae
515 2731 694 2808 ᾳιιιιίιιιιι
723 2728 863 2799 sensiles,
895 2728 1052 2789 dummodo
1082 2732 1141 2789 siut
1167 2728 1256 2806 bujus
1283 2727 1488 2805 archetypicac
1510 2743 1581 2788 suae

236 2812 404 2875 barmoniae
417 2813 486 2889 ‚uda
508 2816 694 2894 exemplaria,
719 2819 747 2874 in
770 2817 933 2893 quantitate
950 2816 1097 2893 quaelibet
1111 2834 1175 2889 ιιι,
1197 2813 1470 2893 quoniamquidem
1487 2821 1583 2891 potest

237 2916 301 2961 esse
324 2899 400 2960 lidae
423 2902 595 2965 imitationis
619 2907 646 2963 ln
669 2903 755 2965 rebus
778 2904 953 2979 sensilibus,
982 2904 1063 2984 qnia,
1085 2904 1164 2981 quod
1187 2905 1216 2961 iu
1240 2905 1275 2962 lis
1298 2918 1367 2962 vero
1389 2903 1582 2980 propinquum

236 2993 281 3046 est
302 2986 461 3049 secundum
484 2992 577 3067 magn
600 2998 630 3055 et
652 2992 756 3065 minos,
780 2991 809 3049 id
831 3008 883 3069 pro
899 2994 964 3068 ipso
987 3007 1057 3049 vero
1077 2992 1222 3068 recipitur.
1267 2988 1307 3051 Hi
1322 2998 1390 3048 sunt
1412 2989 1501 3065 igitur
1523 2997 1582 3049 ter·

237 3076 307 3134 ruini
329 3074 498 3137 harmoniae
520 3078 733 3159 archetypicae.

322 3160 437 3223 Deinde
459 3172 573 3243 practer
594 3166 732 3227 terminos
754 3181 877 3237 romum,
901 3173 933 3224 ut
956 3165 1036 3244 prius
1059 3163 1166 3226 dietum
1189 3165 1218 3223 iu
1237 3162 1404 3238 sensilibus,
1427 3163 1583 3240 requiritur

237 3251 326 3309 etism
349 3267 441 3324 mens,
463 3267 635 3327 comparans
657 3252 794 3313 terminos
819 3258 848 3311 ct
870 3250 1041 3327 dijudicans,
1065 3270 1134 3310 num
1157 3254 1188 3332 ri,
1210 3253 1343 3310 nimirum
1365 3267 1450 3311 arem
1473 3249 1580 3324 mreuli,

237 3335 310 3396 tales
333 3339 401 3407 sint,
425 3356 496 3416 qnos
520 3338 556 3398 de
580 3347 641 3400 toto
665 3338 772 3401 ιιιιιιιι
795 3338 942 3399 ιιιιίιιιιιι
964 3338 1041 3398 latus
1064 3337 1184 3417 aliquod
1206 3337 1316 3415 figurae
1338 3336 1580 3398 demonstrabilis.

235 3422 342 3498 ltaque
365 3426 421 3484 tria
443 3424 661 3502 quodammodo
683 3435 751 3486 suut
774 3428 915 3503 principia
936 3425 1106 3487 harmonias
1121 3425 1336 3504 archetypleae,
1360 3425 1417 3486 duo
1441 3441 1476 3484 ex
1499 3434 1581 3503 parts

237 3512 442 3573 rermtnorom:
473 3515 638 3586 ιιιιιιιιιιι,
669 3521 702 3574 ut
723 3513 875 3590 anmogice
897 3512 1018 3590 loquar,
1048 3513 1168 3573 circulus
1198 3523 1226 3573 et
1255 3512 1422 3591 perseius,
1451 3509 1582 3587 formale,

237 3599 372 3659 rescissio
396 3600 486 3675 partis
509 3618 560 3676 per
580 3601 703 3673 figuram
727 3600 1001 3674 demonstrativam,
1024 3608 1053 3662 et
1076 3617 1165 3661 unum
1187 3618 1222 3661 er
1244 3606 1326 3677 parte
1348 3600 1440 3676 ipsius
1461 3598 1583 3658 relatio·

236 3686 281 3745 nis
310 3687 510 3759 terminorum,
548 3688 661 3751 scilicet
690 3688 817 3748 efficiens
846 3684 1096 3769 (quodammodo)
1124 3706 1215 3749 mens.
1266 3686 1397 3763 Cumque
1434 3687 1582 3765 proportio

237 3772 333 3833 omnis
354 3780 385 3834 et
405 3775 449 3835 sie
471 3776 560 3835 etlam
582 3774 656 3837 base
678 3776 768 3851 partis
790 3776 889 3835 circuli
911 3774 949 3835 ad
972 3782 1065 3836 toturn
1095 3777 1134 3834 sit
1156 3778 1184 3833 in
1207 3772 1440 3854 praedicamento
1463 3771 1583 3832 relano·

237 3860 291 3933 nis,
312 3859 375 3936 jam
397 3861 471 3921 haee
486 3870 566 3923 carta
589 3872 618 3925 ιι
633 3862 777 3940 descripta
790 3864 986 3939 proportionis
1002 3863 1095 3923 torma
1116 3863 1250 3924 habetne
1271 3869 1303 3920 nt
1317 3860 1445 3940 qualitas
1460 3870 1582 3935 quartae

236 3948 356 4025 speciei,
401 3948 453 4009 Est
483 3950 559 4009 enim
589 3949 741 4011 hamtonia
769 3950 872 4011 relatio
907 3948 1122 4027 quodammodo
1156 3948 1331 4027 qualitativa
1363 3965 1415 4008 seu
1449 3946 1582 4023 figurata,
1624 3978 1631 4011 v

237 4035 347 4113 quippo
370 4052 389 4094 a
410 4035 510 4112 liguris
532 4037 714 4113 regularibus
745 4037 877 4101 formata.
923 4035 949 4112 Q
992 4036 1036 4095 dsi
1065 4038 1145 4114 prius
1172 4034 1210 4095 ad
1233 4037 1390 4096 essentiam
1412 4035 1582 4095 hrrrmoniac
1622 4018 1629 4049 ⁴

236 4122 354 4183 sensilis
377 4125 525 4200 pertinuit,
549 4131 581 4184 ut
603 4116 721 4185 sensilia
744 4142 795 4203 per
815 4126 944 4203 speeiem
996 4124 1118 4187 fluerent
1140 4125 1168 4181 in
1191 4125 1332 4195 animam,
1356 4130 1465 4199 quanto
1488 4122 1582 4198 magia

237 4213 325 4273 etiarn
347 4209 396 4270 hic
417 4224 537 4271 necessa
560 4219 613 4286 cst,
636 4220 669 4272 nt
691 4229 765 4289 qnos
787 4210 911 4273 diximus
934 4211 1102 4271 barmoniae
1121 4217 1249 4271 secretae
1272 4211 1417 4284 terminos,
1442 4206 1582 4273 circulum

237 4307 266 4358 ct
289 4313 387 4357 areum
410 4297 482 4373 ejus,
507 4300 526 4356 ii
548 4301 610 4381 sint
632 4301 659 4356 in
683 4307 778 4359 mente
802 4301 866 4377 ipsa
888 4299 975 4373 intus,
1004 4299 1067 4358 sive
1089 4296 1119 4356 id
1139 4301 1207 4373 quis
1230 4315 1281 4376 per
1302 4299 1414 4379 speciae
1436 4298 1511 4357 intro
1533 4312 1582 4365 rof

236 4392 337 4461 neptas
359 4383 467 4445 factum
498 4401 562 4446 esse
585 4385 679 4466 dicat,
708 4388 860 4447 siveram
887 4388 952 4463 ipsa
980 4391 1075 4445 mente
1104 4386 1342 4464 perennaverint,
1371 4392 1438 4444 anta
1468 4400 1583 4443 omnem

236 4473 430 4550 receptionem
453 4473 530 4537 intus
554 4481 734 4551 praesentem
758 4472 793 4532 de
817 4490 875 4550 qno
895 4473 957 4550 jam
982 4488 1066 4549 porro
1088 4471 1173 4533 uehis
1196 4471 1330 4535 omnihus
1346 4471 1452 4547 ingenii
1471 4470 1581 4533 vnibus

237 4560 291 4619 erit
313 4557 532 4641 dispiciendum.

323 4644 517 4713 Camertem
545 4643 583 4705 ad
605 4645 684 4706 buno
705 4646 802 4707 loenm
826 4644 890 4722 jam
912 4644 1129 4715 devenerimus,
1156 4662 1216 4705 non
1247 4642 1381 4720 equidem
1409 4644 1472 4705 sine
1495 4642 1581 4702 lucu·

236 4731 315 4793 lenta
335 4732 442 4809 iuJ'uria
464 4740 523 4792 tarn
546 4732 662 4793 lectoris
685 4731 888 4811 philosophiae
911 4732 1018 4809 cupidi,
1051 4749 1138 4808 quarn
1163 4734 1376 4813 veterumqui
1392 4730 1467 4792 hanc
1483 4728 1581 4808 philo·

162 4808 168 4827 ⁴
236 4819 359 4898 sophian
380 4826 492 4899 partam
514 4826 582 4882 autc
603 4837 657 4881 nos
680 4822 833 4894 triverunt,
862 4820 993 4897 ipsorum
1011 4819 1125 4897 placita
1151 4817 1294 4903 derebus
1317 4818 1420 4880 iisdem
1444 4816 1581 4901 dissimu7
