3872 5846
355 403 418 463 ΜΒ
768 391 809 447 De
827 387 1093 458 Configuretionibus
1113 340 1294 475 llarmonicis.

441 573 526 634 Haec
548 572 624 635 adeo
645 589 737 632 causa
760 577 813 643 est,
836 586 888 630 cur
910 568 1118 646 dodecagonus
1140 572 1326 648 potissimum
1349 573 1451 646 gignat
1466 580 1616 649 aspectum
1631 573 1711 633 vali-

356 663 442 733 dum,
468 668 500 720 at
529 677 588 719 non
615 663 718 737 gignat
747 659 908 718 sectionem
937 658 1151 732 harmonicam,
1183 658 1281 718 idest
1313 663 1534 719 consonantiam
1554 660 1709 737 triplice‘m,

355 753 425 811 licet
447 750 551 824 gignat
573 747 743 824 simplicem.
788 744 864 805 Nam
886 743 1037 804 residuum
1063 748 1112 819 ll,
1136 744 1237 805 ablata
1259 744 1441 819 duodecima,
1465 747 1587 824 impedit
1602 751 1711 809 sectio-

355 855 424 898 nem
445 835 661 907 harmonicam,
691 851 751 893 non
774 830 897 910 impedit
920 832 1125 895 efficacitatem
1147 835 1239 909 partis
1262 832 1462 893 duodecimae,
1507 835 1566 895 Sed
1595 834 1631 897 de
1655 836 1711 896 hoc

353 927 417 1003 jam
439 922 529 1001 paulo
552 929 621 1000 post
642 922 728 998 plura
750 920 855 979 dicam.

443 1011 518 1071 Nam
540 1018 574 1068 nt
597 1027 682 1081 vera,
712 1008 923 1069 mathematica
945 1014 975 1068 et
998 1007 1127 1068 causalis
1149 1008 1257 1067 exient
1285 1012 1465 1086 comparatio
1488 1009 1712 1070 concordantia-

356 1118 420 1159 rum
443 1115 509 1157 cum
532 1097 708 1175 aspectibus,
732 1096 820 1173 plane
844 1095 1033 1155 evertendum
1056 1102 1102 1156 est
1124 1098 1258 1167 axioma,
1282 1097 1391 1173 quippe
1415 1095 1494 1172 quod
1517 1110 1575 1175 non
1598 1106 1712 1158 tantum

358 1197 403 1247 est
425 1183 612 1256 insufficiens,
635 1184 687 1243 sed
710 1186 800 1244 etiam
822 1183 939 1242 vanitati
962 1201 977 1241 e
1001 1183 1143 1243 diametro
1159 1186 1344 1242 sonnatium.
1390 1183 1495 1242 Nullus
1516 1187 1592 1243 anim
1607 1178 1712 1260 aspec-

357 1284 404 1334 tus
427 1274 543 1349 proprie
565 1270 724 1348 respondet
745 1270 798 1330 ulli
830 1269 1056 1331 concordantiae
1078 1272 1199 1343 minori,
1231 1274 1434 1347 praeterquam
1464 1274 1617 1347 oppositus
1641 1289 1713 1331 con-

358 1360 526 1421 cordantiae
549 1359 701 1434 diapason,
726 1357 778 1417 sed
800 1355 978 1433 respondent
1000 1359 1109 1436 singuli
1132 1357 1348 1418 concordantiis
1370 1359 1545 1434 majoribus,
1568 1362 1713 1419 minorum
1810 1392 1814 1397 ·

359 1451 464 1522 sociis,
488 1464 525 1507 ex
548 1449 624 1522 triga
647 1449 786 1506 sectionis
807 1445 1048 1521 uniuscujusque.
1093 1445 1235 1515 Nimirum
1260 1454 1397 1521 aspectus
1420 1445 1537 1522 quidem
1568 1446 1714 1506 definiun-

358 1545 405 1596 tur
427 1537 586 1611 segmentis
611 1534 711 1593 circuli
733 1531 854 1605 iisdem,
884 1533 992 1608 quibus
1014 1540 1044 1593 et
1068 1534 1195 1609 majores
1218 1534 1458 1607 concordantiae,
1487 1536 1613 1594 minores
1642 1552 1712 1594 vero
1776 1561 1780 1565 ·

359 1622 583 1684 concordantiae
607 1621 707 1682 circuli
729 1618 861 1682 residuis.
906 1619 998 1679 Verbi
1020 1638 1126 1693 causa,
1159 1623 1292 1697 trigonus
1315 1628 1451 1698 aspectus
1474 1639 1532 1680 non
1556 1623 1716 1697 respondet

360 1710 584 1773 concordantiae
607 1709 760 1786 diapente,
790 1706 842 1766 sed
873 1705 1016 1784 diapason
1047 1708 1250 1785 epidiapente3
1283 1708 1444 1784 quadratus
1472 1725 1532 1767 non
1555 1710 1714 1785 respondet

364 1798 559 1869 diatessaron,
590 1796 642 1856 sed
666 1796 872 1871 disdiapason,
895 1794 1027 1871 quintilis
1049 1814 1107 1855 non
1131 1799 1236 1857 tertiae
1257 1795 1361 1869 dnrae,
1392 1795 1444 1856 sed
1474 1799 1653 1872 compositae
1677 1817 1713 1858 ex

359 1886 416 1946 hac
438 1893 469 1945 et
491 1904 527 1944 ex
550 1884 757 1960 disdiapason3
780 1880 893 1942 sextilis
915 1899 973 1941 non
997 1885 1099 1943 tertiae
1121 1884 1212 1956 molli,
1235 1883 1287 1944 sed
1306 1883 1493 1959 disdiapason
1511 1883 1712 1961 epidiapente3

360 1972 524 2049 biquintilis
547 1989 606 2030 non
630 1981 731 2030 sextae
754 1970 859 2042 durae,
889 1978 923 2028 nt
945 1987 1034 2046 snpra
1056 1971 1262 2047 opinabamur,
1291 1971 1343 2031 sed
1365 1974 1544 2047 compositae
1568 1989 1604 2030 ex
1627 1975 1714 2032 tertia

362 2060 435 2120 dura
456 2067 543 2119 etex
567 2054 723 2134 diapa‘som
747 2057 925 2134 sesquadrne
947 2075 1005 2117 non
1028 2067 1129 2118 sextae
1152 2057 1243 2131 molli,
1266 2058 1319 2120 sed
1341 2062 1520 2135 compositae
1543 2058 1713 2130 exdiates-

362 2164 448 2208 saron
472 2154 501 2206 et
524 2165 559 2206 ex
583 2147 739 2227 diapason,
763 2154 795 2202 nt
817 2154 901 2220 patet
924 2163 959 2205 ex
975 2143 1077 2205 eadem
1092 2147 1229 2221 utrinqne
1244 2148 1431 2223 proportione
1447 2149 1539 2222 partis
1555 2146 1592 2204 ad
1607 2154 1711 2209 totum.

447 2233 481 2292 In
504 2234 560 2295 hac
583 2237 671 2310 igitur
694 2232 951 2309 correspondentia
973 2232 1072 2292 nullus
1095 2241 1257 2293 occurreret
1274 2233 1339 2291 finis
1353 2242 1534 2311 aspectuum,
1558 2250 1625 2292 cum
1645 2253 1712 2295 ma·

360 2322 439 2399 joras
470 2318 708 2382 concordantiae'
723 2320 853 2379 infinitae
885 2321 962 2395 sint3
993 2327 1023 2379 et
1052 2322 1103 2396 qui
1132 2319 1188 2380 hac
1210 2317 1275 2379 sola
1296 2337 1386 2379 causa
1412 2325 1556 2391 nituntur,
1589 2338 1626 2380 ex
1655 2340 1715 2398 qua

362 2406 514 2468 stabiliant
533 2408 753 2486 ,semiquadrum
776 2412 944 2484 aspectum,
973 2409 1043 2482 qnia
1064 2408 1199 2467 nimirum
1231 2407 1280 2466 ille
1310 2408 1465 2483 respondet
1488 2408 1714 2470 concordantiae

363 2494 574 2572 trisdiapasnn,
607 2497 823 2556 excusationem
852 2494 964 2554 nullam
986 2495 1110 2569 babent,
1143 2497 1213 2571 quin
1237 2502 1267 2553 et
1293 2493 1416 2555 docilem
1439 2498 1580 2572 recipiant
1609 2503 1639 2555 et
1661 2500 1715 2555 tri-

364 2581 486 2643 decilem
509 2592 539 2641 et
560 2581 724 2660 vigintilem
747 2589 777 2641 et
798 2581 938 2658 plurimos
961 2582 1045 2657 alios,
1069 2599 1143 2658 quos
1158 2590 1255 2641 tamen
1271 2582 1421 2657 rejiciunt;
1444 2582 1622 2659 respondent
1638 2587 1716 2643 enim

364 2675 395 2731 et
415 2670 446 2727 bi
467 2671 528 2729 suis
551 2669 766 2730 concordantiis
788 2668 1057 2746 majoribus,·quae
1079 2672 1167 2729 toties
1190 2669 1376 2730 accumulant
1398 2687 1486 2729 unam
1509 2680 1644 2730 octavam
1666 2672 1715 2731 ul·

367 2759 468 2831 terius,
491 2760 607 2833 quoties
630 2757 736 2817 divisio
760 2757 861 2816 circuli
884 2756 1016 2833 duplicat
1037 2774 1190 2816 numerum
1205 2757 1387 2834 portionum.

452 2843 531 2920 Quid
560 2836 648 2922 igitur
681 2854 725 2903 est
755 2842 845 2916 illud,
870 2843 950 2920 quod
980 2851 1087 2904 metam
1115 2846 1199 2921 ponit
1229 2861 1349 2903 numero
1379 2844 1575 2920 aspectuum?
1607 2851 1637 2903 et
1665 2862 1716 2904 cnr

364 2931 463 2991 nullus
485 2932 719 3009 semiquadratus
742 2931 790 2990 vel
813 2933 918 3004 octilis,
941 2931 1039 2990 nullus
1062 2931 1163 2992 docilis
1186 2932 1233 2990 rel
1257 2930 1410 3005 tridecilis,
1434 2934 1490 2989 nisi
1514 2939 1626 2991 tentum
1648 2939 1716 3009 post

365 3020 517 3096 principia,
541 3019 756 3080 introducitur?
779 3036 829 3079 cur
851 3018 1029 3095 sesquadrus
1052 3021 1165 3079 musica
1179 3021 1353 3095 cognatione
1368 3019 1540 3078 nobilitatus
1563 3020 1610 3079 vel
1628 3022 1716 3079 omit-

366 3109 437 3166 titur
459 3105 507 3166 rel
530 3107 597 3166 vilis
620 3108 754 3180 babetur,
777 3107 961 3178 semisextns,
985 3108 1015 3165 in
1027 3109 1139 3167 musica
1161 3108 1339 3183 peregrinus,
1364 3122 1421 3165 non
1437 3108 1572 3166 inseritur
1594 3114 1716 3181 tantum,

366 3192 419 3255 sed
443 3191 568 3254 et‘inter
589 3197 699 3272 primos
723 3194 907 3254 ostentatur?
952 3192 1030 3269 Quia
1052 3211 1109 3269 non
1133 3195 1245 3253 musica
1266 3194 1372 3253 lormat
1394 3201 1543 3269 aspectus,
1567 3193 1619 3254 sed
1642 3212 1716 3269 geo-

320 3302 326 3317 ‘
367 3283 471 3341 metria
491 3288 646 3358 utrumque
669 3299 777 3359 genus,
808 3280 875 3339 aliis
906 3287 1003 3341 tamen
1030 3279 1146 3358 legibus
1177 3279 1274 3352 illam,
1307 3280 1374 3341 aliis
1403 3282 1467 3341 bns.
1513 3282 1566 3340 nst
1587 3284 1665 3341 enim
1687 3288 1717 3341 et

366 3368 566 3431 harmonicum
594 3372 625 3427 in
647 3371 773 3442 musica,
804 3377 834 3427 et
854 3368 957 3429 efficax
986 3370 1016 3426 in
1038 3369 1189 3440 mercoris,
1221 3369 1360 3445 quicquid
1382 3379 1428 3428 est
1460 3368 1593 3444 adgnra
1615 3368 1716 3443 nobili,

367 3474 444 3533 quac
466 3457 626 3532 singularia
648 3457 748 3532 aliqua
770 3456 860 3516 habet
882 3458 910 3514 in
926 3459 1088 3532 geometria
1103 3455 1267 3533 privilegia.
1312 3455 1371 3517 Sed
1393 3463 1460 3516 snut
1476 3454 1609 3515 diversae
1625 3456 1718 3515 veluti

367 3551 480 3620 gentes,
502 3545 713 3621 meteorologia
736 3549 766 3603 et
787 3544 907 3614 musica,
932 3562 967 3604 ex
990 3543 1093 3603 eadem
1116 3545 1212 3619 patria
1233 3546 1394 3620 geometria
1417 3542 1571 3617 oriundae,
1595 3561 1719 3619 quarum

363 3630 475 3704 altera,
503 3631 560 3691 hoc
590 3640 633 3691 est
661 3632 864 3709 proportiones
891 3630 1076 3691 harmonicae
1103 3630 1154 3690 lib.
1176 3630 1239 3705 III,
1270 3633 1395 3706 patriam
1427 3629 1544 3708 quidem
1578 3631 1718 3691 circulum

367 3719 535 3778 fatebantur
558 3720 644 3795 eique
666 3738 750 3779 suam
774 3721 916 3793 originem
930 3719 1063 3779 terebant
1079 3725 1238 3793 acceptam,
1261 3735 1319 3776 non
1336 3721 1431 3777 minus
1447 3736 1535 3795 quam
1551 3719 1599 3778 bic
1612 3735 1718 3795 aspec-

367 3812 425 3878 tus,
449 3804 501 3864 sed
524 3813 621 3865 tamen
644 3807 713 3867 illae
736 3814 871 3883 egressae
896 3804 978 3865 velut
999 3822 1035 3865 ex
1058 3806 1175 3881 circulo,
1200 3804 1345 3865 coloniam
1367 3809 1515 3884 propriam
1536 3805 1719 3865 deduxerunt

368 3894 489 3969 suisque
518 3892 634 3968 legibus
658 3895 798 3970 degentes
824 3912 890 3953 sese
920 3901 1135 3970 propagarunt3
1167 3903 1304 3969 aspectus
1327 3896 1402 3952 intra
1425 3892 1563 3953 circulum
1594 3897 1719 3971 patriam

368 3997 453 4040 snam
484 3990 652 4054 manentes,
685 3981 800 4057 legibus
833 3997 892 4040 non
927 3980 992 4040 aliis
1024 3988 1160 4055 utuntur,
1195 3999 1282 4057 quam
1318 3998 1393 4057 quas
1425 3980 1525 4040 circuli
1555 3981 1718 4042 rotunditas

369 4069 440 4147 ipsis
469 4069 654 4147 praescribit,
687 4068 836 4129 desumtas
866 4085 903 4127 ex
932 4067 1032 4145 liguris
1062 4068 1159 4147 planis
1186 4068 1369 4144 regularibus
1393 4071 1527 4146 congruis
1559 4078 1589 4128 et
1612 4067 1718 4128 circulo

369 4155 564 4233 inscriptist)

455 4243 530 4304 Nam
553 4246 582 4302 in
606 4246 719 4304 musica
740 4244 966 4321 septemnratus
995 4240 1046 4301 ille
1068 4245 1231 4302 sectionum
1254 4244 1440 4302 constituitur
1468 4259 1504 4302 ex
1526 4244 1719 4302 matrimoniis

370 4331 472 4403 certis,
501 4335 656 4393 accensitis
683 4333 772 4391 ctiam
800 4332 925 4391 leminis.
971 4328 1062 4389 Verbi
1085 4348 1192 4404 causa,
1223 4331 1365 4390 subtensa
1395 4330 1488 4388 tribus
1519 4333 1633 4390 octavis
1665 4348 1719 4399 serr

370 4415 457 4478 stella
485 4419 681 4497 octangulans
712 4437 748 4479 ex
777 4420 891 4478 civibus
920 4416 1038 4494 quidem
1068 4426 1113 4477 est
1142 4421 1172 4476 in
1195 4419 1355 4494 geometria
1384 4425 1414 4476 et
1436 4415 1530 4477 classe
1561 4417 1719 4493 figurarum

370 4503 560 4582 regularium,
583 4516 614 4567 at
641 4509 816 4584 praecipuas
847 4506 1011 4565 nobilitatis
1042 4522 1100 4564 non
1132 4514 1186 4565 est.
1230 4506 1266 4564 In
1294 4506 1406 4563 musica
1439 4520 1509 4564 vero
1538 4521 1623 4565 arcus
1655 4505 1719 4580 eJus

372 4590 448 4677 (tres
470 4601 593 4656 octavae
615 4596 729 4670 circuli)
751 4595 849 4654 locum
871 4590 916 4653 est
937 4600 1051 4668 nactus,
1075 4596 1146 4670 quia
1168 4599 1255 4653 natus
1278 4600 1323 4651 est
1345 4609 1382 4655 ex
1398 4592 1555 4666 connubio,
1579 4611 1637 4669 quo
1653 4592 1720 4670 ple·

449 4784 472 4839 ⁸¹)
486 4785 546 4826 Hine
559 4785 646 4835 corrige
660 4785 716 4825 libro
730 4784 757 4825 de
771 4784 844 4826 Stella
856 4746 931 4832 Nova,
950 4793 999 4835 esp.
1013 4783 1055 4823 IX.
1068 4781 1108 4824 toi.
1122 4781 1148 4823 38
1162 4784 1185 4822 st
1198 4779 1225 4821 ld
1238 4779 1278 4833 (11.
1293 4781 1353 4834 fill),
1375 4784 1458 4835 qnippe
1471 4793 1500 4825 ex
1513 4782 1555 4823 bes
1568 4783 1640 4831 libro,
1655 4793 1720 4834 quern

372 4836 496 4944 motai
506 4835 572 4946 iffi)
585 4838 650 4880 rides
670 4840 811 4889 premissum.
839 4835 899 4879 Hlns
920 4836 986 4879 etlam
1007 4837 1126 4889 suppletu
1139 4844 1188 4878 meo
1201 4834 1280 4877 Tertio
1296 4837 1465 4879 Interannients
1478 4846 1592 4879 numerum
1606 4835 1657 4876 bix
1678 4837 1720 4879 rub
