3882 5862
415 358 480 418 406
927 344 1078 401 Ptolemaei
1095 344 1252 401 Harmonia.

415 525 528 585 divisset
543 524 657 594 primam
675 521 794 580 omniurn
814 520 842 575 in
854 519 1025 591 planetarum
1034 523 1190 589 ,systemate
1202 517 1339 574 ludentem
1351 517 1515 575 cantilenam
1528 523 1556 573 et
1567 517 1602 573 in*
1612 533 1664 574 ano
1681 523 1764 574 centn

414 605 575 661 imitaretur.
1156 606 1160 614 ·
1735 642 1737 645 ,

503 693 600 759 Neque
617 704 681 743 nero
699 687 840 756 miremur,
865 692 921 740 tam
945 693 1019 740 arcte
1043 701 1189 755 expressas
1213 702 1274 742 esse
1291 685 1446 740 harmonias
1464 685 1493 741 in
1510 686 1629 741 motibus
1647 685 1765 743 siderum

415 771 538 841 easdem,
557 785 628 839 qnae
644 768 673 822 in
691 767 800 822 chordis
817 765 977 831 audiuntur,
1002 780 1064 818 cnm
1075 762 1233 847 rideamus,
1257 779 1339 832 quam
1358 771 1490 833 cognatae
1507 766 1562 819 sint
1580 765 1765 832 subjectorum

415 859 591 917 utrorumque
608 845 786 901 conditiones.
806 845 890 901 Stella
907 849 1010 899 motum
1028 843 1112 897 hahet
1131 850 1159 896 et
1176 842 1393 897 chordamotum
1411 843 1506 897 habet:
1524 843 1665 911 proportio
1685 861 1765 913 qnae·

415 929 484 983 ritnr
502 927 572 981 inter
591 922 744 984 celeritates
763 923 883 979 diversas
902 931 1024 977 motuum
1041 921 1209 983 coelestium,
1229 921 1368 988 quaeritur
1385 930 1413 975 et
1430 922 1500 976 inter
1518 921 1626 978 diuersa
1643 925 1766 979 acumina

402 1005 615 1075 ‚gravitatesque
634 1001 805 1067 chordarum,
824 1018 886 1057 cum
904 1009 1002 1057 acutus
1020 1017 1104 1055 sonus
1122 1016 1157 1053 ex
1175 1000 1279 1055 chorda
1296 1000 1422 1056 celeriter
1439 1010 1513 1056 mota
1530 1002 1657 1071 prodeat,
1677 1002 1766 1069 gravia

414 1101 449 1140 ex
467 1081 552 1139 tarda.
590 1082 628 1134 Et
645 1079 761 1135 chordas
779 1081 888 1149 qrridem
906 1080 1055 1150 aequaliter
1073 1086 1165 1135 tensas
1184 1079 1325 1146 longitudo
1347 1080 1441 1135 tardas
1457 1080 1534 1149 iacit,
1559 1080 1679 1135 brevitas
1696 1082 1766 1136 cele·

414 1177 470 1229 rea3
492 1168 595 1215 motam
613 1158 742 1226 planetae
761 1166 854 1212 conae
872 1160 987 1215 tarditas
1004 1159 1114 1213 brevem
1132 1158 1209 1227 facit,
1235 1158 1360 1214 celeritas
1387 1159 1497 1227 longum
1520 1165 1548 1213 et
1564 1159 1714 1227 prolixum,
1738 1171 1767 1217 et

350 1300 355 1313 ἱ
413 1243 472 1298 vico
490 1256 580 1307 versa,
608 1237 631 1292 si
650 1253 742 1293 sumus
768 1236 882 1292 eandem
900 1246 1022 1293 motuum
1045 1237 1255 1304 longitudinem,
1282 1238 1309 1292 iu
1327 1254 1360 1291 ea
1382 1237 1507 1292 celeritas
1526 1236 1610 1291 efficit
1627 1237 1766 1306 planetam

414 1320 490 1376 brevi
512 1326 633 1387 tempore
659 1315 775 1383 morari,
802 1315 917 1372 tarditas
936 1317 1026 1385 longo.
1062 1316 1138 1372 Nihil
1155 1317 1237 1382 igitur
1255 1316 1367 1386 impedit
1385 1331 1545 1385 responsum
1563 1318 1766 1385 proportionem

415 1408 546 1465 motuum,
565 1394 638 1464 quod
656 1394 716 1449 soni
732 1394 841 1462 quidem
860 1395 1015 1464 audiuntur,
1035 1402 1124 1448 motus
1144 1410 1206 1448 vero
1225 1395 1268 1450 vel
1286 1395 1412 1450 videntur
1429 1402 1470 1462 tut
1489 1411 1523 1448 ea
1537 1394 1608 1451 Solet
1628 1394 1670 1449 vel
1688 1396 1766 1450 intel-

413 1485 533 1549 guntur:
553 1475 616 1544 qnia
633 1488 722 1542 neque
740 1473 794 1527 illia
813 1479 926 1543 propter
943 1473 1064 1528 auditum
1083 1473 1176 1527 insunt
1194 1472 1360 1542 harmoniae,
1378 1489 1468 1542 neque
1485 1473 1528 1528 his
1546 1480 1659 1541 propter
1670 1474 1766 1542 risum,

414 1556 463 1612 aed
481 1554 603 1622 utrisque
621 1558 734 1623 propter
751 1552 946 1619 longitudinem
964 1558 993 1606 et
1010 1552 1182 1619 brevitatem,
1207 1558 1236 1613 et
1258 1556 1370 1621 propter
1393 1551 1562 1614 affectiones,
1587 1566 1657 1621 quae
1675 1564 1767 1608 motus

412 1640 623 1701 consequuntur.
640 1637 752 1700 propter
763 1629 866 1685 scilicet
879 1628 1107 1699 comparationem
1120 1630 1226 1699 horum,
1245 1638 1276 1684 nt
1292 1632 1475 1699 terminorum,
1494 1648 1549 1698 qna
1558 1624 1590 1684 lit
1601 1629 1766 1687 intellectas

413 1712 468 1769 Sed
480 1710 540 1765 vide
554 1709 691 1777 originem,
710 1707 897 1763 distinctiones
909 1714 1049 1776 totamque
1071 1710 1216 1764 essentiam
1228 1708 1444 1764 harmonicorum
1461 1709 1669 1778 proportionum
1680 1712 1768 1764 nostri

413 1793 504 1864 operis
522 1789 591 1843 libro
610 1788 656 1842 IV.
674 1796 733 1855 cap.
754 1788 776 1847 l.
796 1787 821 1854 2,
841 1788 865 1851 3,
885 1794 913 1841 et
930 1803 989 1855 cap.
1004 1787 1028 1855 l,
1049 1786 1072 1842 6.
1091 1786 1234 1840 discrimen
1253 1787 1324 1841 inter
1341 1787 1422 1855 hujus
1439 1786 1492 1842 loci
1511 1789 1643 1843 coelestes
1660 1790 1767 1843 harmo-

415 1873 475 1929 nias
494 1878 522 1925 et
538 1868 609 1925 inter
627 1866 688 1921 illas
706 1866 803 1935 capitia
821 1867 846 1923 9.
864 1865 1027 1935 Ptolemaei,
1046 1880 1117 1935 quae
1134 1867 1208 1921 hisce
1232 1867 1258 1921 in
1277 1866 1455 1936 perfectione,
1483 1867 1624 1921 nobilitate
1643 1876 1672 1922 et
1688 1885 1766 1938 prae·

417 1946 518 2006 stantia
535 1960 706 2014 nequaquam
725 1950 789 1997 sunt
807 1947 1013 2014 comparandae.

501 2042 555 2097 Est
580 2041 664 2111 igitur
690 2040 760 2095 inter
786 2039 837 2095 hos
855 2040 989 2110 cujusque
1014 2040 1142 2111 planetae
1169 2041 1247 2096 binos
1266 2046 1402 2096 extremos
1429 2050 1518 2107 motus
1540 2046 1767 2107 commensuratio

413 2122 544 2194 perfecta,
562 2122 593 2175 ut
610 2117 696 2188 probo
713 2125 772 2173 toto
790 2118 859 2174 libro
878 2121 911 2173 V.
930 2120 983 2174 mei
1001 2121 1109 2189 operis;
1131 2128 1173 2174 est
1190 2119 1298 2175 illorum
1310 2125 1412 2174 certum
1431 2120 1540 2190 aliquod
1559 2131 1686 2191 systema,
1704 2139 1767 2177 con·

413 2210 489 2259 stans
507 2216 543 2255 ex
561 2200 693 2269 ffiapasmr
712 2205 818 2266 septem
836 2207 864 2254 et
881 2198 1010 2268 amplius;
1029 2198 1058 2252 in
1076 2215 1108 2252 eo
1121 2208 1192 2253 sunt
1209 2213 1341 2266 expressa
1353 2199 1443 2253 omnia
1460 2201 1561 2255 usitata
1578 2202 1689 2257 musicis
1707 2202 1768 2257 loca

413 2298 463 2337 seu
479 2281 578 2347 claves,
597 2284 628 2331 ut
646 2277 722 2332 vides
740 2278 829 2347 capite
848 2279 873 2344 t,
891 2276 920 2331 in
938 2275 1032 2331 eodem
1051 2291 1181 2344 expressa
1199 2284 1263 2330 sunt
1280 2286 1307 2330 et
1326 2277 1379 2333 duo
1392 2286 1486 2333 cantus
1505 2296 1607 2347 genera
1623 2279 1767 2351 naturalia,
1806 2272 1810 2279 '

413 2359 511 2417 durum
534 2366 562 2413 et
585 2355 681 2423 molle,
704 2356 799 2410 eodem
823 2356 912 2424 capite
929 2359 955 2424 5,
973 2363 1001 2410 et
1021 2355 1196 2411 subtilissima
1218 2356 1327 2424 quidem
1350 2357 1523 2425 omniumque
1546 2358 1769 2413 artificiosissima

413 2437 532 2504 ratione;
553 2436 641 2505 capite
660 2435 683 2491 9.
703 2450 719 2488 a
735 2451 814 2504 prop.
824 2434 868 2491 20.
887 2434 915 2488 in
933 2434 974 2489 27.
994 2440 1059 2489 sunt
1077 2433 1244 2503 singulorum
1262 2434 1433 2504 planetarum
1452 2437 1550 2503 singuli
1569 2438 1767 2506 quodammodo

413 2517 486 2583 toni,
513 2517 602 2585 capite
621 2515 647 2570 d.
665 2519 729 2569 sunt
747 2514 903 2569 harmoniae
921 2513 1097 2584 particulares
1116 2513 1254 2583 binorum,
1276 2514 1405 2569 trinomm
1424 2524 1489 2584 etc,
1517 2524 1581 2572 eunt
1600 2517 1767 2572 universales

415 2595 533 2650 omnium
551 2611 600 2650 sex
629 2593 718 2662 capite
737 2599 766 2661 7,
795 2601 859 2648 aunt
881 2608 962 2647 voces
985 2593 1066 2646 etiam
1089 2592 1210 2646 diversae
1234 2593 1323 2661 capite
1341 2595 1367 2650 8.
1403 2594 1441 2648 Et
1457 2594 1526 2653 haec
1544 2584 1686 2663 dispositio
1704 2595 1766 2649 har·

414 2674 521 2741 monica
548 2678 591 2727 est
613 2668 661 2725 ille
685 2670 863 2741 archetypus,
889 2669 923 2725 ad
947 2686 1027 2740 quem
1051 2669 1256 2739 exprimendum
1280 2669 1450 2740 planetarum
1468 2672 1683 2728 ecceutricitates
1702 2687 1767 2727 suas

415 2750 537 2822 singulas
555 2764 697 2806 mensuras
716 2738 881 2817 acoepeiunt
898 2748 989 2817 capite
1006 2748 1030 2803 9.
1066 2747 1191 2816 Denique
1219 2747 1364 2816 concludo,
1388 2749 1490 2804 nullam
1508 2758 1613 2819 partem
1630 2748 1767 2805 harmoni·

349 2866 352 2872 ι
413 2845 471 2901 ces,
499 2835 530 2884 ut
547 2844 580 2883 ea
597 2828 677 2884 nohis
695 2836 723 2884 et
740 2838 805 2884 nota
823 2836 851 2883 et
869 2830 969 2884 usitata
986 2836 1044 2897 est,
1070 2829 1098 2882 in
1116 2828 1158 2882 his
1182 2829 1252 2882 binis
1271 2834 1299 2882 et
1323 2827 1393 2882 binis
1412 2827 1577 2897 singulorum
1595 2828 1766 2897 planetarum

413 2915 441 2961 et
463 2904 588 2962 binorum
614 2905 726 2975 siugulis
758 2907 876 2962 motibus
911 2907 1039 2961 extremis
1064 2907 1212 2976 mediisque
1242 2906 1391 2975 interjectis
1419 2906 1522 2961 deesse.
1571 2906 1765 2974 Veruntamen,

413 2984 478 3055 quia
495 3002 579 3054 supra
597 2986 666 3056 (cap.
682 2986 707 3041 6.
727 2994 793 3041 nota
805 2988 840 3053 2.)
858 2984 1018 3039 Ptolemaeo
1047 2984 1208 3056 exprobravi
1236 2992 1340 3040 textum
1359 3002 1407 3040 sen
1425 2992 1613 3055 argumentum
1632 2984 1765 3039 melodiae

412 3062 546 3131 coelestis,
566 3078 583 3117 a
603 3078 625 3131 e,
648 3077 682 3118 ne
700 3063 772 3119 sorte
791 3072 819 3119 et
836 3066 864 3119 in
881 3079 943 3133 meo
962 3080 1044 3133 opere
1062 3065 1114 3119 hoc
1133 3066 1242 3119 unicum
1260 3065 1442 3133 desideretur,
1461 3064 1602 3119 audiamus
1621 3064 1699 3120 etde
1717 3065 1764 3119 illo

412 3144 515 3209 Regem
532 3141 568 3195 Pe
597 3145 657 3194 teu:

502 3229 576 3286 Ooeii
600 3234 734 3286 enarrant
759 3229 878 3300 gloriam
895 3229 951 3284 Dei
974 3236 999 3284 et
1028 3245 1113 3299 opera
1134 3247 1266 3285 nmaama
1292 3229 1351 3297 eicos
1377 3228 1530 3283 annunciat
1554 3230 1764 3298 ,emanantem

411 3310 481 3365 Dira
508 3309 564 3363 diei
589 3314 694 3363 mactat
720 3309 831 3362 arrham
858 3314 884 3363 et
906 3325 963 3362 aaa
984 3309 1060 3363 nacti
1076 3308 1183 3363 indicat
1199 3307 1349 3362 amandam.
1386 3308 1490 3374 (motus
1508 3324 1574 3363 sane
1591 3310 1763 3379 planetarum

411 3389 474 3443 illos
493 3385 675 3455 consideravi,
701 3386 748 3456 qni
766 3387 845 3441 unius
863 3384 917 3439 diei
939 3385 1082 3454 noctisque
1100 3385 1189 3454 spatio
1208 3385 1371 3452 proveniunt
1389 3384 1523 3454 singulis.)
1559 3388 1627 3444 Noa
1644 3397 1709 3446 auat
1726 3393 1764 3445 lo

412 3467 508 3538 pmice
524 3479 609 3535 aegrae
626 3481 770 3535 ammones,
789 3482 905 3535 pueram
922 3482 978 3520 aaa
996 3466 1150 3521 audiantur
1166 3482 1243 3519 aocea
1261 3480 1361 3519 corana
1398 3466 1437 3520 Ia
1455 3482 1560 3521 omaem
1580 3466 1693 3523 Terram
1709 3471 1764 3525 eci·

411 3547 451 3602 oit
469 3561 553 3600 aoaaa
570 3561 671 3611 coram,
690 3550 716 3599 a
732 3545 763 3599 ia
778 3546 847 3612 stara
865 3544 939 3599 ordia
957 3550 1046 3598 terrae
1064 3545 1147 3598 acrba
1164 3559 1264 3598 eoram.
1300 3543 1362 3596 Non
1373 3552 1415 3598 est
1428 3544 1565 3612 credibile,
1583 3543 1673 3599 locum
1692 3547 1765 3601 hunc

410 3623 440 3678 in
462 3638 542 3678 sensu
567 3622 667 3676 literali
689 3622 770 3692 plane
794 3638 854 3678 esse
878 3622 978 3679 nullius
1002 3622 1146 3688 momenti,
1174 3622 1220 3691 qni
1243 3622 1270 3675 in
1296 3637 1378 3677 sensu
1403 3620 1549 3690 allegorico
1574 3622 1665 3678 divina
1687 3624 1766 3679 nobis

411 3701 553 3770 Evangelii
571 3702 667 3771 pandit
684 3703 820 3772 mysteria.
857 3700 1105 3757 Aaaaaciaveraat
1128 3703 1196 3756 coeii
1216 3702 1358 3770 justitiam
1381 3700 1455 3769 mae,
1481 3708 1507 3756 ct
1529 3702 1656 3758 uiderant
1674 3720 1767 3759 amaea

406 3782 506 3853 pepuli
521 3783 640 3852 gloriam
658 3779 724 3848 eiua.
760 3780 889 3836 Laadatc
906 3780 986 3846 coeii,
1011 3780 1141 3848 pacatam
1163 3780 1379 3835 misericordiam
1400 3780 1466 3847 socii
1488 3780 1627 3849 dormiatis,
1646 3780 1766 3848 jabilate

410 3867 516 3917 monta
532 3860 700 3925 audonem,
713 3860 852 3929 psalmam
869 3858 951 3913 dicite
968 3857 1075 3913 acarini
1092 3856 1159 3925 ejas,
1178 3857 1243 3912 date
1258 3859 1376 3926 pioriam
1394 3857 1473 3911 laudi
1490 3857 1556 3924 ejas.
1591 3858 1683 3914 Dicite
1695 3860 1765 3927 Deo,

410 3956 492 4010 gaam
509 3939 644 3995 marato
660 3945 725 3993 anat
743 3954 827 4006 opera
851 3942 900 3992 tao
918 3936 1034 3991 domine.
1071 3936 1223 3991 laetentur
1244 3937 1310 3991 coeli
1327 3943 1353 3991 et
1370 3937 1484 3991 remita
1507 3943 1590 3991 terra.
1626 3938 1765 3994 Paratum

410 4033 457 4072 cor
474 4033 562 4071 meam
579 4014 668 4082 Dona,
689 4021 822 4085 paratam
840 4031 887 4069 cor
912 4032 1014 4083 meam,
1039 4017 1157 4072 cantabo
1176 4022 1201 4070 et
1219 4016 1357 4086 psalmam
1375 4016 1465 4070 dicam
1482 4016 1601 4072 domino.
1636 4017 1765 4091 Eaaarge

407 4096 507 4167 gioria,
526 4109 640 4164 aaaarpr
647 4095 811 4163 panitariam
822 4109 910 4148 meam
928 4101 954 4149 et
971 4095 1097 4164 cythara,
1116 4110 1260 4164 eaaarpam
1279 4094 1405 4147 dilaculo.
1429 4092 1510 4160 Quod
1525 4109 1590 4148 sane
1608 4094 1660 4150 init
1677 4112 1764 4164 mane,

409 4171 641 4230 anamulata.
680 4172 834 4240 Confitebor
854 4173 906 4226 tibi
931 4173 962 4226 in
984 4173 1098 4242 popidis
1120 4172 1308 4237 (literatorum)
1332 4171 1440 4226 domine
1464 4177 1490 4225 et
1510 4173 1651 4242 psalmam
1675 4175 1764 4230 dicam

408 4252 461 4308 tihi
477 4252 508 4306 ia
523 4251 649 4321 partibas
675 4250 785 4317 (librum
803 4249 928 4316 scribam,
948 4252 994 4319 qni
1013 4251 1049 4305 sit
1066 4251 1150 4305 veluti
1168 4266 1245 4305 sacer
1263 4250 1378 4320 hymnus
1399 4249 1514 4320 Galeri),
1541 4255 1673 4321 qaoaiom
1689 4272 1763 4326 mag

408 4333 524 4401 nificata
541 4336 580 4384 at
596 4324 680 4400 aspar
698 4330 736 4386 ad
753 4331 840 4385 coelos
857 4331 1046 4386 misericordia
1069 4337 1119 4385 ma
1141 4336 1167 4385 et
1184 4346 1269 4400 aspar
1286 4331 1324 4385 ad
1340 4331 1424 4384 aabca
1441 4332 1542 4384 verdae
1559 4336 1616 4384 tao.
1652 4332 1763 4387 Bonam

408 4416 449 4464 est
466 4408 590 4476 confiteri
608 4408 719 4464 domimo
738 4416 764 4463 et
777 4409 898 4478 psaltere
916 4410 1022 4464 aomiai
1034 4414 1087 4463 ‘tao
1106 4409 1248 4476 altissimo,
1267 4408 1305 4462 ad
1322 4408 1547 4464 annunciandam
1564 4425 1643 4465 mame
1659 4412 1763 4468 miseri·

409 4488 533 4543 cordiam
556 4494 633 4542 taam
654 4494 680 4542 ct
702 4489 843 4543 veritatem
869 4494 947 4543 taam
965 4505 1019 4557 per
1039 4493 1151 4542 noctem.
1186 4487 1225 4542 In
1250 4487 1419 4542 decachordo
1437 4486 1622 4553 (henachordo
1641 4488 1762 4557 coelesti)

409 4574 434 4621 ct
447 4566 582 4637 psalterio
600 4582 662 4620 cam
679 4567 787 4620 cantico
805 4566 836 4619 ia
854 4566 978 4636 cythara.
1005 4565 1077 4635 Quia
1096 4565 1293 4620 delectamina
1311 4566 1419 4619 domim
1436 4566 1467 4619 ia
1483 4567 1595 4633 factura
1613 4572 1670 4636 tao,
1689 4569 1763 4623 etia

409 4647 536 4715 opertione
552 4660 683 4699 maaarcm
694 4651 805 4700 taarom
822 4646 974 4701 amaitaho.
1000 4644 1088 4715 Qaam
1105 4644 1282 4713 mapaifioata
1299 4651 1364 4700 aaut
1377 4660 1461 4714 opera
1479 4652 1528 4699 taa
1545 4645 1662 4713 domine,
1681 4648 1762 4701 aima

404 4723 563 4791 massadae
579 4731 644 4778 auat
660 4725 751 4792 factae
767 4727 947 4795 cogitationes
964 4731 1035 4780 tuae.
1060 4723 1110 4779 Vir
1121 4724 1254 4792 iaaipieaa
1271 4740 1328 4778 aaa
1346 4731 1495 4793 comoneat,
1514 4730 1540 4779 et
1557 4726 1656 4780 maaca
1678 4726 1760 4793 (igno-

408 4814 471 4863 raus
490 4808 519 4855 et
536 4800 652 4865 barbaro
670 4801 745 4861 fastu
768 4809 944 4861 contemnens
969 4802 1073 4873 literas)
1099 4818 1156 4858 aaa
1181 4801 1312 4871 iatciiipet
1335 4802 1410 4857 hacc.
1448 4802 1516 4859 Cam
1543 4805 1631 4860 exorti
1657 4804 1761 4875 pariat
