3882 5862
806 390 948 461 tudone
1488 399 1551 461 419

201 590 320 648 nemos,
360 573 489 633 inveniet
520 572 606 647 louge
637 570 732 647 aliam
757 568 861 633 marm
893 568 1045 647 periodum
1074 574 1230 645 ceteraque
1264 573 1322 633 tuis
1354 589 1412 635 unu
1447 589 1552 651 putum

202 660 363 721 dissimilia.

289 747 348 811 Sed
376 748 493 824 quaeris
516 741 586 826 (nec
614 747 670 806 boc
700 744 811 805 insulse
840 744 951 807 dictum
980 739 1061 824 vis);
1091 760 1157 803 cum
1187 744 1370 820 planetarum
1393 754 1490 807 motus
1520 749 1551 805 iu

202 843 331 911 tempore
353 835 413 907 fiet,
436 852 486 894 cur
509 851 564 910 ego
588 841 750 910 temporum
772 835 946 893 varietatem
968 831 1120 893 recusem?
1166 829 1243 906 Quia
1263 850 1324 892 non
1347 832 1448 908 omna,
1472 834 1551 910 quud

201 939 268 981 cum
290 924 418 981 motibus
442 929 486 980 est
508 921 704 996 conjunctum,
730 923 875 987 concurrit
895 928 926 983 ct
947 919 986 981 ad
1008 919 1183 983 ammonias.
1227 921 1309 986 Nihil
1332 924 1409 985 euim
1437 921 1477 985 ad
1500 939 1551 985 eas

201 1010 290 1068 iacies
315 1010 416 1069 Lunae
440 1009 607 1081 variabilis,
636 1012 691 1069 etsi
714 1025 772 1067 non
794 1009 858 1067 aine
880 1007 937 1066 bac
963 1005 1093 1067 succedit
1116 1007 1216 1067 laruae
1242 1019 1350 1071 motus.
1398 1008 1550 1083 Quatenus

202 1114 272 1157 uero
297 1096 419 1156 tarditas
442 1095 490 1155 rel
509 1095 646 1157 celeritas
669 1094 742 1155 alias
765 1093 826 1155 alia
849 1093 984 1157 delinitur
1005 1110 1057 1170 per
1079 1086 1208 1169 t‘cmpus,
1239 1107 1390 1172 respectus
1412 1097 1550 1172 temporis
1629 1124 1632 1133 ·

143 1208 145 1217 ¹
201 1186 280 1262 prior
303 1185 382 1245 ualet
404 1201 458 1247 nec
480 1203 499 1245 a
520 1201 567 1245 me
581 1191 731 1245 recusatus
753 1190 807 1255 est,
830 1189 864 1241 ut
878 1181 947 1243 dixi.
993 1181 1053 1241 Sed
1071 1198 1167 1258 neque
1183 1183 1240 1247 boc
1255 1181 1437 1249 dissimulare
1452 1200 1551 1247 coram

201 1272 310 1331 lectore
332 1288 397 1333 meo
420 1288 558 1347 pessum,
592 1272 806 1331 concinniorem
827 1272 858 1328 in
879 1270 946 1329 mco
969 1286 1057 1344 opere
1085 1285 1173 1344 quara
1196 1271 1243 1329 irie
1272 1271 1351 1351 apud
1375 1280 1404 1332 te
1424 1274 1551 1333 inveniri

203 1376 309 1421 vocum
338 1360 467 1419 musicae
494 1358 635 1434 figuratae
664 1357 897 1419 distributionem
928 1358 1002 1415 iuter
1027 1357 1169 1432 planetus.
1214 1357 1289 1423 Nam
1313 1358 1356 1419 ad
1384 1356 1557 1421 barmonias'

202 1446 325 1505 duorum
347 1446 420 1505 nibil
441 1448 571 1517 interest,
594 1453 657 1507 tota
680 1445 822 1521 cujusque
844 1443 982 1520 periodus
1005 1450 1078 1518 quot
1101 1449 1214 1503 constet
1236 1444 1349 1519 diebus,
1373 1444 1551 1523 aedquavit

201 1544 349 1593 momente
372 1535 521 1610 quamsit
543 1533 726 1608 ejusmotus
749 1530 849 1591 tardus
867 1532 920 1591 -vel
944 1530 1040 1601 velox,
1063 1531 1120 1590 boc
1135 1533 1263 1606 interest,
1288 1536 1316 1593 iu
1336 1532 1457 1611 periodo
1480 1548 1550 1595 vero

202 1624 343 1683 contusae
364 1623 464 1680 ¹insunt
487 1638 587 1680 omnes
609 1620 761 1679 tarditates
783 1618 1016 1694 celeritatesqne,

289 1709 511 1771 Semibrcvibns
530 1702 683 1767 contentus
709 1708 752 1769 lui
774 1706 946 1782 plerumque
973 1718 1064 1764 sonos
1086 1722 1167 1765 meos
1188 1707 1318 1780 signare,
1351 1724 1409 1767 nou
1433 1716 1549 1784 propter

204 1799 413 1872 mercationi
441 1795 688 1871 multiformem
719 1794 978 1870 diffamatorum,
1010 1792 1061 1853 sed
1092 1800 1124 1853 nt
1152 1792 1291 1857 haberem
1318 1796 1406 1856 etiam
1440 1798 1469 1854 in
1499 1803 1552 1859 tua

203 1902 308 1960 opere,
337 1883 379 1945 ad
412 1882 490 1960 qnod
519 1882 656 1943 lectorem
687 1884 880 1956 remitterem,
912 1882 963 1957 qui
989 1888 1124 1943 notarum
1152 1882 1368 1947 arbitrariamm
1398 1884 1551 1947 selemiam

201 1973 301 2047 magni
323 1974 472 2051 aestimas.
862 2034 870 2049 ,

289 2055 435 2134 Oedipum
460 2074 529 2116 vero
552 2058 644 2127 mitte,
667 2055 716 2139 qui
738 2057 876 2131 neugma
899 2054 969 2113 milri
991 2054 1049 2117 boc
1070 2061 1154 2117 tuum
1176 2053 1335 2128 dissolvat,
1361 2055 1440 2132 duod
1460 2055 1547 2132 Jubeu

201 2163 331 2220 corporo
352 2163 421 2206 meo
443 2144 654 2221 clancularia
681 2160 791 2203 anunm
813 2145 847 2202 in
868 2145 967 2203 nescio
994 2159 1058 2218 qao
1086 2144 1287 2218 proportione.
1331 2143 1396 2220 ugo
1419 2160 1473 2209 uec
1495 2146 1551 2217 trix

105 2224 110 2245 ⁸
201 2233 341 2308 angulare
364 2250 469 2309 corpus
492 2235 566 2290 inter
588 2229 728 2292 coelestia
750 2247 914 2308 cognosco,
941 2246 995 2291 nee
1017 2245 1106 2291 aenos
1129 2230 1159 2291 iu
1182 2229 1265 2291 coelo
1288 2238 1397 2295 statuo.
1442 2230 1549 2293 Tetra·

196 2321 291 2381 iidruu
315 2320 433 2397 quidem
455 2326 553 2381 statuo
577 2321 650 2377 intcr
673 2320 759 2378 orbes
781 2317 870 2377 lovis
893 2326 922 2376 ct
945 2316 1057 2389 Martis,
1082 2327 1113 2375 at
1135 2316 1166 2375 ld
1188 2334 1246 2377 nou
1269 2320 1344 2392 seni,
1367 2319 1420 2383 red
1440 2319 1550 2395 empli-

201 2408 311 2467 tudinis
332 2425 431 2467 causa
477 2407 563 2466 Aliae
585 2406 779 2483 postmodum.
794 2403 937 2471 accedunt
959 2421 1076 2478 musae,
1098 2421 1176 2480 quac
1198 2413 1296 2467 motus
1318 2405 1423 2467 borum
1445 2405 1552 2484 plane·

104 2520 107 2525 ’
202 2502 299 2559 iarum
323 2495 458 2559 ordinant
478 2497 508 2550 in
530 2496 718 2570 proportione
741 2509 878 2562 soporum
901 2488 1200 2570 concordantiumifi)

292 2583 421 2654 Asseris,
445 2591 581 2640 notarum
603 2580 832 2657 speculationem
865 2579 999 2655 indigere
1021 2581 1136 2654 inperiti
1159 2597 1323 2645 caurorum
1346 2583 1550 2657 inquisitione,

199 2687 255 2733 racc
283 2687 341 2729 esse
368 2672 461 2745 parui
487 2671 646 2742 momenti,
677 2687 756 2745 quac
783 2676 874 2733 nolae
901 2670 965 2729 rint
991 2667 1148 2743 perfectos.
1194 2666 1309 2742 Quaere
1337 2685 1442 2729 musas
1470 2668 1550 2726 erbi-

202 2759 307 2817 trariae
324 2758 514 2834 perfectiouis
537 2757 720 2829 arbitrariae,
751 2773 810 2817 nou
839 2753 983 2830 impcdi03
1013 2754 1086 2812 mibi
1114 2754 1150 2815 de
1173 2755 1356 2817 naturalibus
1379 2756 1476 2819 causis
1507 2761 1552 2815 est

203 2862 315 2918 scrm03
338 2852 390 2903 ant
412 2853 443 2902 tu
466 2844 536 2907 milri
560 2842 659 2917 dicito,
682 2860 759 2921 onas
782 2859 872 2903 cansa
894 2840 1036 2901 naturalis
1058 2858 1147 2901 sonos
1169 2841 1301 2903 docuerit
1323 2843 1368 2903 bis
1390 2843 1468 2903 uotis
1490 2843 1552 2916 sig·

202 2949 287 3005 nare,
316 2949 373 2991 non
402 2931 484 3004 aliis,
515 2948 629 3006 quaeve
657 2933 697 2991 sit
727 2948 817 2993 causa
846 2929 1004 3002 naturalis,
1035 2944 1086 2989 cur
1106 2936 1178 2989 nota
1207 2929 1333 2993 enudate
1362 2931 1401 2989 sit
1422 2930 1553 3006 nnius,

188 3036 305 3101 „carens
334 3018 431 3079 cauda
464 3020 651 3092 semibrevis,
684 3018 827 3094 quadrata
856 3015 978 3077 merul
1030 3015 1106 3077 Nam
1136 3032 1192 3093 ego
1226 3016 1345 3094 quidem
1377 3014 1553 3092 longitudini

184 3094 316 3166 candae
345 3108 524 3169 censuissem
554 3109 662 3167 rectius
688 3106 822 3166 admetiri
852 3120 907 3165 uos
938 3105 1027 3165 etiam
1056 3109 1185 3181 tempus,
1220 3108 1246 3169 si
1274 3106 1331 3165 mei
1365 3121 1411 3165 ras
1441 3103 1553 3163 arbitrii

201 3195 305 3255 luisset
329 3195 420 3257 initio.

291 3279 417 3340 Omnino
447 3297 516 3340 vero
547 3280 669 3339 festivus
699 3298 747 3354 es,
781 3282 831 3356 qui
853 3298 871 3339 a
893 3295 940 3339 me
963 3280 1051 3337 etiam
1076 3295 1194 3354 ponaer
1216 3279 1326 3354 exigis,
1359 3296 1425 3341 cnm
1446 3294 1502 3336 nec
1523 3278 1553 3337 iu

206 3385 301 3445 pausa
329 3371 368 3427 sit
394 3369 562 3441 harmonia,
591 3366 627 3427 de
658 3386 782 3443 quarum
810 3378 877 3427 ortu
906 3366 976 3425 mihi
1008 3364 1216 3442 disputandum
1243 3374 1323 3439 erut,
1356 3383 1411 3427 uec
1439 3364 1552 3427 codam

202 3466 338 3533 uuquam
361 3465 480 3535 panset,
506 3471 562 3531 ego
586 3471 654 3513 vero
677 3454 847 3519 coelestium
865 3456 1088 3532 «proportionum
1110 3470 1201 3515 causa
1222 3455 1395 3531 scripserim.

289 3543 348 3603 Sed
371 3543 437 3603 tinia
459 3542 536 3605 burc
557 3542 692 3620 aualysin
715 3550 896 3618 argumento,
919 3540 1000 3616 qnod
1022 3543 1150 3617 speciem
1173 3541 1263 3603 babet
1284 3558 1343 3599 non
1362 3547 1551 3603 contemnen-

203 3630 286 3690 dam:
318 3633 443 3690 sienim
472 3633 501 3687 in
525 3630 652 3690 bumana
674 3634 786 3690 musica
814 3636 881 3689 suut
904 3627 1088 3687 adhibendae
1114 3645 1267 3688 mensurae
1295 3637 1473 3705 temporum,
1505 3629 1551 3685 vi·

199 3719 307 3779 dentur
329 3735 382 3779 eae
404 3720 459 3779 tibi
480 3734 534 3777 nec
558 3735 576 3777 a
598 3716 774 3779 coelestibus
796 3718 899 3778 abesse
921 3733 1017 3791 posse.
1063 3713 1151 3789 Quod
1173 3716 1325 3777 confirmas
1348 3715 1450 3777 diviua
1464 3713 1551 3773 Jam-

203 3806 292 3865 bliebi
315 3808 469 3877 sententia,
494 3822 570 3881 quae
593 3805 729 3881 equidem
752 3803 857 3865 vellem
881 3806 938 3863 mei
959 3803 1027 3865 iibri
1049 3802 1102 3861 lv.
1127 3805 1225 3879 capita
1248 3806 1277 3862 a.
1300 3812 1330 3863 et
1353 3804 1381 3865 3.
1405 3819 1459 3864 ceu
1484 3818 1552 3880 pre·

203 3895 279 3953 tione
307 3911 424 3968 gemma
452 3892 566 3955 radiare
589 3893 811 3968 collustrarique
822 3889 877 3970 ³⁷),
910 3892 964 3953 etsi
994 3889 1165 3951 descensum
1192 3893 1354 3955 animarum
1385 3907 1421 3951 err
1441 3889 1552 3951 mundo

205 3980 381 4055 intelligibili
406 3980 588 4041 Christianus
616 3981 705 4041 bomo
732 3997 791 4039 nou
822 3979 881 4041 allo
909 3994 997 4037 seusu
1027 3985 1125 4054 potest
1154 3979 1283 4053 recipere
1313 3976 1552 4055 aPytbsgorice

203 4068 397 4145 pbilosopbo,·
418 4085 505 4145 quam
530 4084 615 4143 quem
639 4086 694 4145 ago
718 4069 849 4146 expressi
871 4065 948 4126 dicto
969 4064 1026 4125 tols
1047 4067 1126 4139 224,
1155 4074 1300 4140 quatenus
1322 4064 1433 4127 scilicet
1454 4067 1553 4140 imago

204 4158 343 4217 creatoris
367 4157 454 4215 etiam
477 4155 648 4215 naturaliter
669 4155 780 4217 relucet
802 4156 832 4215 iu
856 4154 960 4215 animis
983 4156 1097 4212 creatis.

291 4242 348 4302 Sed
372 4242 409 4303 ad
433 4252 636 4329 argumentum
657 4249 797 4305 ceremur.
841 4242 907 4301 blou
930 4242 1076 4315 sequitur,
1100 4240 1241 4310 Roberte,
1274 4257 1294 4301 a
1317 4248 1404 4301 cantu
1426 4240 1553 4301 hunuano
1574 4300 1580 4307 ,

106 4324 111 4329 ’
202 4329 241 4391 ad
263 4338 361 4390 motus
383 4328 534 4391 coelestes.
579 4330 655 4391 Nam
679 4336 848 4407 quaesunt
875 4331 905 4386 in
927 4327 1056 4386 hnmana
1080 4335 1167 4387 cauto
1190 4326 1374 4399 harmonica,
1404 4344 1464 4387 uon
1484 4334 1555 4387 sunt

203 4417 341 4479 desumta'
367 4435 402 4478 ex
430 4417 600 4481 lmrmcuiea
632 4419 898 4494 contemperatione
928 4421 1060 4477 motuum
1091 4414 1277 4487 coelestium,
1312 4414 1363 4475 rsd
1390 4423 1451 4477 trun
1481 4414 1555 4474 baec

203 4522 291 4580 quam
314 4505 375 4577 illa,
398 4505 446 4567 vel
469 4513 520 4567 tuo
535 4504 705 4566 Jembliolro
728 4511 856 4575 auctore,
880 4500 1061 4573 descendunt
1083 4519 1119 4561 ex
1141 4501 1216 4560 ideis
1236 4501 1337 4563 mundi
1353 4501 1554 4578 intelligibilis.

203 4591 286 4652 Sient
313 4599 413 4651 aetem
437 4591 621 4654 lamblichus
652 4593 851 4653 diversitatem
878 4592 1009 4666 ipsarum
1037 4591 1199 4649 animarum
1225 4587 1400 4662 introducit,
1430 4606 1555 4666 numum

203 4697 262 4739 uua
282 4682 397 4756 magis,
430 4680 491 4740 alia
512 4683 608 4740 minus
631 4680 755 4741 allicitur
777 4677 953 4749 harmoniis,
984 4679 1028 4736 sic
1049 4675 1141 4734 multo
1164 4677 1257 4750 magis
1280 4675 1396 4737 diversa
1419 4676 1556 4751 sanecta

204 4774 288 4843 sunt,
308 4770 341 4829 in
364 4767 471 4843 quibus
492 4766 661 4828 harmoniae
683 4765 843 4829 secuudum
866 4764 960 4841 magis
983 4772 1013 4824 ct
1034 4765 1130 4823 minus
1155 4765 1367 4841 repraesentari
1389 4769 1555 4841 potueruut,

207 4856 235 4913 in
264 4856 394 4915 motibus
424 4853 541 4931 quidem
573 4854 756 4930 planetarum
783 4852 946 4931 secuudum
974 4868 1063 4912 nuum
1092 4848 1190 4913 aulum
1221 4852 1359 4928 teurperis
1382 4857 1555 4928 respectum,

1333 4958 1401 5020 tt*
