<?xml version="1.0" encoding="UTF-8"?>
<!DOCTYPE html PUBLIC "-//W3C//DTD XHTML 1.0 Transitional//EN"
    "http://www.w3.org/TR/xhtml1/DTD/xhtml1-transitional.dtd">
<html xmlns="http://www.w3.org/1999/xhtml" xml:lang="en" lang="en">
 <head>
  <title>
</title>
<meta http-equiv="Content-Type" content="text/html;charset=utf-8" />
  <meta name='ocr-system' content='tesseract 3.04.00' />
  <meta name='ocr-capabilities' content='ocr_page ocr_carea ocr_par ocr_line ocrx_word'/>
</head>
<body>
  <div class='ocr_page' id='page_1' title='image "./joanniskepleria29frisgoog_0453.png"; bbox 0 0 3882 5862; ppageno 0'>
   <div class='ocr_carea' id='block_1_1' title="bbox 392 408 1268 482">
    <p class='ocr_par' dir='ltr' id='par_1_1' title="bbox 392 408 1268 482">
     <span class='ocr_line' id='line_1_1' title="bbox 392 408 1268 482; baseline 0.001 -17"><span class='ocrx_word' id='word_1_1' title='bbox 392 415 455 477; x_wconf 71' lang='lat'><strong>432</strong></span> <span class='ocrx_word' id='word_1_2' title='bbox 862 409 1028 482; x_wconf 80' lang='lat' dir='ltr'><strong>Appendicis</strong></span> <span class='ocrx_word' id='word_1_3' title='bbox 1045 408 1268 468; x_wconf 80' lang='lat' dir='ltr'><strong>Harmonicorum</strong></span> 
     </span>
    </p>
   </div>
   <div class='ocr_carea' id='block_1_2' title="bbox 373 589 1743 4951">
    <p class='ocr_par' dir='ltr' id='par_1_2' title="bbox 391 589 1738 758">
     <span class='ocr_line' id='line_1_2' title="bbox 391 589 1738 669; baseline 0 -17"><span class='ocrx_word' id='word_1_4' title='bbox 391 592 466 652; x_wconf 88' lang='lat' dir='ltr'><strong>baec</strong></span> <span class='ocrx_word' id='word_1_5' title='bbox 488 591 619 652; x_wconf 79' lang='lat' dir='ltr'><strong>efficacia</strong></span> <span class='ocrx_word' id='word_1_6' title='bbox 640 592 826 650; x_wconf 79' lang='lat' dir='ltr'><strong>iuncturam</strong></span> <span class='ocrx_word' id='word_1_7' title='bbox 848 589 1036 651; x_wconf 87' lang='lat' dir='ltr'><strong>sublunarem</strong></span> <span class='ocrx_word' id='word_1_8' title='bbox 1057 590 1177 667; x_wconf 85' lang='lat' dir='ltr'><strong>majoris</strong></span> <span class='ocrx_word' id='word_1_9' title='bbox 1200 602 1245 652; x_wconf 84' lang='lat' dir='ltr'><strong>cst</strong></span> <span class='ocrx_word' id='word_1_10' title='bbox 1260 609 1376 669; x_wconf 88' lang='lat' dir='ltr'><strong>operae,</strong></span> <span class='ocrx_word' id='word_1_11' title='bbox 1399 606 1581 669; x_wconf 76' lang='lat' dir='ltr'><strong>quaerente</strong></span> <span class='ocrx_word' id='word_1_12' title='bbox 1602 611 1623 652; x_wconf 83' lang='lat' dir='ltr'><strong>a</strong></span> <span class='ocrx_word' id='word_1_13' title='bbox 1643 608 1738 653; x_wconf 71' lang='lat' dir='ltr'><strong>nasso</strong></span> 
     </span>
     <span class='ocr_line' id='line_1_3' title="bbox 393 677 1499 758; baseline 0.001 -19"><span class='ocrx_word' id='word_1_14' title='bbox 393 684 469 753; x_wconf 67' lang='lat' dir='ltr'><strong>aifre,</strong></span> <span class='ocrx_word' id='word_1_15' title='bbox 493 696 579 755; x_wconf 85' lang='lat' dir='ltr'><strong>quem</strong></span> <span class='ocrx_word' id='word_1_16' title='bbox 601 688 661 737; x_wconf 89' lang='lat' dir='ltr'><strong>tam</strong></span> <span class='ocrx_word' id='word_1_17' title='bbox 683 677 770 738; x_wconf 88' lang='lat' dir='ltr'><strong>facile</strong></span> <span class='ocrx_word' id='word_1_18' title='bbox 792 677 973 737; x_wconf 77' lang='lat' dir='ltr'>excludimus</span> <span class='ocrx_word' id='word_1_19' title='bbox 996 680 1034 738; x_wconf 89' lang='lat' dir='ltr'><strong>ab</strong></span> <span class='ocrx_word' id='word_1_20' title='bbox 1057 680 1210 753; x_wconf 90' lang='lat' dir='ltr'><strong>inanibus,</strong></span> <span class='ocrx_word' id='word_1_21' title='bbox 1230 684 1374 758; x_wconf 84' lang='lat' dir='ltr'><strong>praestari</strong></span> <span class='ocrx_word' id='word_1_22' title='bbox 1397 682 1499 758; x_wconf 86' lang='lat' dir='ltr'><strong>possit.</strong></span> 
     </span>
    </p>

    <p class='ocr_par' dir='ltr' id='par_1_3' title="bbox 373 764 1743 1979">
     <span class='ocr_line' id='line_1_4' title="bbox 478 764 1739 843; baseline 0.001 -18"><span class='ocrx_word' id='word_1_23' title='bbox 478 764 571 839; x_wconf 88' lang='lat' dir='ltr'><strong>Unde,</strong></span> <span class='ocrx_word' id='word_1_24' title='bbox 593 767 700 842; x_wconf 86' lang='lat' dir='ltr'><strong>pergis,</strong></span> <span class='ocrx_word' id='word_1_25' title='bbox 733 768 778 824; x_wconf 83' lang='lat' dir='ltr'><strong>ris</strong></span> <span class='ocrx_word' id='word_1_26' title='bbox 801 764 997 825; x_wconf 86' lang='lat' dir='ltr'><strong>radiationnm</strong></span> <span class='ocrx_word' id='word_1_27' title='bbox 1019 774 1063 826; x_wconf 90' lang='lat' dir='ltr'><strong>est</strong></span> <span class='ocrx_word' id='word_1_28' title='bbox 1085 769 1114 825; x_wconf 92' lang='lat' dir='ltr'><strong>in</strong></span> <span class='ocrx_word' id='word_1_29' title='bbox 1139 768 1231 828; x_wconf 77' lang='lat' dir='ltr'><strong>aiire‘l</strong></span> <span class='ocrx_word' id='word_1_30' title='bbox 1274 765 1360 827; x_wconf 82' lang='lat' dir='ltr'>Unde</span> <span class='ocrx_word' id='word_1_31' title='bbox 1383 769 1481 843; x_wconf 88' lang='lat' dir='ltr'><strong>inquis</strong></span> <span class='ocrx_word' id='word_1_32' title='bbox 1503 766 1624 827; x_wconf 80' lang='lat' dir='ltr'><strong>inesse?</strong></span> <span class='ocrx_word' id='word_1_33' title='bbox 1666 766 1739 826; x_wconf 82' lang='lat' dir='ltr'><strong>Num</strong></span> 
     </span>
     <span class='ocr_line' id='line_1_5' title="bbox 394 852 1740 932; baseline 0 -19"><span class='ocrx_word' id='word_1_34' title='bbox 394 872 431 914; x_wconf 87' lang='lat' dir='ltr'><strong>ex</strong></span> <span class='ocrx_word' id='word_1_35' title='bbox 453 870 498 927; x_wconf 91' lang='lat' dir='ltr'><strong>eo,</strong></span> <span class='ocrx_word' id='word_1_36' title='bbox 521 853 600 930; x_wconf 88' lang='lat' dir='ltr'><strong>quod</strong></span> <span class='ocrx_word' id='word_1_37' title='bbox 622 852 759 931; x_wconf 83' lang='lat' dir='ltr'><strong>planetae</strong></span> <span class='ocrx_word' id='word_1_38' title='bbox 782 853 924 913; x_wconf 87' lang='lat' dir='ltr'><strong>coelestes</strong></span> <span class='ocrx_word' id='word_1_39' title='bbox 946 857 1073 912; x_wconf 90' lang='lat' dir='ltr'><strong>animam</strong></span> <span class='ocrx_word' id='word_1_40' title='bbox 1097 852 1203 914; x_wconf 85' lang='lat' dir='ltr'><strong>aSole</strong></span> <span class='ocrx_word' id='word_1_41' title='bbox 1226 855 1397 932; x_wconf 77' lang='lat' dir='ltr'><strong>accipiunt?</strong></span> <span class='ocrx_word' id='word_1_42' title='bbox 1441 854 1476 912; x_wconf 90' lang='lat' dir='ltr'><strong>ld</strong></span> <span class='ocrx_word' id='word_1_43' title='bbox 1499 857 1576 913; x_wconf 89' lang='lat' dir='ltr'><strong>cuim</strong></span> <span class='ocrx_word' id='word_1_44' title='bbox 1599 862 1667 914; x_wconf 82' lang='lat' dir='ltr'><strong>aute</strong></span> <span class='ocrx_word' id='word_1_45' title='bbox 1687 854 1740 913; x_wconf 89' lang='lat' dir='ltr'><strong>boc</strong></span> 
     </span>
     <span class='ocr_line' id='line_1_6' title="bbox 391 940 1740 1019; baseline 0.001 -20"><span class='ocrx_word' id='word_1_46' title='bbox 391 940 474 999; x_wconf 81' lang='lat' dir='ltr'><strong>unde</strong></span> <span class='ocrx_word' id='word_1_47' title='bbox 495 940 601 1018; x_wconf 87' lang='lat' dir='ltr'><strong>legitur</strong></span> <span class='ocrx_word' id='word_1_48' title='bbox 623 945 652 998; x_wconf 90' lang='lat' dir='ltr'><strong>iu</strong></span> <span class='ocrx_word' id='word_1_49' title='bbox 675 950 727 999; x_wconf 86' lang='lat' dir='ltr'><strong>tua</strong></span> <span class='ocrx_word' id='word_1_50' title='bbox 749 943 889 1000; x_wconf 83' lang='lat' dir='ltr'><strong>orations.</strong></span> <span class='ocrx_word' id='word_1_51' title='bbox 935 942 1027 1017; x_wconf 79' lang='lat' dir='ltr'><strong>Atqui</strong></span> <span class='ocrx_word' id='word_1_52' title='bbox 1050 940 1122 999; x_wconf 89' lang='lat' dir='ltr'><strong>nibil</strong></span> <span class='ocrx_word' id='word_1_53' title='bbox 1145 959 1220 1019; x_wconf 89' lang='lat' dir='ltr'><strong>opus</strong></span> <span class='ocrx_word' id='word_1_54' title='bbox 1244 954 1291 1002; x_wconf 89' lang='lat' dir='ltr'><strong>est</strong></span> <span class='ocrx_word' id='word_1_55' title='bbox 1311 942 1439 1019; x_wconf 84' lang='lat' dir='ltr'><strong>planetis</strong></span> <span class='ocrx_word' id='word_1_56' title='bbox 1461 944 1575 1014; x_wconf 87' lang='lat' dir='ltr'><strong>anima,</strong></span> <span class='ocrx_word' id='word_1_57' title='bbox 1607 958 1667 1018; x_wconf 84' lang='lat' dir='ltr'><strong>qua</strong></span> <span class='ocrx_word' id='word_1_58' title='bbox 1687 959 1740 1001; x_wconf 89' lang='lat' dir='ltr'><strong>ue·</strong></span> 
     </span>
     <span class='ocr_line' id='line_1_7' title="bbox 392 1027 1741 1104; baseline 0.001 -19"><span class='ocrx_word' id='word_1_59' title='bbox 392 1029 522 1104; x_wconf 85' lang='lat' dir='ltr'><strong>gotieute</strong></span> <span class='ocrx_word' id='word_1_60' title='bbox 544 1028 740 1088; x_wconf 88' lang='lat' dir='ltr'><strong>radiationum</strong></span> <span class='ocrx_word' id='word_1_61' title='bbox 762 1031 791 1085; x_wconf 92' lang='lat' dir='ltr'><strong>iu</strong></span> <span class='ocrx_word' id='word_1_62' title='bbox 813 1027 905 1087; x_wconf 83' lang='lat' dir='ltr'><strong>Terra</strong></span> <span class='ocrx_word' id='word_1_63' title='bbox 926 1029 1115 1087; x_wconf 82' lang='lat' dir='ltr'><strong>formatarum</strong></span> <span class='ocrx_word' id='word_1_64' title='bbox 1137 1032 1184 1089; x_wconf 86' lang='lat' dir='ltr'><strong>vis</strong></span> <span class='ocrx_word' id='word_1_65' title='bbox 1207 1033 1308 1088; x_wconf 85' lang='lat' dir='ltr'><strong>veniat</strong></span> <span class='ocrx_word' id='word_1_66' title='bbox 1335 1032 1365 1086; x_wconf 94' lang='lat' dir='ltr'><strong>in</strong></span> <span class='ocrx_word' id='word_1_67' title='bbox 1390 1033 1496 1088; x_wconf 67' lang='lat' dir='ltr'><strong>adrem.</strong></span> <span class='ocrx_word' id='word_1_68' title='bbox 1542 1028 1618 1088; x_wconf 83' lang='lat' dir='ltr'><strong>Nam</strong></span> <span class='ocrx_word' id='word_1_69' title='bbox 1640 1029 1665 1087; x_wconf 89' lang='lat' dir='ltr'><strong>si</strong></span> <span class='ocrx_word' id='word_1_70' title='bbox 1687 1029 1741 1087; x_wconf 89' lang='lat' dir='ltr'><strong>boc</strong></span> 
     </span>
     <span class='ocr_line' id='line_1_8' title="bbox 373 1115 1739 1192; baseline 0 -18"><span class='ocrx_word' id='word_1_71' title='bbox 373 1124 477 1187; x_wconf 72' lang='lat' dir='ltr'><strong>&#39;esset</strong></span> <span class='ocrx_word' id='word_1_72' title='bbox 500 1115 553 1173; x_wconf 87' lang='lat' dir='ltr'><strong>illa</strong></span> <span class='ocrx_word' id='word_1_73' title='bbox 574 1115 760 1191; x_wconf 87' lang='lat' dir='ltr'><strong>planetarum</strong></span> <span class='ocrx_word' id='word_1_74' title='bbox 782 1117 882 1173; x_wconf 90' lang='lat' dir='ltr'><strong>anima</strong></span> <span class='ocrx_word' id='word_1_75' title='bbox 903 1131 970 1174; x_wconf 90' lang='lat' dir='ltr'><strong>cum</strong></span> <span class='ocrx_word' id='word_1_76' title='bbox 991 1115 1203 1176; x_wconf 71' lang='lat' dir='ltr'><strong>radiationibus</strong></span> <span class='ocrx_word' id='word_1_77' title='bbox 1225 1119 1297 1192; x_wconf 87' lang='lat' dir='ltr'><strong>ipsis</strong></span> <span class='ocrx_word' id='word_1_78' title='bbox 1320 1119 1374 1176; x_wconf 89' lang='lat' dir='ltr'><strong>iter</strong></span> <span class='ocrx_word' id='word_1_79' title='bbox 1400 1116 1521 1177; x_wconf 86' lang='lat' dir='ltr'><strong>baberet</strong></span> <span class='ocrx_word' id='word_1_80' title='bbox 1543 1119 1739 1176; x_wconf 82' lang='lat' dir='ltr'><strong>necessarlum</strong></span> 
     </span>
     <span class='ocr_line' id='line_1_9' title="bbox 398 1201 1742 1281; baseline 0.002 -22"><span class='ocrx_word' id='word_1_81' title='bbox 398 1205 427 1259; x_wconf 93' lang='lat' dir='ltr'><strong>iu</strong></span> <span class='ocrx_word' id='word_1_82' title='bbox 452 1202 559 1261; x_wconf 82' lang='lat' dir='ltr'><strong>Terras</strong></span> <span class='ocrx_word' id='word_1_83' title='bbox 588 1219 693 1280; x_wconf 88' lang='lat' dir='ltr'><strong>usquc.</strong></span> <span class='ocrx_word' id='word_1_84' title='bbox 737 1204 830 1278; x_wconf 79' lang='lat' dir='ltr'><strong>Atqui</strong></span> <span class='ocrx_word' id='word_1_85' title='bbox 853 1203 910 1261; x_wconf 91' lang='lat' dir='ltr'><strong>boc</strong></span> <span class='ocrx_word' id='word_1_86' title='bbox 940 1202 1001 1261; x_wconf 88' lang='lat' dir='ltr'><strong>ficri</strong></span> <span class='ocrx_word' id='word_1_87' title='bbox 1025 1220 1083 1261; x_wconf 92' lang='lat' dir='ltr'><strong>non</strong></span> <span class='ocrx_word' id='word_1_88' title='bbox 1110 1212 1215 1281; x_wconf 81' lang='lat' dir='ltr'><strong>potest</strong></span> <span class='ocrx_word' id='word_1_89' title='bbox 1261 1201 1351 1263; x_wconf 89' lang='lat' dir='ltr'><strong>Nulla</strong></span> <span class='ocrx_word' id='word_1_90' title='bbox 1373 1206 1449 1264; x_wconf 90' lang='lat' dir='ltr'><strong>euim</strong></span> <span class='ocrx_word' id='word_1_91' title='bbox 1480 1211 1523 1262; x_wconf 82' lang='lat' dir='ltr'><strong>eet</strong></span> <span class='ocrx_word' id='word_1_92' title='bbox 1551 1208 1597 1262; x_wconf 83' lang='lat' dir='ltr'><strong>vir</strong></span> <span class='ocrx_word' id='word_1_93' title='bbox 1618 1207 1654 1262; x_wconf 75' lang='lat' dir='ltr'><strong>in</strong></span> <span class='ocrx_word' id='word_1_94' title='bbox 1675 1209 1742 1262; x_wconf 66' lang='lat' dir='ltr'><strong>aire</strong></span> 
     </span>
     <span class='ocr_line' id='line_1_10' title="bbox 396 1288 1743 1368; baseline 0.001 -21"><span class='ocrx_word' id='word_1_95' title='bbox 396 1288 626 1364; x_wconf 70' lang='lat' dir='ltr'><strong>radinensem,</strong></span> <span class='ocrx_word' id='word_1_96' title='bbox 648 1291 705 1348; x_wconf 88' lang='lat' dir='ltr'><strong>nisi</strong></span> <span class='ocrx_word' id='word_1_97' title='bbox 728 1288 846 1366; x_wconf 85' lang='lat' dir='ltr'><strong>quaudo</strong></span> <span class='ocrx_word' id='word_1_98' title='bbox 869 1292 1047 1364; x_wconf 86' lang='lat' dir='ltr'><strong>geometrice</strong></span> <span class='ocrx_word' id='word_1_99' title='bbox 1068 1290 1169 1368; x_wconf 86' lang='lat' dir='ltr'><strong>alique</strong></span> <span class='ocrx_word' id='word_1_100' title='bbox 1192 1292 1378 1351; x_wconf 71' lang='lat' dir='ltr'><strong>conformitas</strong></span> <span class='ocrx_word' id='word_1_101' title='bbox 1411 1293 1439 1349; x_wconf 93' lang='lat' dir='ltr'><strong>in</strong></span> <span class='ocrx_word' id='word_1_102' title='bbox 1463 1302 1585 1367; x_wconf 87' lang='lat' dir='ltr'><strong>aspectu</strong></span> <span class='ocrx_word' id='word_1_103' title='bbox 1615 1307 1669 1349; x_wconf 88' lang='lat' dir='ltr'><strong>seu</strong></span> <span class='ocrx_word' id='word_1_104' title='bbox 1690 1308 1743 1349; x_wconf 83' lang='lat' dir='ltr'><strong>an-</strong></span> 
     </span>
     <span class='ocr_line' id='line_1_11' title="bbox 394 1375 1742 1455; baseline 0.003 -22"><span class='ocrx_word' id='word_1_105' title='bbox 394 1375 466 1453; x_wconf 90' lang='lat' dir='ltr'><strong>gulo</strong></span> <span class='ocrx_word' id='word_1_106' title='bbox 490 1377 625 1436; x_wconf 89' lang='lat' dir='ltr'><strong>binarum</strong></span> <span class='ocrx_word' id='word_1_107' title='bbox 652 1376 849 1436; x_wconf 86' lang='lat' dir='ltr'><strong>radiatienum</strong></span> <span class='ocrx_word' id='word_1_108' title='bbox 878 1387 923 1435; x_wconf 89' lang='lat' dir='ltr'><strong>est</strong></span> <span class='ocrx_word' id='word_1_109' title='bbox 949 1378 1118 1455; x_wconf 80' lang='lat' dir='ltr'><strong>spectanda</strong></span> <span class='ocrx_word' id='word_1_110' title='bbox 1162 1378 1230 1438; x_wconf 92' lang='lat' dir='ltr'><strong>Hoc</strong></span> <span class='ocrx_word' id='word_1_111' title='bbox 1259 1395 1327 1438; x_wconf 84' lang='lat' dir='ltr'><strong>vero</strong></span> <span class='ocrx_word' id='word_1_112' title='bbox 1362 1381 1428 1454; x_wconf 88' lang='lat' dir='ltr'><strong>quis</strong></span> <span class='ocrx_word' id='word_1_113' title='bbox 1449 1379 1649 1438; x_wconf 87' lang='lat' dir='ltr'><strong>internuncius</strong></span> <span class='ocrx_word' id='word_1_114' title='bbox 1677 1379 1742 1437; x_wconf 89' lang='lat' dir='ltr'><strong>binc</strong></span> 
     </span>
     <span class='ocr_line' id='line_1_12' title="bbox 390 1463 1740 1543; baseline 0.004 -22"><span class='ocrx_word' id='word_1_115' title='bbox 390 1481 409 1522; x_wconf 89' lang='lat' dir='ltr'><strong>a</strong></span> <span class='ocrx_word' id='word_1_116' title='bbox 431 1463 529 1523; x_wconf 83' lang='lat' dir='ltr'><strong>Terris</strong></span> <span class='ocrx_word' id='word_1_117' title='bbox 551 1480 645 1540; x_wconf 89' lang='lat' dir='ltr'><strong>usquc</strong></span> <span class='ocrx_word' id='word_1_118' title='bbox 668 1463 706 1523; x_wconf 90' lang='lat' dir='ltr'><strong>ad</strong></span> <span class='ocrx_word' id='word_1_119' title='bbox 728 1464 887 1535; x_wconf 77' lang='lat' dir='ltr'><strong>Saturnum</strong></span> <span class='ocrx_word' id='word_1_120' title='bbox 910 1472 940 1523; x_wconf 91' lang='lat' dir='ltr'><strong>et</strong></span> <span class='ocrx_word' id='word_1_121' title='bbox 961 1464 1071 1524; x_wconf 85' lang='lat' dir='ltr'><strong>Jovem</strong></span> <span class='ocrx_word' id='word_1_122' title='bbox 1094 1465 1217 1536; x_wconf 87' lang='lat' dir='ltr'><strong>indicet,</strong></span> <span class='ocrx_word' id='word_1_123' title='bbox 1246 1475 1279 1525; x_wconf 94' lang='lat' dir='ltr'><strong>ut</strong></span> <span class='ocrx_word' id='word_1_124' title='bbox 1300 1465 1368 1526; x_wconf 91' lang='lat' dir='ltr'><strong>inde</strong></span> <span class='ocrx_word' id='word_1_125' title='bbox 1391 1467 1506 1525; x_wconf 82' lang='lat' dir='ltr'><strong>animas</strong></span> <span class='ocrx_word' id='word_1_126' title='bbox 1528 1465 1576 1525; x_wconf 85' lang='lat' dir='ltr'><strong>vel</strong></span> <span class='ocrx_word' id='word_1_127' title='bbox 1598 1466 1740 1543; x_wconf 82' lang='lat' dir='ltr'><strong>quusqne</strong></span> 
     </span>
     <span class='ocr_line' id='line_1_13' title="bbox 391 1551 1742 1628; baseline 0.001 -20"><span class='ocrx_word' id='word_1_128' title='bbox 391 1568 485 1625; x_wconf 87' lang='lat' dir='ltr'><strong>suurn,</strong></span> <span class='ocrx_word' id='word_1_129' title='bbox 509 1551 557 1610; x_wconf 85' lang='lat' dir='ltr'><strong>vel</strong></span> <span class='ocrx_word' id='word_1_130' title='bbox 580 1554 731 1628; x_wconf 85' lang='lat' dir='ltr'><strong>utriusque</strong></span> <span class='ocrx_word' id='word_1_131' title='bbox 753 1569 936 1611; x_wconf 89' lang='lat' dir='ltr'><strong>communem</strong></span> <span class='ocrx_word' id='word_1_132' title='bbox 959 1554 987 1609; x_wconf 92' lang='lat' dir='ltr'><strong>in</strong></span> <span class='ocrx_word' id='word_1_133' title='bbox 1011 1552 1117 1612; x_wconf 83' lang='lat' dir='ltr'><strong>Terras</strong></span> <span class='ocrx_word' id='word_1_134' title='bbox 1139 1553 1276 1627; x_wconf 87' lang='lat' dir='ltr'><strong>deducat,</strong></span> <span class='ocrx_word' id='word_1_135' title='bbox 1301 1561 1335 1611; x_wconf 93' lang='lat' dir='ltr'><strong>ut</strong></span> <span class='ocrx_word' id='word_1_136' title='bbox 1356 1553 1405 1612; x_wconf 91' lang='lat' dir='ltr'><strong>bic</strong></span> <span class='ocrx_word' id='word_1_137' title='bbox 1427 1551 1478 1612; x_wconf 87' lang='lat' dir='ltr'><strong>illa</strong></span> <span class='ocrx_word' id='word_1_138' title='bbox 1499 1556 1562 1611; x_wconf 87' lang='lat' dir='ltr'><strong>uim</strong></span> <span class='ocrx_word' id='word_1_139' title='bbox 1584 1557 1651 1612; x_wconf 78' lang='lat' dir='ltr'><strong>aeri</strong></span> <span class='ocrx_word' id='word_1_140' title='bbox 1672 1570 1742 1613; x_wconf 89' lang='lat' dir='ltr'><strong>con-</strong></span> 
     </span>
     <span class='ocr_line' id='line_1_14' title="bbox 395 1638 1741 1718; baseline 0.002 -21"><span class='ocrx_word' id='word_1_141' title='bbox 395 1638 475 1697; x_wconf 88' lang='lat' dir='ltr'><strong>ciliet</strong></span> <span class='ocrx_word' id='word_1_142' title='bbox 496 1656 646 1715; x_wconf 86' lang='lat' dir='ltr'><strong>praesens.</strong></span> <span class='ocrx_word' id='word_1_143' title='bbox 690 1639 807 1699; x_wconf 80' lang='lat' dir='ltr'><strong>Dixeris</strong></span> <span class='ocrx_word' id='word_1_144' title='bbox 829 1642 938 1717; x_wconf 92' lang='lat' dir='ltr'><strong>potius,</strong></span> <span class='ocrx_word' id='word_1_145' title='bbox 961 1639 1058 1699; x_wconf 89' lang='lat' dir='ltr'><strong>lumen</strong></span> <span class='ocrx_word' id='word_1_146' title='bbox 1082 1644 1177 1718; x_wconf 89' lang='lat' dir='ltr'><strong>ipsum</strong></span> <span class='ocrx_word' id='word_1_147' title='bbox 1200 1641 1398 1716; x_wconf 80' lang='lat' dir='ltr'><strong>planetarum,</strong></span> <span class='ocrx_word' id='word_1_148' title='bbox 1425 1658 1461 1699; x_wconf 87' lang='lat' dir='ltr'><strong>ex</strong></span> <span class='ocrx_word' id='word_1_149' title='bbox 1484 1656 1543 1715; x_wconf 89' lang='lat' dir='ltr'><strong>qno</strong></span> <span class='ocrx_word' id='word_1_150' title='bbox 1565 1641 1741 1700; x_wconf 79' lang='lat' dir='ltr'><strong>radiationes</strong></span> 
     </span>
     <span class='ocr_line' id='line_1_15' title="bbox 391 1727 1741 1805; baseline 0.001 -20"><span class='ocrx_word' id='word_1_151' title='bbox 391 1734 535 1801; x_wconf 78' lang='lat' dir='ltr'><strong>constant,</strong></span> <span class='ocrx_word' id='word_1_152' title='bbox 559 1727 635 1787; x_wconf 88' lang='lat' dir='ltr'><strong>banc</strong></span> <span class='ocrx_word' id='word_1_153' title='bbox 657 1742 722 1786; x_wconf 90' lang='lat' dir='ltr'><strong>esse</strong></span> <span class='ocrx_word' id='word_1_154' title='bbox 744 1729 888 1801; x_wconf 86' lang='lat' dir='ltr'><strong>animam,</strong></span> <span class='ocrx_word' id='word_1_155' title='bbox 911 1729 987 1786; x_wconf 90' lang='lat' dir='ltr'><strong>sicut</strong></span> <span class='ocrx_word' id='word_1_156' title='bbox 1011 1736 1097 1787; x_wconf 84' lang='lat' dir='ltr'><strong>antee</strong></span> <span class='ocrx_word' id='word_1_157' title='bbox 1120 1740 1252 1787; x_wconf 88' lang='lat' dir='ltr'><strong>nostrum</strong></span> <span class='ocrx_word' id='word_1_158' title='bbox 1273 1727 1351 1787; x_wconf 90' lang='lat' dir='ltr'><strong>bunc</strong></span> <span class='ocrx_word' id='word_1_159' title='bbox 1373 1732 1471 1787; x_wconf 74' lang='lat' dir='ltr'><strong>adrem</strong></span> <span class='ocrx_word' id='word_1_160' title='bbox 1492 1729 1586 1789; x_wconf 87' lang='lat' dir='ltr'><strong>fecisti</strong></span> <span class='ocrx_word' id='word_1_161' title='bbox 1609 1729 1741 1805; x_wconf 87' lang='lat' dir='ltr'><strong>spiritum</strong></span> 
     </span>
     <span class='ocr_line' id='line_1_16' title="bbox 391 1812 1741 1891; baseline 0 -18"><span class='ocrx_word' id='word_1_162' title='bbox 391 1816 507 1873; x_wconf 84' lang='lat' dir='ltr'><strong>animae</strong></span> <span class='ocrx_word' id='word_1_163' title='bbox 529 1812 640 1874; x_wconf 91' lang='lat' dir='ltr'><strong>mundi.</strong></span> <span class='ocrx_word' id='word_1_164' title='bbox 684 1812 759 1873; x_wconf 83' lang='lat' dir='ltr'><strong>llibi</strong></span> <span class='ocrx_word' id='word_1_165' title='bbox 782 1817 881 1874; x_wconf 86' lang='lat' dir='ltr'><strong>omnis</strong></span> <span class='ocrx_word' id='word_1_166' title='bbox 902 1814 1063 1874; x_wconf 88' lang='lat' dir='ltr'><strong>succedunt</strong></span> <span class='ocrx_word' id='word_1_167' title='bbox 1084 1816 1208 1890; x_wconf 81' lang='lat' dir='ltr'><strong>facilius,</strong></span> <span class='ocrx_word' id='word_1_168' title='bbox 1231 1813 1401 1879; x_wconf 82' lang='lat' dir='ltr'><strong>facultatem</strong></span> <span class='ocrx_word' id='word_1_169' title='bbox 1416 1816 1546 1891; x_wconf 82' lang='lat' dir='ltr'><strong>aliquam</strong></span> <span class='ocrx_word' id='word_1_170' title='bbox 1560 1816 1741 1891; x_wconf 84' lang='lat' dir='ltr'><strong>spiritualem</strong></span> 
     </span>
     <span class='ocr_line' id='line_1_17' title="bbox 391 1900 684 1979; baseline 0 -21"><span class='ocrx_word' id='word_1_171' title='bbox 391 1901 420 1958; x_wconf 88' lang='lat' dir='ltr'><strong>in</strong></span> <span class='ocrx_word' id='word_1_172' title='bbox 443 1900 534 1960; x_wconf 81' lang='lat' dir='ltr'><strong>Terra</strong></span> <span class='ocrx_word' id='word_1_173' title='bbox 556 1901 684 1979; x_wconf 87' lang='lat' dir='ltr'><strong>ponenti.</strong></span> 
     </span>
    </p>

    <p class='ocr_par' dir='ltr' id='par_1_4' title="bbox 390 1988 1742 2677">
     <span class='ocr_line' id='line_1_18' title="bbox 479 1988 1737 2069; baseline 0.001 -22"><span class='ocrx_word' id='word_1_174' title='bbox 479 1988 586 2049; x_wconf 79' lang='lat' dir='ltr'><strong>Terrae</strong></span> <span class='ocrx_word' id='word_1_175' title='bbox 609 1991 737 2049; x_wconf 85' lang='lat' dir='ltr'><strong>animem</strong></span> <span class='ocrx_word' id='word_1_176' title='bbox 766 1988 838 2047; x_wconf 88' lang='lat' dir='ltr'><strong>dicis</strong></span> <span class='ocrx_word' id='word_1_177' title='bbox 867 1991 966 2066; x_wconf 87' lang='lat' dir='ltr'><strong>potius</strong></span> <span class='ocrx_word' id='word_1_178' title='bbox 989 2007 1054 2049; x_wconf 91' lang='lat' dir='ltr'><strong>esse</strong></span> <span class='ocrx_word' id='word_1_179' title='bbox 1083 1990 1121 2048; x_wconf 89' lang='lat' dir='ltr'><strong>ab</strong></span> <span class='ocrx_word' id='word_1_180' title='bbox 1150 1993 1218 2049; x_wconf 73' lang='lat' dir='ltr'><strong>aire</strong></span> <span class='ocrx_word' id='word_1_181' title='bbox 1239 1998 1275 2049; x_wconf 88' lang='lat' dir='ltr'><strong>et</strong></span> <span class='ocrx_word' id='word_1_182' title='bbox 1306 1991 1337 2047; x_wconf 93' lang='lat' dir='ltr'><strong>iu</strong></span> <span class='ocrx_word' id='word_1_183' title='bbox 1368 1995 1454 2069; x_wconf 76' lang='lat' dir='ltr'><strong>edre,</strong></span> <span class='ocrx_word' id='word_1_184' title='bbox 1484 2006 1574 2065; x_wconf 85' lang='lat' dir='ltr'><strong>quam</strong></span> <span class='ocrx_word' id='word_1_185' title='bbox 1606 1997 1639 2048; x_wconf 88' lang='lat' dir='ltr'><strong>nt</strong></span> <span class='ocrx_word' id='word_1_186' title='bbox 1661 1992 1737 2049; x_wconf 80' lang='lat' dir='ltr'><strong>aiiris</strong></span> 
     </span>
     <span class='ocr_line' id='line_1_19' title="bbox 391 2076 1737 2155; baseline -0.001 -21"><span class='ocrx_word' id='word_1_187' title='bbox 391 2084 488 2135; x_wconf 91' lang='lat' dir='ltr'><strong>motus</strong></span> <span class='ocrx_word' id='word_1_188' title='bbox 511 2094 530 2137; x_wconf 88' lang='lat' dir='ltr'><strong>a</strong></span> <span class='ocrx_word' id='word_1_189' title='bbox 551 2076 659 2136; x_wconf 70' lang='lat' dir='ltr'><strong>&#39;l&#39;errse</strong></span> <span class='ocrx_word' id='word_1_190' title='bbox 681 2079 780 2136; x_wconf 85' lang='lat' dir='ltr'><strong>anima</strong></span> <span class='ocrx_word' id='word_1_191' title='bbox 800 2077 968 2153; x_wconf 79' lang='lat' dir='ltr'><strong>procedant.</strong></span> <span class='ocrx_word' id='word_1_192' title='bbox 1013 2077 1078 2137; x_wconf 89' lang='lat' dir='ltr'><strong>Non</strong></span> <span class='ocrx_word' id='word_1_193' title='bbox 1090 2094 1198 2154; x_wconf 86' lang='lat' dir='ltr'><strong>pugno,</strong></span> <span class='ocrx_word' id='word_1_194' title='bbox 1223 2078 1368 2155; x_wconf 88' lang='lat' dir='ltr'><strong>quinimo</strong></span> <span class='ocrx_word' id='word_1_195' title='bbox 1389 2080 1433 2136; x_wconf 93' lang='lat' dir='ltr'><strong>sic</strong></span> <span class='ocrx_word' id='word_1_196' title='bbox 1454 2076 1571 2153; x_wconf 88' lang='lat' dir='ltr'><strong>publice</strong></span> <span class='ocrx_word' id='word_1_197' title='bbox 1591 2076 1737 2153; x_wconf 90' lang='lat' dir='ltr'><strong>profiteor,</strong></span> 
     </span>
     <span class='ocr_line' id='line_1_20' title="bbox 391 2162 1740 2241; baseline -0.001 -19"><span class='ocrx_word' id='word_1_198' title='bbox 391 2164 485 2237; x_wconf 84' lang='lat' dir='ltr'><strong>barre,</strong></span> <span class='ocrx_word' id='word_1_199' title='bbox 515 2180 604 2240; x_wconf 84' lang='lat' dir='ltr'><strong>quam</strong></span> <span class='ocrx_word' id='word_1_200' title='bbox 627 2163 710 2239; x_wconf 91' lang='lat' dir='ltr'><strong>dico,</strong></span> <span class='ocrx_word' id='word_1_201' title='bbox 738 2162 846 2222; x_wconf 81' lang='lat' dir='ltr'><strong>Terrae</strong></span> <span class='ocrx_word' id='word_1_202' title='bbox 868 2163 1055 2238; x_wconf 79' lang='lat' dir='ltr'><strong>facultatem,</strong></span> <span class='ocrx_word' id='word_1_203' title='bbox 1089 2164 1224 2224; x_wconf 86' lang='lat' dir='ltr'><strong>animalis</strong></span> <span class='ocrx_word' id='word_1_204' title='bbox 1247 2164 1386 2238; x_wconf 85' lang='lat' dir='ltr'><strong>similem,</strong></span> <span class='ocrx_word' id='word_1_205' title='bbox 1416 2181 1468 2241; x_wconf 93' lang='lat' dir='ltr'><strong>per</strong></span> <span class='ocrx_word' id='word_1_206' title='bbox 1490 2165 1617 2240; x_wconf 89' lang='lat' dir='ltr'><strong>speciem</strong></span> <span class='ocrx_word' id='word_1_207' title='bbox 1640 2162 1740 2240; x_wconf 84' lang='lat' dir='ltr'><strong>egredi</strong></span> 
     </span>
     <span class='ocr_line' id='line_1_21' title="bbox 392 2251 1741 2329; baseline -0.001 -18"><span class='ocrx_word' id='word_1_208' title='bbox 392 2253 480 2311; x_wconf 84' lang='lat' dir='ltr'><strong>etiam</strong></span> <span class='ocrx_word' id='word_1_209' title='bbox 503 2254 533 2308; x_wconf 92' lang='lat' dir='ltr'><strong>in</strong></span> <span class='ocrx_word' id='word_1_210' title='bbox 555 2256 652 2311; x_wconf 77' lang='lat' dir='ltr'><strong>adrem</strong></span> <span class='ocrx_word' id='word_1_211' title='bbox 675 2252 879 2310; x_wconf 88' lang='lat' dir='ltr'><strong>circumfusum</strong></span> <span class='ocrx_word' id='word_1_212' title='bbox 909 2253 1009 2327; x_wconf 86' lang='lat' dir='ltr'><strong>ibique</strong></span> <span class='ocrx_word' id='word_1_213' title='bbox 1031 2268 1084 2329; x_wconf 95' lang='lat' dir='ltr'><strong>pro</strong></span> <span class='ocrx_word' id='word_1_214' title='bbox 1106 2269 1137 2310; x_wconf 90' lang='lat' dir='ltr'><strong>re</strong></span> <span class='ocrx_word' id='word_1_215' title='bbox 1160 2260 1230 2311; x_wconf 88' lang='lat' dir='ltr'><strong>natu</strong></span> <span class='ocrx_word' id='word_1_216' title='bbox 1258 2256 1376 2329; x_wconf 82' lang='lat' dir='ltr'><strong>gignere</strong></span> <span class='ocrx_word' id='word_1_217' title='bbox 1399 2251 1543 2324; x_wconf 88' lang='lat' dir='ltr'><strong>bruchos,</strong></span> <span class='ocrx_word' id='word_1_218' title='bbox 1574 2251 1692 2310; x_wconf 85' lang='lat' dir='ltr'><strong>cicadas</strong></span> <span class='ocrx_word' id='word_1_219' title='bbox 1713 2260 1741 2310; x_wconf 91' lang='lat' dir='ltr'><strong>et</strong></span> 
     </span>
     <span class='ocr_line' id='line_1_22' title="bbox 391 2337 1742 2416; baseline -0.001 -19"><span class='ocrx_word' id='word_1_220' title='bbox 391 2337 451 2397; x_wconf 84' lang='lat' dir='ltr'><strong>alie</strong></span> <span class='ocrx_word' id='word_1_221' title='bbox 473 2340 592 2397; x_wconf 78' lang='lat' dir='ltr'><strong>innecte.</strong></span> <span class='ocrx_word' id='word_1_222' title='bbox 638 2339 678 2396; x_wconf 81' lang='lat' dir='ltr'><strong>At</strong></span> <span class='ocrx_word' id='word_1_223' title='bbox 705 2340 893 2415; x_wconf 84' lang='lat' dir='ltr'><strong>praecipuam</strong></span> <span class='ocrx_word' id='word_1_224' title='bbox 922 2339 966 2397; x_wconf 90' lang='lat' dir='ltr'><strong>illi</strong></span> <span class='ocrx_word' id='word_1_225' title='bbox 995 2338 1094 2398; x_wconf 87' lang='lat' dir='ltr'><strong>sedem</strong></span> <span class='ocrx_word' id='word_1_226' title='bbox 1117 2342 1146 2396; x_wconf 95' lang='lat' dir='ltr'><strong>in</strong></span> <span class='ocrx_word' id='word_1_227' title='bbox 1170 2343 1236 2398; x_wconf 81' lang='lat' dir='ltr'><strong>alite</strong></span> <span class='ocrx_word' id='word_1_228' title='bbox 1267 2356 1391 2416; x_wconf 86' lang='lat' dir='ltr'><strong>ponere,</strong></span> <span class='ocrx_word' id='word_1_229' title='bbox 1427 2355 1566 2397; x_wconf 87' lang='lat' dir='ltr'><strong>excursus</strong></span> <span class='ocrx_word' id='word_1_230' title='bbox 1593 2339 1692 2397; x_wconf 81' lang='lat' dir='ltr'><strong>solum</strong></span> <span class='ocrx_word' id='word_1_231' title='bbox 1713 2341 1742 2395; x_wconf 92' lang='lat' dir='ltr'><strong>iu</strong></span> 
     </span>
     <span class='ocr_line' id='line_1_23' title="bbox 391 2424 1742 2503; baseline 0.001 -19"><span class='ocrx_word' id='word_1_232' title='bbox 391 2424 483 2485; x_wconf 82' lang='lat' dir='ltr'><strong>Terra</strong></span> <span class='ocrx_word' id='word_1_233' title='bbox 504 2424 679 2498; x_wconf 86' lang='lat' dir='ltr'><strong>concedere,</strong></span> <span class='ocrx_word' id='word_1_234' title='bbox 714 2425 771 2484; x_wconf 91' lang='lat' dir='ltr'><strong>boc</strong></span> <span class='ocrx_word' id='word_1_235' title='bbox 792 2425 913 2502; x_wconf 86' lang='lat' dir='ltr'><strong>perinde</strong></span> <span class='ocrx_word' id='word_1_236' title='bbox 935 2425 1007 2484; x_wconf 91' lang='lat' dir='ltr'><strong>mibi</strong></span> <span class='ocrx_word' id='word_1_237' title='bbox 1029 2427 1162 2500; x_wconf 86' lang='lat' dir='ltr'><strong>videtur,</strong></span> <span class='ocrx_word' id='word_1_238' title='bbox 1191 2444 1227 2486; x_wconf 81' lang='lat' dir='ltr'><strong>ec</strong></span> <span class='ocrx_word' id='word_1_239' title='bbox 1249 2431 1274 2487; x_wconf 90' lang='lat' dir='ltr'><strong>si</strong></span> <span class='ocrx_word' id='word_1_240' title='bbox 1298 2431 1363 2503; x_wconf 89' lang='lat' dir='ltr'><strong>quis</strong></span> <span class='ocrx_word' id='word_1_241' title='bbox 1385 2428 1501 2486; x_wconf 84' lang='lat' dir='ltr'><strong>enimse</strong></span> <span class='ocrx_word' id='word_1_242' title='bbox 1523 2425 1627 2485; x_wconf 87' lang='lat' dir='ltr'><strong>saltem</strong></span> <span class='ocrx_word' id='word_1_243' title='bbox 1650 2443 1742 2502; x_wconf 83' lang='lat' dir='ltr'><strong>rege·</strong></span> 
     </span>
     <span class='ocr_line' id='line_1_24' title="bbox 391 2512 1742 2591; baseline 0.001 -21"><span class='ocrx_word' id='word_1_244' title='bbox 391 2513 481 2571; x_wconf 87' lang='lat' dir='ltr'><strong>tantis</strong></span> <span class='ocrx_word' id='word_1_245' title='bbox 504 2514 533 2570; x_wconf 93' lang='lat' dir='ltr'><strong>in</strong></span> <span class='ocrx_word' id='word_1_246' title='bbox 556 2513 672 2571; x_wconf 91' lang='lat' dir='ltr'><strong>bomine</strong></span> <span class='ocrx_word' id='word_1_247' title='bbox 694 2512 793 2572; x_wconf 90' lang='lat' dir='ltr'><strong>sedem</strong></span> <span class='ocrx_word' id='word_1_248' title='bbox 815 2514 1003 2591; x_wconf 88' lang='lat' dir='ltr'><strong>praecipuam</strong></span> <span class='ocrx_word' id='word_1_249' title='bbox 1026 2513 1136 2573; x_wconf 88' lang='lat' dir='ltr'><strong>diceret</strong></span> <span class='ocrx_word' id='word_1_250' title='bbox 1158 2529 1282 2591; x_wconf 77' lang='lat' dir='ltr'><strong>tepores</strong></span> <span class='ocrx_word' id='word_1_251' title='bbox 1305 2513 1372 2573; x_wconf 90' lang='lat' dir='ltr'><strong>illos</strong></span> <span class='ocrx_word' id='word_1_252' title='bbox 1395 2531 1431 2572; x_wconf 87' lang='lat' dir='ltr'><strong>ex</strong></span> <span class='ocrx_word' id='word_1_253' title='bbox 1445 2530 1566 2591; x_wconf 92' lang='lat' dir='ltr'><strong>corpore</strong></span> <span class='ocrx_word' id='word_1_254' title='bbox 1589 2515 1742 2591; x_wconf 82' lang='lat' dir='ltr'><strong>exspiran-</strong></span> 
     </span>
     <span class='ocr_line' id='line_1_25' title="bbox 390 2600 1593 2677; baseline 0.001 -19"><span class='ocrx_word' id='word_1_255' title='bbox 390 2609 436 2659; x_wconf 88' lang='lat' dir='ltr'><strong>tes</strong></span> <span class='ocrx_word' id='word_1_256' title='bbox 458 2601 548 2675; x_wconf 87' lang='lat' dir='ltr'><strong>inqne</strong></span> <span class='ocrx_word' id='word_1_257' title='bbox 571 2600 695 2660; x_wconf 89' lang='lat' dir='ltr'><strong>sinubus</strong></span> <span class='ocrx_word' id='word_1_258' title='bbox 718 2604 846 2677; x_wconf 89' lang='lat' dir='ltr'><strong>corporis</strong></span> <span class='ocrx_word' id='word_1_259' title='bbox 869 2600 1038 2676; x_wconf 87' lang='lat' dir='ltr'><strong>haerentes,</strong></span> <span class='ocrx_word' id='word_1_260' title='bbox 1062 2601 1112 2661; x_wconf 90' lang='lat' dir='ltr'><strong>ubi</strong></span> <span class='ocrx_word' id='word_1_261' title='bbox 1135 2600 1288 2677; x_wconf 85' lang='lat' dir='ltr'><strong>pediculos</strong></span> <span class='ocrx_word' id='word_1_262' title='bbox 1310 2610 1341 2662; x_wconf 90' lang='lat' dir='ltr'><strong>et</strong></span> <span class='ocrx_word' id='word_1_263' title='bbox 1361 2601 1469 2660; x_wconf 76' lang='lat' dir='ltr'><strong>sinilia</strong></span> <span class='ocrx_word' id='word_1_264' title='bbox 1490 2602 1593 2677; x_wconf 86' lang='lat' dir='ltr'><strong>gignit</strong></span> 
     </span>
    </p>

    <p class='ocr_par' dir='ltr' id='par_1_5' title="bbox 389 2685 1742 4601">
     <span class='ocr_line' id='line_1_26' title="bbox 481 2685 1739 2764; baseline 0.002 -20"><span class='ocrx_word' id='word_1_265' title='bbox 481 2685 600 2764; x_wconf 85' lang='lat' dir='ltr'><strong>Pergis:</strong></span> <span class='ocrx_word' id='word_1_266' title='bbox 637 2691 688 2746; x_wconf 83' lang='lat' dir='ltr'><strong>aiir</strong></span> <span class='ocrx_word' id='word_1_267' title='bbox 715 2690 807 2746; x_wconf 88' lang='lat' dir='ltr'><strong>vitam</strong></span> <span class='ocrx_word' id='word_1_268' title='bbox 836 2686 887 2746; x_wconf 85' lang='lat' dir='ltr'><strong>dut</strong></span> <span class='ocrx_word' id='word_1_269' title='bbox 916 2689 1002 2764; x_wconf 85' lang='lat' dir='ltr'><strong>aquis</strong></span> <span class='ocrx_word' id='word_1_270' title='bbox 1033 2696 1063 2749; x_wconf 92' lang='lat' dir='ltr'><strong>et</strong></span> <span class='ocrx_word' id='word_1_271' title='bbox 1085 2697 1193 2762; x_wconf 90' lang='lat' dir='ltr'><strong>terrae,</strong></span> <span class='ocrx_word' id='word_1_272' title='bbox 1225 2699 1254 2748; x_wconf 91' lang='lat' dir='ltr'><strong>et</strong></span> <span class='ocrx_word' id='word_1_273' title='bbox 1277 2688 1410 2748; x_wconf 89' lang='lat' dir='ltr'><strong>omnibus</strong></span> <span class='ocrx_word' id='word_1_274' title='bbox 1441 2690 1536 2748; x_wconf 87' lang='lat' dir='ltr'><strong>exiis</strong></span> <span class='ocrx_word' id='word_1_275' title='bbox 1561 2689 1739 2764; x_wconf 89' lang='lat' dir='ltr'><strong>compositis.</strong></span> 
     </span>
     <span class='ocr_line' id='line_1_27' title="bbox 394 2772 1742 2852; baseline 0 -20"><span class='ocrx_word' id='word_1_276' title='bbox 394 2772 492 2833; x_wconf 87' lang='lat' dir='ltr'><strong>Velim</strong></span> <span class='ocrx_word' id='word_1_277' title='bbox 514 2778 596 2851; x_wconf 89' lang='lat' dir='ltr'><strong>scire,</strong></span> <span class='ocrx_word' id='word_1_278' title='bbox 619 2792 689 2833; x_wconf 86' lang='lat' dir='ltr'><strong>num</strong></span> <span class='ocrx_word' id='word_1_279' title='bbox 712 2783 809 2835; x_wconf 90' lang='lat' dir='ltr'><strong>tecum</strong></span> <span class='ocrx_word' id='word_1_280' title='bbox 831 2783 908 2833; x_wconf 86' lang='lat' dir='ltr'><strong>stare</strong></span> <span class='ocrx_word' id='word_1_281' title='bbox 931 2775 1092 2837; x_wconf 88' lang='lat' dir='ltr'><strong>contendas</strong></span> <span class='ocrx_word' id='word_1_282' title='bbox 1114 2775 1323 2835; x_wconf 75' lang='lat' dir='ltr'><strong>Aristotelem?</strong></span> <span class='ocrx_word' id='word_1_283' title='bbox 1367 2775 1425 2835; x_wconf 85' lang='lat' dir='ltr'><strong>Hic</strong></span> <span class='ocrx_word' id='word_1_284' title='bbox 1440 2774 1559 2852; x_wconf 88' lang='lat' dir='ltr'><strong>quidem</strong></span> <span class='ocrx_word' id='word_1_285' title='bbox 1571 2778 1670 2835; x_wconf 88' lang='lat' dir='ltr'><strong>omnia</strong></span> <span class='ocrx_word' id='word_1_286' title='bbox 1686 2777 1742 2833; x_wconf 84' lang='lat' dir='ltr'><strong>uu</strong></span> 
     </span>
     <span class='ocr_line' id='line_1_28' title="bbox 393 2860 1740 2938; baseline -0.001 -17"><span class='ocrx_word' id='word_1_287' title='bbox 393 2860 486 2921; x_wconf 85' lang='lat' dir='ltr'><strong>calori</strong></span> <span class='ocrx_word' id='word_1_288' title='bbox 508 2862 586 2923; x_wconf 88' lang='lat' dir='ltr'><strong>Solis</strong></span> <span class='ocrx_word' id='word_1_289' title='bbox 608 2863 724 2936; x_wconf 89' lang='lat' dir='ltr'><strong>tribuit,</strong></span> <span class='ocrx_word' id='word_1_290' title='bbox 753 2866 804 2922; x_wconf 71' lang='grc' dir='ltr'><strong>ιιι</strong></span> <span class='ocrx_word' id='word_1_291' title='bbox 833 2861 875 2920; x_wconf 91' lang='lat' dir='ltr'><strong>ilii</strong></span> <span class='ocrx_word' id='word_1_292' title='bbox 898 2864 973 2922; x_wconf 89' lang='lat' dir='ltr'><strong>inter</strong></span> <span class='ocrx_word' id='word_1_293' title='bbox 995 2866 1188 2922; x_wconf 88' lang='lat' dir='ltr'><strong>instrumenta</strong></span> <span class='ocrx_word' id='word_1_294' title='bbox 1209 2871 1263 2923; x_wconf 84' lang='lat' dir='ltr'><strong>est</strong></span> <span class='ocrx_word' id='word_1_295' title='bbox 1307 2863 1345 2921; x_wconf 83' lang='lat' dir='ltr'><strong>Et</strong></span> <span class='ocrx_word' id='word_1_296' title='bbox 1373 2880 1461 2938; x_wconf 86' lang='lat' dir='ltr'><strong>quum</strong></span> <span class='ocrx_word' id='word_1_297' title='bbox 1491 2871 1523 2922; x_wconf 90' lang='lat' dir='ltr'><strong>tu</strong></span> <span class='ocrx_word' id='word_1_298' title='bbox 1546 2862 1619 2922; x_wconf 86' lang='lat' dir='ltr'><strong>dicis</strong></span> <span class='ocrx_word' id='word_1_299' title='bbox 1649 2864 1740 2920; x_wconf 78' lang='grc' dir='ltr'>ιίιιιιι</span> 
     </span>
     <span class='ocr_line' id='line_1_29' title="bbox 395 2949 1741 3028; baseline 0.001 -21"><span class='ocrx_word' id='word_1_300' title='bbox 395 2952 425 3007; x_wconf 90' lang='lat' dir='ltr'><strong>iu</strong></span> <span class='ocrx_word' id='word_1_301' title='bbox 449 2953 534 3026; x_wconf 84' lang='lat' dir='ltr'><strong>equis</strong></span> <span class='ocrx_word' id='word_1_302' title='bbox 556 2958 586 3010; x_wconf 89' lang='lat' dir='ltr'><strong>et</strong></span> <span class='ocrx_word' id='word_1_303' title='bbox 609 2949 715 3009; x_wconf 77' lang='lat' dir='ltr'><strong>terris?</strong></span> <span class='ocrx_word' id='word_1_304' title='bbox 759 2949 862 3009; x_wconf 86' lang='lat' dir='ltr'><strong>Nonne</strong></span> <span class='ocrx_word' id='word_1_305' title='bbox 885 2954 981 3027; x_wconf 90' lang='lat' dir='ltr'><strong>pisces</strong></span> <span class='ocrx_word' id='word_1_306' title='bbox 1002 2952 1101 3010; x_wconf 90' lang='lat' dir='ltr'><strong>innuis</strong></span> <span class='ocrx_word' id='word_1_307' title='bbox 1124 2950 1194 3024; x_wconf 88' lang='lat' dir='ltr'><strong>illic,</strong></span> <span class='ocrx_word' id='word_1_308' title='bbox 1218 2949 1266 3009; x_wconf 93' lang='lat' dir='ltr'><strong>bic</strong></span> <span class='ocrx_word' id='word_1_309' title='bbox 1281 2950 1421 3028; x_wconf 77' lang='lat' dir='ltr'><strong>plautas?</strong></span> <span class='ocrx_word' id='word_1_310' title='bbox 1466 2949 1529 3026; x_wconf 86' lang='lat' dir='ltr'><strong>Ego</strong></span> <span class='ocrx_word' id='word_1_311' title='bbox 1545 2966 1616 3009; x_wconf 85' lang='lat' dir='ltr'><strong>vero</strong></span> <span class='ocrx_word' id='word_1_312' title='bbox 1639 2966 1741 3009; x_wconf 86' lang='lat' dir='ltr'><strong>vocem</strong></span> 
     </span>
     <span class='ocr_line' id='line_1_30' title="bbox 394 3022 1741 3113; baseline -0.001 -18"><span class='ocrx_word' id='word_1_313' title='bbox 394 3036 463 3095; x_wconf 89' lang='lat' dir='ltr'><strong>olim</strong></span> <span class='ocrx_word' id='word_1_314' title='bbox 488 3038 642 3097; x_wconf 87' lang='lat' dir='ltr'><strong>obscuram</strong></span> <span class='ocrx_word' id='word_1_315' title='bbox 665 3054 684 3096; x_wconf 87' lang='lat' dir='ltr'><strong>u</strong></span> <span class='ocrx_word' id='word_1_316' title='bbox 706 3022 846 3113; x_wconf 81' lang='lat' dir='ltr'><strong>chymicis</strong></span> <span class='ocrx_word' id='word_1_317' title='bbox 869 3041 927 3097; x_wconf 87' lang='lat' dir='ltr'><strong>tuis</strong></span> <span class='ocrx_word' id='word_1_318' title='bbox 949 3038 1055 3113; x_wconf 87' lang='lat' dir='ltr'><strong>hausi,</strong></span> <span class='ocrx_word' id='word_1_319' title='bbox 1078 3038 1157 3098; x_wconf 84' lang='lat' dir='ltr'><strong>Solis</strong></span> <span class='ocrx_word' id='word_1_320' title='bbox 1173 3055 1237 3098; x_wconf 89' lang='lat' dir='ltr'><strong>esse</strong></span> <span class='ocrx_word' id='word_1_321' title='bbox 1253 3036 1443 3111; x_wconf 90' lang='lat' dir='ltr'><strong>beneficium,</strong></span> <span class='ocrx_word' id='word_1_322' title='bbox 1466 3054 1523 3097; x_wconf 92' lang='lat' dir='ltr'><strong>non</strong></span> <span class='ocrx_word' id='word_1_323' title='bbox 1546 3039 1639 3111; x_wconf 75' lang='lat' dir='ltr'><strong>airis,</strong></span> <span class='ocrx_word' id='word_1_324' title='bbox 1662 3036 1741 3113; x_wconf 84' lang='lat' dir='ltr'><strong>quod</strong></span> 
     </span>
     <span class='ocr_line' id='line_1_31' title="bbox 391 3123 1741 3204; baseline -0.001 -21"><span class='ocrx_word' id='word_1_325' title='bbox 391 3140 472 3183; x_wconf 86' lang='lat' dir='ltr'><strong>maro</strong></span> <span class='ocrx_word' id='word_1_326' title='bbox 495 3133 607 3185; x_wconf 79' lang='lat' dir='ltr'><strong>scateat</strong></span> <span class='ocrx_word' id='word_1_327' title='bbox 628 3128 781 3198; x_wconf 84' lang='lat' dir='ltr'><strong>monstris,</strong></span> <span class='ocrx_word' id='word_1_328' title='bbox 814 3125 892 3201; x_wconf 90' lang='lat' dir='ltr'><strong>quod</strong></span> <span class='ocrx_word' id='word_1_329' title='bbox 915 3135 992 3186; x_wconf 90' lang='lat' dir='ltr'><strong>terra</strong></span> <span class='ocrx_word' id='word_1_330' title='bbox 1010 3127 1129 3204; x_wconf 86' lang='lat' dir='ltr'><strong>plautas</strong></span> <span class='ocrx_word' id='word_1_331' title='bbox 1160 3126 1222 3185; x_wconf 89' lang='lat' dir='ltr'><strong>eine</strong></span> <span class='ocrx_word' id='word_1_332' title='bbox 1244 3126 1370 3199; x_wconf 87' lang='lat' dir='ltr'><strong>semine,</strong></span> <span class='ocrx_word' id='word_1_333' title='bbox 1405 3123 1484 3199; x_wconf 89' lang='lat' dir='ltr'><strong>qnod</strong></span> <span class='ocrx_word' id='word_1_334' title='bbox 1506 3124 1630 3200; x_wconf 85' lang='lat' dir='ltr'><strong>lacuna,</strong></span> <span class='ocrx_word' id='word_1_335' title='bbox 1662 3123 1741 3184; x_wconf 80' lang='lat' dir='ltr'><strong>Solle</strong></span> 
     </span>
     <span class='ocr_line' id='line_1_32' title="bbox 393 3210 1739 3290; baseline -0.001 -19"><span class='ocrx_word' id='word_1_336' title='bbox 393 3210 545 3271; x_wconf 90' lang='lat' dir='ltr'><strong>ardoribus</strong></span> <span class='ocrx_word' id='word_1_337' title='bbox 567 3213 727 3289; x_wconf 84' lang='lat' dir='ltr'><strong>tepefacta,</strong></span> <span class='ocrx_word' id='word_1_338' title='bbox 755 3229 852 3271; x_wconf 89' lang='lat' dir='ltr'><strong>mures</strong></span> <span class='ocrx_word' id='word_1_339' title='bbox 875 3213 1027 3290; x_wconf 83' lang='lat' dir='ltr'><strong>producet</strong></span> <span class='ocrx_word' id='word_1_340' title='bbox 1072 3211 1227 3288; x_wconf 82' lang='lat' dir='ltr'><strong>Quomodo</strong></span> <span class='ocrx_word' id='word_1_341' title='bbox 1250 3215 1341 3271; x_wconf 82' lang='lat' dir='ltr'><strong>ritant</strong></span> <span class='ocrx_word' id='word_1_342' title='bbox 1364 3211 1429 3271; x_wconf 87' lang='lat' dir='ltr'><strong>aliis</strong></span> <span class='ocrx_word' id='word_1_343' title='bbox 1453 3211 1534 3271; x_wconf 85' lang='lat' dir='ltr'><strong>dabit</strong></span> <span class='ocrx_word' id='word_1_344' title='bbox 1556 3216 1624 3284; x_wconf 80' lang='lat' dir='ltr'><strong>adr,</strong></span> <span class='ocrx_word' id='word_1_345' title='bbox 1653 3229 1739 3288; x_wconf 89' lang='lat' dir='ltr'><strong>quam</strong></span> 
     </span>
     <span class='ocr_line' id='line_1_33' title="bbox 390 3298 1739 3377; baseline 0.001 -20"><span class='ocrx_word' id='word_1_346' title='bbox 390 3315 449 3357; x_wconf 92' lang='lat' dir='ltr'><strong>non</strong></span> <span class='ocrx_word' id='word_1_347' title='bbox 472 3298 562 3358; x_wconf 88' lang='lat' dir='ltr'><strong>babet</strong></span> <span class='ocrx_word' id='word_1_348' title='bbox 583 3300 667 3376; x_wconf 80' lang='lat' dir='ltr'><strong>ipse?</strong></span> <span class='ocrx_word' id='word_1_349' title='bbox 712 3298 775 3359; x_wconf 86' lang='lat' dir='ltr'><strong>Nisi</strong></span> <span class='ocrx_word' id='word_1_350' title='bbox 806 3308 836 3358; x_wconf 91' lang='lat' dir='ltr'><strong>tu</strong></span> <span class='ocrx_word' id='word_1_351' title='bbox 859 3301 915 3359; x_wconf 91' lang='lat' dir='ltr'><strong>snb</strong></span> <span class='ocrx_word' id='word_1_352' title='bbox 946 3303 1022 3360; x_wconf 79' lang='lat' dir='ltr'><strong>aiiris</strong></span> <span class='ocrx_word' id='word_1_353' title='bbox 1045 3317 1118 3360; x_wconf 89' lang='lat' dir='ltr'><strong>voce</strong></span> <span class='ocrx_word' id='word_1_354' title='bbox 1148 3301 1233 3359; x_wconf 89' lang='lat' dir='ltr'><strong>nobis</strong></span> <span class='ocrx_word' id='word_1_355' title='bbox 1260 3300 1410 3377; x_wconf 90' lang='lat' dir='ltr'><strong>quippiam</strong></span> <span class='ocrx_word' id='word_1_356' title='bbox 1442 3298 1570 3357; x_wconf 72' lang='lat' dir='ltr'><strong>diunius</strong></span> <span class='ocrx_word' id='word_1_357' title='bbox 1592 3299 1739 3371; x_wconf 74' lang='lat' dir='ltr'><strong>obtrudat,</strong></span> 
     </span>
     <span class='ocr_line' id='line_1_34' title="bbox 392 3385 1740 3464; baseline -0.001 -19"><span class='ocrx_word' id='word_1_358' title='bbox 392 3402 481 3462; x_wconf 82' lang='lat' dir='ltr'><strong>quam</strong></span> <span class='ocrx_word' id='word_1_359' title='bbox 503 3394 548 3446; x_wconf 91' lang='lat' dir='ltr'><strong>est</strong></span> <span class='ocrx_word' id='word_1_360' title='bbox 570 3388 625 3445; x_wconf 87' lang='lat' dir='ltr'><strong>iste</strong></span> <span class='ocrx_word' id='word_1_361' title='bbox 647 3403 702 3446; x_wconf 91' lang='lat' dir='ltr'><strong>uos</strong></span> <span class='ocrx_word' id='word_1_362' title='bbox 724 3388 925 3461; x_wconf 88' lang='lat' dir='ltr'><strong>circumstans,</strong></span> <span class='ocrx_word' id='word_1_363' title='bbox 949 3406 985 3447; x_wconf 86' lang='lat' dir='ltr'><strong>ex</strong></span> <span class='ocrx_word' id='word_1_364' title='bbox 1007 3388 1178 3447; x_wconf 87' lang='lat' dir='ltr'><strong>humoribus</strong></span> <span class='ocrx_word' id='word_1_365' title='bbox 1200 3397 1381 3448; x_wconf 81' lang='lat' dir='ltr'><strong>extenuatus</strong></span> <span class='ocrx_word' id='word_1_366' title='bbox 1397 3403 1498 3464; x_wconf 85' lang='lat' dir='ltr'><strong>vapor.</strong></span> <span class='ocrx_word' id='word_1_367' title='bbox 1543 3385 1621 3460; x_wconf 83' lang='lat' dir='ltr'><strong>Scio,</strong></span> <span class='ocrx_word' id='word_1_368' title='bbox 1645 3389 1740 3463; x_wconf 82' lang='lat' dir='ltr'><strong>pisces</strong></span> 
     </span>
     <span class='ocr_line' id='line_1_35' title="bbox 391 3474 1740 3550; baseline -0.001 -19"><span class='ocrx_word' id='word_1_369' title='bbox 391 3477 488 3532; x_wconf 78' lang='lat' dir='ltr'><strong>uiircm</strong></span> <span class='ocrx_word' id='word_1_370' title='bbox 512 3475 660 3534; x_wconf 88' lang='lat' dir='ltr'><strong>continere</strong></span> <span class='ocrx_word' id='word_1_371' title='bbox 682 3476 712 3532; x_wconf 91' lang='lat' dir='ltr'><strong>iu</strong></span> <span class='ocrx_word' id='word_1_372' title='bbox 734 3477 882 3550; x_wconf 85' lang='lat' dir='ltr'><strong>geminata</strong></span> <span class='ocrx_word' id='word_1_373' title='bbox 904 3478 1013 3550; x_wconf 86' lang='lat' dir='ltr'><strong>vesica,</strong></span> <span class='ocrx_word' id='word_1_374' title='bbox 1036 3474 1089 3535; x_wconf 91' lang='lat' dir='ltr'><strong>sed</strong></span> <span class='ocrx_word' id='word_1_375' title='bbox 1111 3492 1187 3550; x_wconf 86' lang='lat' dir='ltr'><strong>quae</strong></span> <span class='ocrx_word' id='word_1_376' title='bbox 1209 3475 1267 3534; x_wconf 91' lang='lat' dir='ltr'><strong>illis</strong></span> <span class='ocrx_word' id='word_1_377' title='bbox 1290 3478 1511 3533; x_wconf 86' lang='lat' dir='ltr'><strong>instrumentum</strong></span> <span class='ocrx_word' id='word_1_378' title='bbox 1527 3480 1572 3532; x_wconf 90' lang='lat' dir='ltr'><strong>est</strong></span> <span class='ocrx_word' id='word_1_379' title='bbox 1594 3482 1691 3532; x_wconf 87' lang='lat' dir='ltr'><strong>motus</strong></span> <span class='ocrx_word' id='word_1_380' title='bbox 1712 3482 1740 3533; x_wconf 90' lang='lat' dir='ltr'><strong>et</strong></span> 
     </span>
     <span class='ocr_line' id='line_1_36' title="bbox 392 3552 1740 3641; baseline 0.001 -24"><span class='ocrx_word' id='word_1_381' title='bbox 392 3562 516 3636; x_wconf 85' lang='lat' dir='ltr'><strong>quletis,</strong></span> <span class='ocrx_word' id='word_1_382' title='bbox 548 3568 577 3621; x_wconf 93' lang='lat' dir='ltr'><strong>et</strong></span> <span class='ocrx_word' id='word_1_383' title='bbox 600 3560 753 3638; x_wconf 88' lang='lat' dir='ltr'><strong>cujusdam</strong></span> <span class='ocrx_word' id='word_1_384' title='bbox 777 3564 861 3638; x_wconf 86' lang='lat' dir='ltr'><strong>quasi</strong></span> <span class='ocrx_word' id='word_1_385' title='bbox 884 3565 1084 3641; x_wconf 90' lang='lat' dir='ltr'><strong>suspensionis</strong></span> <span class='ocrx_word' id='word_1_386' title='bbox 1106 3561 1248 3621; x_wconf 84' lang='lat' dir='ltr'><strong>rrutnralis</strong></span> <span class='ocrx_word' id='word_1_387' title='bbox 1271 3580 1307 3622; x_wconf 86' lang='lat' dir='ltr'><strong>ex</strong></span> <span class='ocrx_word' id='word_1_388' title='bbox 1329 3578 1425 3637; x_wconf 83' lang='lat' dir='ltr'><strong>aquae</strong></span> <span class='ocrx_word' id='word_1_389' title='bbox 1447 3560 1616 3638; x_wconf 81' lang='lat' dir='ltr'><strong>superficie3</strong></span> <span class='ocrx_word' id='word_1_390' title='bbox 1642 3552 1740 3637; x_wconf 70' lang='lat' dir='ltr'><strong>itaque</strong></span> 
     </span>
     <span class='ocr_line' id='line_1_37' title="bbox 390 3648 1740 3726; baseline 0.002 -21"><span class='ocrx_word' id='word_1_391' title='bbox 390 3655 482 3707; x_wconf 86' lang='lat' dir='ltr'><strong>restat</strong></span> <span class='ocrx_word' id='word_1_392' title='bbox 504 3650 541 3708; x_wconf 92' lang='lat' dir='ltr'><strong>ils</strong></span> <span class='ocrx_word' id='word_1_393' title='bbox 563 3648 611 3708; x_wconf 90' lang='lat' dir='ltr'><strong>bic</strong></span> <span class='ocrx_word' id='word_1_394' title='bbox 633 3652 684 3708; x_wconf 82' lang='lat' dir='ltr'><strong>eiir</strong></span> <span class='ocrx_word' id='word_1_395' title='bbox 705 3652 811 3709; x_wconf 76' lang='lat' dir='ltr'><strong>vesicis</strong></span> <span class='ocrx_word' id='word_1_396' title='bbox 833 3649 963 3725; x_wconf 83' lang='lat' dir='ltr'><strong>inclusis,</strong></span> <span class='ocrx_word' id='word_1_397' title='bbox 988 3653 1075 3711; x_wconf 84' lang='lat' dir='ltr'><strong>ctiam</strong></span> <span class='ocrx_word' id='word_1_398' title='bbox 1099 3667 1164 3709; x_wconf 93' lang='lat' dir='ltr'><strong>cum</strong></span> <span class='ocrx_word' id='word_1_399' title='bbox 1180 3651 1279 3710; x_wconf 86' lang='lat' dir='ltr'><strong>anima</strong></span> <span class='ocrx_word' id='word_1_400' title='bbox 1293 3651 1418 3709; x_wconf 65' lang='lat' dir='ltr'><strong>excessit</strong></span> <span class='ocrx_word' id='word_1_401' title='bbox 1433 3664 1598 3726; x_wconf 88' lang='lat' dir='ltr'><strong>corpusque</strong></span> <span class='ocrx_word' id='word_1_402' title='bbox 1608 3651 1740 3708; x_wconf 79' lang='lat' dir='ltr'><strong>exanime</strong></span> 
     </span>
     <span class='ocr_line' id='line_1_38' title="bbox 391 3734 1738 3813; baseline 0 -19"><span class='ocrx_word' id='word_1_403' title='bbox 391 3734 535 3812; x_wconf 87' lang='lat' dir='ltr'><strong>dependet</strong></span> <span class='ocrx_word' id='word_1_404' title='bbox 560 3737 622 3812; x_wconf 76' lang='lat' dir='ltr'><strong>iem</strong></span> <span class='ocrx_word' id='word_1_405' title='bbox 645 3753 663 3795; x_wconf 87' lang='grc' dir='ltr'><strong>ι</strong></span> <span class='ocrx_word' id='word_1_406' title='bbox 687 3745 803 3811; x_wconf 87' lang='lat' dir='ltr'><strong>ventre,</strong></span> <span class='ocrx_word' id='word_1_407' title='bbox 834 3739 884 3813; x_wconf 89' lang='lat' dir='ltr'><strong>qni</strong></span> <span class='ocrx_word' id='word_1_408' title='bbox 908 3741 1038 3798; x_wconf 86' lang='lat' dir='ltr'><strong>vesicam</strong></span> <span class='ocrx_word' id='word_1_409' title='bbox 1067 3737 1144 3798; x_wconf 84' lang='lat' dir='ltr'><strong>hanc</strong></span> <span class='ocrx_word' id='word_1_410' title='bbox 1166 3741 1312 3811; x_wconf 91' lang='lat' dir='ltr'><strong>continet,</strong></span> <span class='ocrx_word' id='word_1_411' title='bbox 1344 3753 1410 3796; x_wconf 90' lang='lat' dir='ltr'><strong>cum</strong></span> <span class='ocrx_word' id='word_1_412' title='bbox 1433 3738 1513 3812; x_wconf 89' lang='lat' dir='ltr'><strong>prius</strong></span> <span class='ocrx_word' id='word_1_413' title='bbox 1544 3734 1574 3795; x_wconf 95' lang='lat' dir='ltr'><strong>id</strong></span> <span class='ocrx_word' id='word_1_414' title='bbox 1597 3734 1738 3796; x_wconf 88' lang='lat' dir='ltr'><strong>beneflcio</strong></span> 
     </span>
     <span class='ocr_line' id='line_1_39' title="bbox 389 3821 1739 3886; baseline -0.001 -4"><span class='ocrx_word' id='word_1_415' title='bbox 389 3824 504 3883; x_wconf 84' lang='lat' dir='ltr'><strong>animae</strong></span> <span class='ocrx_word' id='word_1_416' title='bbox 534 3827 676 3885; x_wconf 86' lang='lat' dir='ltr'><strong>niteretur</strong></span> <span class='ocrx_word' id='word_1_417' title='bbox 704 3824 875 3885; x_wconf 90' lang='lat' dir='ltr'><strong>incumbens</strong></span> <span class='ocrx_word' id='word_1_418' title='bbox 907 3829 1002 3885; x_wconf 86' lang='lat' dir='ltr'><strong>ventri</strong></span> <span class='ocrx_word' id='word_1_419' title='bbox 1032 3833 1062 3886; x_wconf 89' lang='lat' dir='ltr'><strong>et</strong></span> <span class='ocrx_word' id='word_1_420' title='bbox 1083 3832 1280 3885; x_wconf 90' lang='lat' dir='ltr'><strong>sustentatum</strong></span> <span class='ocrx_word' id='word_1_421' title='bbox 1308 3824 1347 3883; x_wconf 89' lang='lat' dir='ltr'><strong>ab</strong></span> <span class='ocrx_word' id='word_1_422' title='bbox 1369 3840 1414 3883; x_wconf 88' lang='lat' dir='ltr'><strong>eo.</strong></span> <span class='ocrx_word' id='word_1_423' title='bbox 1461 3822 1544 3882; x_wconf 72' lang='lat' dir='ltr'><strong>Adeo</strong></span> <span class='ocrx_word' id='word_1_424' title='bbox 1576 3821 1671 3883; x_wconf 88' lang='lat' dir='ltr'><strong>differt</strong></span> <span class='ocrx_word' id='word_1_425' title='bbox 1692 3825 1739 3881; x_wconf 92' lang='lat' dir='ltr'><strong>in-</strong></span> 
     </span>
     <span class='ocr_line' id='line_1_40' title="bbox 392 3909 1739 3986; baseline -0.001 -17"><span class='ocrx_word' id='word_1_426' title='bbox 392 3918 585 3971; x_wconf 88' lang='lat' dir='ltr'><strong>strumentum</strong></span> <span class='ocrx_word' id='word_1_427' title='bbox 606 3929 625 3970; x_wconf 88' lang='grc' dir='ltr'><strong>ι</strong></span> <span class='ocrx_word' id='word_1_428' title='bbox 645 3919 774 3986; x_wconf 82' lang='lat' dir='ltr'><strong>molere,</strong></span> <span class='ocrx_word' id='word_1_429' title='bbox 806 3916 857 3971; x_wconf 80' lang='lat' dir='ltr'><strong>alit</strong></span> <span class='ocrx_word' id='word_1_430' title='bbox 886 3913 925 3971; x_wconf 84' lang='lat' dir='ltr'><strong>ab</strong></span> <span class='ocrx_word' id='word_1_431' title='bbox 948 3917 1053 3973; x_wconf 86' lang='lat' dir='ltr'><strong>anime.</strong></span> <span class='ocrx_word' id='word_1_432' title='bbox 1099 3912 1167 3972; x_wconf 90' lang='lat' dir='ltr'><strong>Scio</strong></span> <span class='ocrx_word' id='word_1_433' title='bbox 1197 3915 1300 3985; x_wconf 86' lang='lat' dir='ltr'><strong>etiam,</strong></span> <span class='ocrx_word' id='word_1_434' title='bbox 1333 3910 1474 3971; x_wconf 83' lang='lat' dir='ltr'><strong>animalis</strong></span> <span class='ocrx_word' id='word_1_435' title='bbox 1499 3909 1642 3970; x_wconf 88' lang='lat' dir='ltr'><strong>beneflcio</strong></span> <span class='ocrx_word' id='word_1_436' title='bbox 1665 3911 1739 3969; x_wconf 71' lang='lat' dir='ltr'><strong>aeris</strong></span> 
     </span>
     <span class='ocr_line' id='line_1_41' title="bbox 392 3999 1739 4078; baseline -0.001 -21"><span class='ocrx_word' id='word_1_437' title='bbox 392 4001 519 4059; x_wconf 86' lang='lat' dir='ltr'><strong>animam</strong></span> <span class='ocrx_word' id='word_1_438' title='bbox 541 4000 672 4074; x_wconf 88' lang='lat' dir='ltr'><strong>retinere,</strong></span> <span class='ocrx_word' id='word_1_439' title='bbox 696 3999 854 4060; x_wconf 91' lang='lat' dir='ltr'><strong>intercluso</strong></span> <span class='ocrx_word' id='word_1_440' title='bbox 876 3999 928 4059; x_wconf 92' lang='lat' dir='ltr'><strong>illo</strong></span> <span class='ocrx_word' id='word_1_441' title='bbox 952 4004 1113 4078; x_wconf 81' lang='lat' dir='ltr'><strong>exspirare3</strong></span> <span class='ocrx_word' id='word_1_442' title='bbox 1137 4017 1194 4059; x_wconf 95' lang='lat' dir='ltr'><strong>non</strong></span> <span class='ocrx_word' id='word_1_443' title='bbox 1216 4007 1382 4060; x_wconf 89' lang='lat' dir='ltr'><strong>esttamen</strong></span> <span class='ocrx_word' id='word_1_444' title='bbox 1404 4002 1455 4058; x_wconf 81' lang='lat' dir='ltr'><strong>adr</strong></span> <span class='ocrx_word' id='word_1_445' title='bbox 1468 4000 1566 4057; x_wconf 86' lang='lat' dir='ltr'><strong>anima</strong></span> <span class='ocrx_word' id='word_1_446' title='bbox 1589 3999 1662 4076; x_wconf 88' lang='lat' dir='ltr'><strong>ipsa,</strong></span> <span class='ocrx_word' id='word_1_447' title='bbox 1686 4014 1739 4057; x_wconf 91' lang='lat' dir='ltr'><strong>nec</strong></span> 
     </span>
     <span class='ocr_line' id='line_1_42' title="bbox 394 4084 1739 4163; baseline 0 -18"><span class='ocrx_word' id='word_1_448' title='bbox 394 4088 486 4145; x_wconf 84' lang='lat' dir='ltr'><strong>vitem</strong></span> <span class='ocrx_word' id='word_1_449' title='bbox 509 4085 560 4145; x_wconf 89' lang='lat' dir='ltr'><strong>dat</strong></span> <span class='ocrx_word' id='word_1_450' title='bbox 581 4089 749 4163; x_wconf 82' lang='lat' dir='ltr'><strong>inspiratus,</strong></span> <span class='ocrx_word' id='word_1_451' title='bbox 772 4087 823 4146; x_wconf 91' lang='lat' dir='ltr'><strong>sed</strong></span> <span class='ocrx_word' id='word_1_452' title='bbox 848 4087 972 4149; x_wconf 83' lang='lat' dir='ltr'><strong>ventilat</strong></span> <span class='ocrx_word' id='word_1_453' title='bbox 994 4090 1141 4148; x_wconf 87' lang='lat' dir='ltr'><strong>flammam</strong></span> <span class='ocrx_word' id='word_1_454' title='bbox 1156 4089 1235 4147; x_wconf 88' lang='lat' dir='ltr'><strong>vitae</strong></span> <span class='ocrx_word' id='word_1_455' title='bbox 1259 4089 1287 4145; x_wconf 96' lang='lat' dir='ltr'><strong>in</strong></span> <span class='ocrx_word' id='word_1_456' title='bbox 1306 4086 1402 4147; x_wconf 89' lang='lat' dir='ltr'><strong>cordis</strong></span> <span class='ocrx_word' id='word_1_457' title='bbox 1417 4086 1538 4145; x_wconf 79' lang='lat' dir='ltr'><strong>latebris</strong></span> <span class='ocrx_word' id='word_1_458' title='bbox 1559 4084 1739 4161; x_wconf 81' lang='lat' dir='ltr'><strong>flagrantem,</strong></span> 
     </span>
     <span class='ocr_line' id='line_1_43' title="bbox 392 4173 1740 4252; baseline -0.001 -21"><span class='ocrx_word' id='word_1_459' title='bbox 392 4180 533 4250; x_wconf 82' lang='lat' dir='ltr'><strong>vetatque</strong></span> <span class='ocrx_word' id='word_1_460' title='bbox 555 4190 591 4233; x_wconf 89' lang='lat' dir='ltr'><strong>ne</strong></span> <span class='ocrx_word' id='word_1_461' title='bbox 614 4173 664 4232; x_wconf 85' lang='lat' dir='ltr'><strong>illa</strong></span> <span class='ocrx_word' id='word_1_462' title='bbox 687 4191 719 4233; x_wconf 90' lang='lat' dir='ltr'><strong>se</strong></span> <span class='ocrx_word' id='word_1_463' title='bbox 741 4176 837 4252; x_wconf 90' lang='lat' dir='ltr'><strong>ipsam</strong></span> <span class='ocrx_word' id='word_1_464' title='bbox 859 4183 963 4252; x_wconf 90' lang='lat' dir='ltr'><strong>suapte</strong></span> <span class='ocrx_word' id='word_1_465' title='bbox 985 4176 1107 4252; x_wconf 86' lang='lat' dir='ltr'><strong>fuligine</strong></span> <span class='ocrx_word' id='word_1_466' title='bbox 1130 4176 1262 4250; x_wconf 89' lang='lat' dir='ltr'><strong>suffocet,</strong></span> <span class='ocrx_word' id='word_1_467' title='bbox 1285 4175 1460 4234; x_wconf 85' lang='lat' dir='ltr'><strong>suffocatam</strong></span> <span class='ocrx_word' id='word_1_468' title='bbox 1483 4182 1535 4233; x_wconf 85' lang='lat' dir='ltr'><strong>cut</strong></span> <span class='ocrx_word' id='word_1_469' title='bbox 1556 4189 1614 4231; x_wconf 90' lang='lat' dir='ltr'><strong>non</strong></span> <span class='ocrx_word' id='word_1_470' title='bbox 1634 4173 1740 4233; x_wconf 88' lang='lat' dir='ltr'><strong>ardeu-</strong></span> 
     </span>
     <span class='ocr_line' id='line_1_44' title="bbox 389 4260 1739 4340; baseline 0.001 -21"><span class='ocrx_word' id='word_1_471' title='bbox 389 4266 449 4320; x_wconf 87' lang='lat' dir='ltr'><strong>teln</strong></span> <span class='ocrx_word' id='word_1_472' title='bbox 463 4262 527 4336; x_wconf 87' lang='lat' dir='ltr'><strong>ipse</strong></span> <span class='ocrx_word' id='word_1_473' title='bbox 541 4277 691 4336; x_wconf 84' lang='lat' dir='ltr'><strong>nunquam</strong></span> <span class='ocrx_word' id='word_1_474' title='bbox 713 4261 789 4321; x_wconf 91' lang='lat' dir='ltr'><strong>ultro</strong></span> <span class='ocrx_word' id='word_1_475' title='bbox 812 4263 962 4340; x_wconf 66' lang='lat' dir='ltr'><strong>incenditp</strong></span> <span class='ocrx_word' id='word_1_476' title='bbox 987 4265 1079 4324; x_wconf 88' lang='lat' dir='ltr'><strong>multo</strong></span> <span class='ocrx_word' id='word_1_477' title='bbox 1102 4266 1197 4322; x_wconf 89' lang='lat' dir='ltr'><strong>minus</strong></span> <span class='ocrx_word' id='word_1_478' title='bbox 1220 4265 1283 4322; x_wconf 85' lang='lat' dir='ltr'><strong>rita</strong></span> <span class='ocrx_word' id='word_1_479' title='bbox 1304 4264 1366 4339; x_wconf 88' lang='lat' dir='ltr'><strong>ipse</strong></span> <span class='ocrx_word' id='word_1_480' title='bbox 1381 4270 1426 4320; x_wconf 87' lang='lat' dir='ltr'><strong>est</strong></span> <span class='ocrx_word' id='word_1_481' title='bbox 1447 4269 1499 4320; x_wconf 86' lang='lat' dir='ltr'><strong>aut</strong></span> <span class='ocrx_word' id='word_1_482' title='bbox 1514 4260 1552 4319; x_wconf 90' lang='lat' dir='ltr'><strong>ab</strong></span> <span class='ocrx_word' id='word_1_483' title='bbox 1567 4261 1633 4336; x_wconf 91' lang='lat' dir='ltr'><strong>ipso</strong></span> <span class='ocrx_word' id='word_1_484' title='bbox 1648 4267 1739 4320; x_wconf 74' lang='lat' dir='ltr'><strong>cocta</strong></span> 
     </span>
     <span class='ocr_line' id='line_1_45' title="bbox 390 4347 1739 4427; baseline -0.001 -21"><span class='ocrx_word' id='word_1_485' title='bbox 390 4348 436 4408; x_wconf 90' lang='lat' dir='ltr'><strong>De</strong></span> <span class='ocrx_word' id='word_1_486' title='bbox 458 4348 566 4427; x_wconf 89' lang='lat' dir='ltr'><strong>plantis</strong></span> <span class='ocrx_word' id='word_1_487' title='bbox 588 4347 660 4407; x_wconf 89' lang='lat' dir='ltr'><strong>nibil</strong></span> <span class='ocrx_word' id='word_1_488' title='bbox 683 4348 778 4410; x_wconf 85' lang='lat' dir='ltr'><strong>sirnile</strong></span> <span class='ocrx_word' id='word_1_489' title='bbox 802 4349 859 4410; x_wconf 89' lang='lat' dir='ltr'><strong>dici</strong></span> <span class='ocrx_word' id='word_1_490' title='bbox 881 4359 993 4427; x_wconf 82' lang='lat' dir='ltr'><strong>potest3</strong></span> <span class='ocrx_word' id='word_1_491' title='bbox 1020 4351 1116 4410; x_wconf 88' lang='lat' dir='ltr'><strong>nullas</strong></span> <span class='ocrx_word' id='word_1_492' title='bbox 1138 4353 1185 4411; x_wconf 88' lang='lat' dir='ltr'><strong>bic</strong></span> <span class='ocrx_word' id='word_1_493' title='bbox 1208 4353 1287 4409; x_wconf 81' lang='lat' dir='ltr'><strong>vites</strong></span> <span class='ocrx_word' id='word_1_494' title='bbox 1311 4357 1408 4427; x_wconf 87' lang='lat' dir='ltr'><strong>partes</strong></span> <span class='ocrx_word' id='word_1_495' title='bbox 1429 4356 1527 4408; x_wconf 93' lang='lat' dir='ltr'><strong>tuetur</strong></span> <span class='ocrx_word' id='word_1_496' title='bbox 1549 4352 1612 4421; x_wconf 82' lang='lat' dir='ltr'><strong>adr,</strong></span> <span class='ocrx_word' id='word_1_497' title='bbox 1647 4364 1683 4406; x_wconf 91' lang='lat' dir='ltr'><strong>ne</strong></span> <span class='ocrx_word' id='word_1_498' title='bbox 1706 4352 1739 4405; x_wconf 88' lang='lat' dir='ltr'><strong>ut</strong></span> 
     </span>
     <span class='ocr_line' id='line_1_46' title="bbox 390 4434 1739 4514; baseline -0.002 -19"><span class='ocrx_word' id='word_1_499' title='bbox 390 4438 613 4496; x_wconf 85' lang='lat' dir='ltr'><strong>instrumentum</strong></span> <span class='ocrx_word' id='word_1_500' title='bbox 629 4435 762 4512; x_wconf 89' lang='lat' dir='ltr'><strong>quidem;</strong></span> <span class='ocrx_word' id='word_1_501' title='bbox 786 4439 841 4495; x_wconf 91' lang='lat' dir='ltr'><strong>nisi</strong></span> <span class='ocrx_word' id='word_1_502' title='bbox 864 4440 893 4495; x_wconf 94' lang='lat' dir='ltr'><strong>in</strong></span> <span class='ocrx_word' id='word_1_503' title='bbox 910 4448 1051 4514; x_wconf 86' lang='lat' dir='ltr'><strong>quantum</strong></span> <span class='ocrx_word' id='word_1_504' title='bbox 1067 4439 1128 4514; x_wconf 89' lang='lat' dir='ltr'><strong>igni</strong></span> <span class='ocrx_word' id='word_1_505' title='bbox 1144 4446 1174 4497; x_wconf 92' lang='lat' dir='ltr'><strong>et</strong></span> <span class='ocrx_word' id='word_1_506' title='bbox 1186 4434 1320 4497; x_wconf 87' lang='lat' dir='ltr'><strong>flammae</strong></span> <span class='ocrx_word' id='word_1_507' title='bbox 1336 4434 1458 4495; x_wconf 89' lang='lat' dir='ltr'><strong>similior</strong></span> <span class='ocrx_word' id='word_1_508' title='bbox 1477 4444 1522 4494; x_wconf 88' lang='lat' dir='ltr'><strong>est</strong></span> <span class='ocrx_word' id='word_1_509' title='bbox 1537 4436 1598 4493; x_wconf 84' lang='lat' dir='ltr'><strong>vita</strong></span> <span class='ocrx_word' id='word_1_510' title='bbox 1614 4434 1739 4513; x_wconf 88' lang='lat' dir='ltr'><strong>plantae,</strong></span> 
     </span>
     <span class='ocr_line' id='line_1_47' title="bbox 391 4521 1497 4601; baseline -0.002 -19"><span class='ocrx_word' id='word_1_511' title='bbox 391 4541 480 4601; x_wconf 86' lang='lat' dir='ltr'><strong>quam</strong></span> <span class='ocrx_word' id='word_1_512' title='bbox 502 4524 577 4597; x_wconf 79' lang='lat' dir='ltr'><strong>sliri,</strong></span> <span class='ocrx_word' id='word_1_513' title='bbox 602 4531 631 4582; x_wconf 91' lang='lat' dir='ltr'><strong>et</strong></span> <span class='ocrx_word' id='word_1_514' title='bbox 654 4530 751 4583; x_wconf 72' lang='lat' dir='ltr'><strong>umen</strong></span> <span class='ocrx_word' id='word_1_515' title='bbox 775 4524 934 4585; x_wconf 88' lang='lat' dir='ltr'><strong>secundum</strong></span> <span class='ocrx_word' id='word_1_516' title='bbox 957 4534 986 4585; x_wconf 93' lang='lat' dir='ltr'><strong>te</strong></span> <span class='ocrx_word' id='word_1_517' title='bbox 1008 4530 1058 4585; x_wconf 88' lang='lat' dir='ltr'><strong>e&#39;e&#39;r</strong></span> <span class='ocrx_word' id='word_1_518' title='bbox 1081 4526 1169 4584; x_wconf 86' lang='lat' dir='ltr'><strong>etiarn</strong></span> <span class='ocrx_word' id='word_1_519' title='bbox 1190 4525 1298 4585; x_wconf 79' lang='lat' dir='ltr'><strong>Terrae</strong></span> <span class='ocrx_word' id='word_1_520' title='bbox 1321 4526 1413 4582; x_wconf 83' lang='lat' dir='ltr'><strong>vitem</strong></span> <span class='ocrx_word' id='word_1_521' title='bbox 1436 4521 1497 4583; x_wconf 88' lang='lat' dir='ltr'><strong>dat.</strong></span> 
     </span>
    </p>

    <p class='ocr_par' dir='ltr' id='par_1_6' title="bbox 391 4606 1740 4774">
     <span class='ocr_line' id='line_1_48' title="bbox 477 4606 1740 4689; baseline -0.002 -20"><span class='ocrx_word' id='word_1_522' title='bbox 477 4609 585 4669; x_wconf 77' lang='lat' dir='ltr'><strong>Mirum</strong></span> <span class='ocrx_word' id='word_1_523' title='bbox 608 4609 752 4687; x_wconf 85' lang='lat' dir='ltr'><strong>equidem,</strong></span> <span class='ocrx_word' id='word_1_524' title='bbox 775 4612 882 4672; x_wconf 77' lang='lat' dir='ltr'><strong>Terrae</strong></span> <span class='ocrx_word' id='word_1_525' title='bbox 906 4620 937 4671; x_wconf 91' lang='lat' dir='ltr'><strong>tu</strong></span> <span class='ocrx_word' id='word_1_526' title='bbox 961 4612 1013 4672; x_wconf 86' lang='lat' dir='ltr'><strong>dns</strong></span> <span class='ocrx_word' id='word_1_527' title='bbox 1037 4613 1138 4682; x_wconf 83' lang='lat' dir='ltr'><strong>vitam,</strong></span> <span class='ocrx_word' id='word_1_528' title='bbox 1165 4629 1262 4688; x_wconf 89' lang='lat' dir='ltr'><strong>neque</strong></span> <span class='ocrx_word' id='word_1_529' title='bbox 1284 4628 1331 4671; x_wconf 90' lang='lat' dir='ltr'><strong>me</strong></span> <span class='ocrx_word' id='word_1_530' title='bbox 1353 4612 1461 4689; x_wconf 87' lang='lat' dir='ltr'><strong>pateris</strong></span> <span class='ocrx_word' id='word_1_531' title='bbox 1484 4606 1579 4669; x_wconf 85' lang='lat' dir='ltr'><strong>eidem</strong></span> <span class='ocrx_word' id='word_1_532' title='bbox 1600 4608 1740 4685; x_wconf 85' lang='lat' dir='ltr'><strong>inspirare</strong></span> 
     </span>
     <span class='ocr_line' id='line_1_49' title="bbox 391 4698 838 4774; baseline 0.004 -19"><span class='ocrx_word' id='word_1_533' title='bbox 391 4713 476 4757; x_wconf 86' lang='lat' dir='ltr'><strong>suum</strong></span> <span class='ocrx_word' id='word_1_534' title='bbox 500 4698 641 4771; x_wconf 86' lang='lat' dir='ltr'><strong>unimam,</strong></span> <span class='ocrx_word' id='word_1_535' title='bbox 664 4715 724 4774; x_wconf 86' lang='lat' dir='ltr'><strong>qua</strong></span> <span class='ocrx_word' id='word_1_536' title='bbox 746 4701 838 4758; x_wconf 81' lang='lat' dir='ltr'><strong>vivat.</strong></span> 
     </span>
    </p>

    <p class='ocr_par' dir='ltr' id='par_1_7' title="bbox 392 4781 1738 4951">
     <span class='ocr_line' id='line_1_50' title="bbox 479 4781 1738 4861; baseline -0.003 -17"><span class='ocrx_word' id='word_1_537' title='bbox 479 4787 567 4844; x_wconf 71' lang='lat' dir='ltr'><strong>Anu</strong></span> <span class='ocrx_word' id='word_1_538' title='bbox 587 4792 687 4845; x_wconf 85' lang='lat' dir='ltr'><strong>monn</strong></span> <span class='ocrx_word' id='word_1_539' title='bbox 708 4803 729 4844; x_wconf 86' lang='lat' dir='ltr'><strong>u</strong></span> <span class='ocrx_word' id='word_1_540' title='bbox 755 4786 866 4845; x_wconf 70' lang='lat' dir='ltr'><strong>Terrae</strong></span> <span class='ocrx_word' id='word_1_541' title='bbox 884 4786 1046 4861; x_wconf 78' lang='lat' dir='ltr'><strong>procedere</strong></span> <span class='ocrx_word' id='word_1_542' title='bbox 1067 4788 1191 4861; x_wconf 79' lang='lat' dir='ltr'><strong>animo,</strong></span> <span class='ocrx_word' id='word_1_543' title='bbox 1222 4785 1279 4844; x_wconf 90' lang='lat' dir='ltr'><strong>boc</strong></span> <span class='ocrx_word' id='word_1_544' title='bbox 1295 4791 1339 4844; x_wconf 89' lang='lat' dir='ltr'><strong>cst</strong></span> <span class='ocrx_word' id='word_1_545' title='bbox 1361 4781 1450 4861; x_wconf 79' lang='lat' dir='ltr'><strong>paulo</strong></span> <span class='ocrx_word' id='word_1_546' title='bbox 1472 4781 1596 4843; x_wconf 87' lang='lat' dir='ltr'><strong>alienius</strong></span> <span class='ocrx_word' id='word_1_547' title='bbox 1618 4782 1738 4842; x_wconf 86' lang='lat' dir='ltr'><strong>verbum</strong></span> 
     </span>
     <span class='ocr_line' id='line_1_51' title="bbox 392 4868 1737 4951; baseline 0 -21"><span class='ocrx_word' id='word_1_548' title='bbox 392 4887 411 4930; x_wconf 86' lang='grc' dir='ltr'><strong>ι</strong></span> <span class='ocrx_word' id='word_1_549' title='bbox 432 4888 499 4933; x_wconf 84' lang='lat' dir='ltr'><strong>mee</strong></span> <span class='ocrx_word' id='word_1_550' title='bbox 519 4870 718 4949; x_wconf 86' lang='lat' dir='ltr'><strong>philosophia.</strong></span> <span class='ocrx_word' id='word_1_551' title='bbox 762 4871 889 4951; x_wconf 88' lang='lat' dir='ltr'><strong>Propius</strong></span> <span class='ocrx_word' id='word_1_552' title='bbox 911 4891 982 4935; x_wconf 85' lang='lat' dir='ltr'><strong>vcro</strong></span> <span class='ocrx_word' id='word_1_553' title='bbox 1004 4882 1049 4935; x_wconf 87' lang='lat' dir='ltr'><strong>est</strong></span> <span class='ocrx_word' id='word_1_554' title='bbox 1071 4873 1182 4945; x_wconf 85' lang='lat' dir='ltr'><strong>dicere,</strong></span> <span class='ocrx_word' id='word_1_555' title='bbox 1204 4873 1406 4949; x_wconf 83' lang='lat' dir='ltr'><strong>stiremglgul</strong></span> <span class='ocrx_word' id='word_1_556' title='bbox 1430 4871 1470 4932; x_wconf 87' lang='lat' dir='ltr'><strong>ab</strong></span> <span class='ocrx_word' id='word_1_557' title='bbox 1492 4872 1592 4931; x_wconf 82' lang='lat' dir='ltr'><strong>anima</strong></span> <span class='ocrx_word' id='word_1_558' title='bbox 1614 4868 1737 4946; x_wconf 75' lang='lat' dir='ltr'><strong>Terrac5</strong></span> 
     </span>
    </p>
   </div>
   <div class='ocr_carea' id='block_1_3' title="bbox 0 0 1947 5862">
    <p class='ocr_par' dir='ltr' id='par_1_8' title="bbox 0 0 1947 5862">
     <span class='ocr_line' id='line_1_52' title="bbox 0 0 1947 5862; baseline 0 0"><span class='ocrx_word' id='word_1_559' title='bbox 0 0 1947 5862; x_wconf 95' lang='lat' dir='ltr'><strong> </strong></span> 
     </span>
    </p>
   </div>
  </div>
 </body>
</html>
