3822 5866
403 402 467 462 496
694 356 701 379 ι
908 397 940 452 16
958 393 1133 452 Harmoniam
1151 392 1248 451 liuudi

387 562 460 629 'odii
484 586 575 638 causa,
602 570 650 627 sed
672 576 831 642 praetextus
852 568 923 640 juris
947 576 1014 626 erat.
1051 569 1123 627 Olim
1148 570 1239 639 ipsum
1265 575 1348 639 61666
1372 562 1554 623 Wieiandinm
1575 568 1756 637 prodideram

404 653 464 723 1166
487 668 551 709 vero
575 651 643 722 ipsis
662 666 735 707 eram
759 650 885 721 supplex,
908 657 939 706 nt
963 658 992 706 et
1013 649 1222 719 Ziegeibeusero
1236 650 1339 719 (pastori
1356 650 1496 700 wudbadu
1515 651 1599 717 1694).
1634 648 1757 705 116111666

404 735 532 797 (Magister
551 737 631 799 1699,
653 733 742 783 Pastor
758 733 875 782 Blablrae
894 734 973 796 1691,
991 730 1146 793 adalbergae
1166 728 1242 797 16961
1268 740 1312 781 me
1329 742 1384 783 nou
1401 724 1508 793 619661,
1535 726 1585 782 aed
1601 741 1653 796 ego
1669 726 1758 798 ipsum

407 812 507 881 potius.
544 809 633 866 Semel
651 810 722 864 enim
740 808 808 862 inita
825 823 931 864 mecum
950 807 1081 877 amicitia,
1104 815 1239 878 perpetuo
1256 822 1362 862 mecum
1383 802 1531 862 contendit
1566 804 1758 876 1166661166

403 891 457 960 ipsi
481 905 619 959 6666666
643 887 806 944 malefacere
834 887 941 953 studui,
966 887 1015 942 sed
1039 887 1149 942 oderam
1172 886 1258 956 ipsius
1287 883 1528 940 conversationem.
1571 884 1660 941 Gaura
1682 886 1760 956 jma

403 968 469 1038 fuit,
496 971 574 1040 quia,
601 966 691 1039 quoad
718 966 859 1035 affectum,
885 966 947 1036 plus
973 982 1055 1034 6666
1081 966 1213 1020 66616616
1236 966 1304 1030 1611,
1330 962 1421 1035 66661
1447 977 1545 1034 opera,
1573 981 1655 1038 pura,
1682 965 1758 1020 nullo

404 1050 587 1105 contaminata
611 1046 725 1118 flagitio.
768 1047 831 1102 Non
856 1045 910 1099 6116
934 1061 996 1100 cum
1024 1044 1081 1100 ullo
1104 1044 1192 1100 acrior
1218 1051 1266 1100 aut
1292 1043 1444 1100 diuturnior
1467 1044 1615 1099 contentio.
1656 1044 1759 1100 Braun-

403 1128 540 1183 baumium
560 1129 634 1196 (1166.
659 1131 726 1180 1699
755 1129 862 1190 „defecit
887 1128 919 1178 ad
937 1126 1088 1178 calvinistes
1109 1127 1304 1188 Heidelbergaa,
1331 1130 1404 1177 mort.
1435 1123 1681 1190 1699,)66616169
1694 1123 1761 1178 mihi

403 1206 523 1263 reddidit
539 1205 675 1263 infensum
692 1205 838 1276 ipsumque
856 1203 921 1258 mihi
938 1202 1118 1273 6661161666
1134 1218 1239 1257 morum
1256 1207 1285 1257 61
1304 1198 1415 1256 ludendi
1431 1198 1553 1271 16661616,
1572 1216 1606 1256 ex
1625 1217 1679 1270 quo
1698 1208 1759 1258 orta

403 1285 457 1342 fuit
475 1286 610 1356 utrimque
627 1284 733 1354 injusta
750 1283 925 1355 permutatio,
945 1298 1072 1351 666666
1089 1297 1119 1337 re
1136 1278 1371 1336 vehementissime
1389 1277 1519 1334 offendor.

494 1363 767 1420 Η611661666666
787 1362 952 1418 abalienavit
970 1361 1086 1432 primum
1104 1377 1159 1416 non
1177 1366 1286 1416 servata
1296 1358 1366 1414 fides
1385 1365 1414 1415 et
1430 1372 1492 1413 mea
1507 1358 1647 1414 temeritas
1667 1359 1696 1414 16
1714 1375 1762 1415 ax·

404 1442 568 1516 probraudo.
603 1440 710 1498 Seitieri
727 1440 820 1497 odium
843 1446 942 1510 sponte
960 1440 1082 1510 suscepi,
1105 1439 1169 1510 6616
1186 1437 1302 1494 oderant
1323 1439 1414 1507 ipsum
1432 1445 1460 1493 et
1476 1437 1587 1508 reliqui,
1615 1438 1762 1509 ipsumque

403 1522 529 1581 lacessivi
546 1521 622 1578 nulla
638 1528 802 1591 provocatus
819 1520 928 1589 injuria.
965 1519 1115 1590 0rtolphus
1133 1534 1177 1574 me
1200 1517 1308 1587 oderat,
1333 1524 1366 1573 ut
1384 1533 1434 1588 ego
1452 1516 1606 1586 ilduinum,
1629 1533 1692 1583 cum
1710 1533 1761 1588 666

404 1604 496 1674 ipsum
513 1607 609 1658 contra
624 1615 757 1668 amarem,
782 1597 831 1654 sed
848 1597 992 1668 multiplex
1014 1598 1083 1655 haec
1100 1597 1153 1653 fuit
1175 1597 1323 1655 contentio.
1357 1598 1428 1657 Nam
1445 1604 1474 1652 et
1491 1596 1578 1666 166166
1601 1596 1761 1654 aemulabar

404 1682 575 1750 iudustriam,
600 1687 628 1734 et
642 1679 775 1749 judicium
797 1693 868 1748 pene
890 1677 1045 1733 invidebam
1068 1684 1096 1732 et
1119 1676 1329 1732 exardescebam
1357 1682 1453 1732 contra
1475 1674 1549 1730 illius
1572 1673 1763 1731 maledicentia

405 1768 434 1816 et
451 1758 652 1829 suspicacitate.
687 1756 836 1813 Universos
855 1771 938 1826 saepe
955 1756 984 1810 16
1001 1771 1045 1811 66
1063 1756 1197 1813 concitavi
1213 1771 1275 1811 mea
1292 1752 1386 1827 culpa,
1410 1752 1581 1824 adalbergae
1598 1754 1762 1825 proditione,

404 1838 586 1911 Mulpronnae
604 1836 764 1892 defensioue
782 1834 921 1903 Gmeteri,
940 1833 1081 1906 Tubingae
1098 1834 1199 1891 silentii
1216 1833 1336 1889 violenta
1352 1833 1502 1902 rogatione.
1537 1832 1703 1889 Lendlinnm
1720 1834 1764 1888 in·

406 1926 471 1989 epta
488 1918 644 1988 scriptione,
663 1913 914 1986 Spengenbergium
932 1913 1007 1983 (1166.
1028 1921 1104 1978 1691)
1122 1914 1266 1971 temeraria
1283 1912 1459 1980 correctione,
1478 1928 1540 1968 cum
1556 1913 1581 1968 is
1598 1920 1764 1983 praeceptor

406 2004 488 2054 esset
525 1997 656 2053 cieberus
669 1997 743 2065 (1166.
762 2000 839 2062 1691,
856 2001 944 2059 pastor
964 1996 1040 2064 16961
1058 1993 1129 2051 falsa
1146 2002 1275 2063 suscepta
1292 1993 1447 2063 suspicione
1464 1995 1551 2049 6661
1567 1990 1681 2047 rivrdem
1699 1991 1763 2048 ode·

405 2082 461 2149 rat,
486 2091 548 2132 cum
565 2082 647 2131 autea
669 2075 791 2145 impense
809 2077 922 2128 amarat
957 2071 1025 2127 Inde
1043 2087 1184 2129 accessere
1202 2087 1264 2128 mea
1281 2073 1336 2127 oris
1354 2072 1508 2142 petulantia
1529 2077 1558 2127 et
1582 2070 1656 2127 illius
1673 2087 1764 2127 moro·

407 2155 483 2211 sitas.
518 2154 597 2210 Unde
615 2153 726 2224 saepius
743 2152 772 2208 in
789 2167 833 2207 me
850 2150 945 2221 irruit,
973 2149 1106 2224 colaphos
1127 2151 1274 2207 inteutans.
1310 2150 1507 2206 Rebstockinm
1524 2153 1600 2220 (1166,
1620 2152 1697 2220 1699)
1715 2151 1765 2207 611·

405 2231 518 2295 mulavit
535 2232 588 2288 mei
605 2232 665 2289 laus
683 2231 793 2302 ingenii,
813 2229 875 2286 dein
893 2227 1003 2300 leuitas,
1029 2231 1094 2301 quia
1111 2230 1139 2285 16
1156 2245 1246 2285 meum
1263 2235 1405 2299 parentem
1422 2229 1523 2300 probra
1539 2230 1667 2300 conjecit.
1702 2230 1766 2285 Hoc

406 2330 458 2383 666
477 2313 584 2368 ulturus
602 2313 630 2368 16
649 2311 797 2382 superiori,
826 2308 921 2379 616666
939 2308 1041 2379 accepi.
1077 2306 1497 2378 Η6661166(1166.1691)61166
1513 2307 1580 2365 meis
1598 2308 1706 2364 obstitit
1721 2307 1764 2363 16-

406 2389 565 2459 crementis3
588 2390 617 2446 16
639 2389 691 2444 1666
712 2387 790 2444 66116
811 2403 873 2443 mea
894 2394 986 2444 exstat
1007 2389 1114 2458 injuria
1149 2388 1217 2444 (166
1239 2388 1367 2444 Daubero
1391 2396 1467 2451 (1691
1492 2407 1549 2443 cnm
1572 2391 1690 2458 11661666,
1715 2388 1766 2453 661

407 2472 518 2523 obtinuit
534 2470 618 2519 locum
635 2473 665 2537 9,
695 2471 814 2531 66616166
833 2475 929 2536 creato,
953 2470 1001 2521 loc.
1021 2475 1054 2531 6.)
1072 2468 1124 2525 fuit
1141 2467 1249 2525 occulte
1266 2466 1389 2523 simultas
1409 2475 1437 2524 et
1453 2467 1608 2536 aemulatio,
1625 2468 1764 2538 utrimque

407 2561 478 2617 pene
501 2543 632 2614 66666116.
668 2545 834 2615 Propensior
857 2552 949 2601 tamen
973 2546 1033 2617 ipse
1056 2548 1091 2605 ad
1116 2548 1253 2617 injuriam.
1289 2547 1446 2603 Lorlrardus
1466 2547 1540 2615 (1166.
1561 2548 1765 2616 1699166666

408 2640 464 2680 666
481 2624 696 2681 communicavit.
732 2623 898 2680 6666161666
915 2624 1005 2694 16666
1023 2642 1083 2697 666,
1102 2627 1151 2682 661
1164 2626 1217 2682 1666
1234 2623 1342 2682 6661116
1355 2625 1442 2697 scivit,
1460 2640 1511 2682 nec
1526 2627 1671 2696 66166666
1683 2623 1765 2680 61166.

408 2703 531 2760 Tandem
549 2703 614 2773 quia
630 2704 775 2759 Dauberus
793 2703 859 2759 mibi
877 2704 1103 2774 postponebatur‚
1123 2721 1203 2774 quem
1221 2704 1281 2773 1666
1298 2703 1437 2776 praetulit,
1456 2720 1499 2760 me
1517 2702 1609 2760 odisse
1626 2702 1717 2774 coepit
1736 2711 1767 2758 et

406 2784 500 2841 nocuit
516 2783 591 2852 mihi,
611 2791 669 2839 erat
687 2783 759 2838 enim
777 2784 911 2853 superior.
945 2782 1049 2837 Postea
1069 2797 1130 2837 mea
1146 2781 1325 2851 protervitate
1346 2780 1420 2852 apud
1442 2789 1573 2852 cognatos
1591 2781 1767 2853 1161616666·

408 2880 452 2920 666
474 2862 589 2920 subinde
615 2865 643 2919 in
669 2862 909 2934 reprehensionem
934 2858 1042 2916 incurri
1078 2858 1200 2915 Tandem
1226 2876 1288 2916 cum
1312 2878 1404 2919 comes
1428 2878 1506 2919 meus
1523 2863 1658 2932 16666666
1681 2862 1766 2919 tidem

407 2956 496 2998 meam
513 2941 665 3012 fefellisset,
682 2941 750 2996 mihi
766 2939 943 3009 mentiretur,
962 2937 1077 2994 multum
1095 2936 1130 2994 de
1146 2953 1208 2995 mea
1224 2941 1341 3009 pecunia
1358 2941 1526 3013 prodigeret,
1550 2941 1660 3012 suscepi
1679 2939 1766 2999 ofian-

411 3021 514 3077 sionem
538 3020 691 3076 biennalem
716 3035 830 3088 666666
849 3017 1032 3075 stomacheris
1055 3017 1142 3074 literis
1171 3017 1279 3074 abunde
1298 3018 1416 3081 exercui.
1452 3019 1561 3076 1616666
1577 3026 1677 3077 nactus
1703 3035 1767 3075 sum

409 3099 494 3154 alium
511 3099 618 3156 hostem
636 3099 789 3154 Rectorem.
827 3097 916 3152 Causa
935 3096 1004 3167 odii,
1028 3097 1102 3168 quod
1125 3097 1236 3154 videbar
1252 3099 1343 3169 ipsum
1366 3104 1397 3154 ut
1414 3099 1604 3169 magistratum
1622 3116 1678 3157 non
1696 3100 1766 3156 satis

407 3177 542 3233 honorare
556 3185 584 3233 et
594 3176 681 3247 ipsius
693 3175 795 3246 6166116
805 3173 939 3231 refellere.
965 3176 1062 3245 116666
1074 3177 1171 3233 mirum
1179 3177 1208 3233 in
1216 3177 1325 3233 modum
1334 3193 1378 3233 me
1388 3178 1541 3247 6666116611
1567 3179 1766 3249 1166666166

408 3254 517 3325 quidem
526 3254 600 3310 facto
612 3254 768 3324 temperavi,
782 3252 831 3308 aed
842 3261 934 3308 tamen
946 3254 1048 3323 passim
1060 3255 1236 3313 offensionem
1249 3264 1277 3313 61
1288 3257 1401 3328 iniurias
1413 3274 1468 3313 non
1480 3256 1586 3313 reticui.
1613 3257 1767 3314 Murarium

409 3336 482 3403 (urg.
497 3335 575 3419 1591)
592 3331 778 3388 6166666166
790 3332 906 3403 6666961,
917 3333 990 3402 6616,
999 3339 1063 3388 ante
1074 3335 1128 3406 ipsi
1141 3336 1417 3406 666666616616666,
1436 3337 1521 3392 sumai
1532 3336 1599 3391 mihi
1609 3334 1767 3393 libertatem

364 3448 373 3459 .
408 3410 498 3482 ipsum
514 3411 740 3481 reprehendendi,
758 3411 838 3481 66661
853 3410 962 3481 idjure
980 3428 1097 3482 possem
1134 3413 1301 3483 Speidelius,
1319 3416 1418 3470 rectori
1436 3429 1499 3470 cum
1517 3415 1654 3487 crederet,
1677 3430 1768 3471 meam

409 3490 547 3546 fortunam
572 3489 738 3545 labefactare
762 3490 853 3559 coepit
877 3489 929 3545 sub
952 3491 1115 3547 auctoritate
1138 3492 1342 3549 ordinariorum.
1378 3493 1446 3548 Post
1470 3492 1642 3550 matrimonio
1670 3502 1768 3565 aperte

409 3568 526 3636 restitit,
552 3572 687 3641 61666696
706 3568 836 3640 666166;
855 3584 918 3625 666
935 3570 1044 3626 viduam
1061 3571 1120 3643 ipse
1138 3588 1199 3628 cum
1216 3571 1426 3641 amplificatione
1445 3587 1511 3630 suae
1529 3572 1634 3645 gratiae
1652 3573 1767 3629 arbitrio

409 3647 520 3717 proprio
538 3647 693 3704 elocuturus
711 3654 740 3704 et
757 3646 919 3703 benefacere
938 3648 1021 3703 charo
1040 3648 1121 3705 alicui
1139 3649 1233 3707 voluit
1268 3650 1399 3706 Necnon
1425 3658 1452 3707 et
1470 3650 1569 3707 viduae
1587 3651 1684 3708 melius
1701 3669 1767 3709 oon·

409 3726 512 3781 snitum
534 3720 669 3796 cupiebat.
704 3726 827 3782 Zeilerus
853 3732 908 3797 eat,
927 3727 955 3782 iu
980 3744 1062 3796 quem
1082 3729 1199 3785 6661666
1222 3728 1313 3784 exarsi
1331 3729 1458 3785 omnium
1495 3731 1583 3787 Causa
1610 3732 1766 3803 multiplex.

409 3803 502 3861 Prima
521 3806 610 3877 origo,
637 3807 710 3876 quod
728 3807 877 3863 insolenter
900 3822 1059 3877 usurparem
1078 3792 1171 3863 uxoris
1187 3807 1276 3878 ipsius
1293 3807 1374 3864 bona.
1409 3806 1451 3863 Ibi
1464 3807 1524 3878 jum
1544 3807 1592 3864 ille
1608 3810 1677 3867 mihi
1694 3811 1768 3868 cola·

409 3882 481 3953 piros
497 3884 686 3942 meditabatur.
721 3886 792 3942 111161
810 3900 894 3941 cauae
908 3885 999 3955 justa,
1016 3884 1110 3942 uxoria
1128 3884 1219 3942 dotem
1235 3894 1338 3957 petere,
1356 3887 1453 3944 modus
1471 3887 1543 3944 forte
1562 3889 1652 3946 minus
1670 3891 1768 3949 buma-

409 3977 476 4032 666,
498 3964 605 4020 16611666
623 3963 750 4035 petendo.
786 3965 838 4021 Ille
864 3980 929 4021 rero
955 3964 1090 4036 injustus,
1115 3964 1163 4035 661
1180 3972 1326 4034 utrumque
1343 3967 1469 4037 negabat.
1505 3969 1551 4023 Ex
1569 3985 1602 4024 eo
1619 3984 1769 4027 ,accessere

408 4041 524 4110 iujnriae
546 4061 676 4108 uxorum,
698 4060 760 4101 mea
781 4044 888 4101 dicendi
910 4044 1128 4116 intemperantia
1162 4045 1265 4105 Postea
1293 4045 1333 4100 rei
1352 4048 1513 4117 compositio
1534 4048 1597 4119 ipsa
1618 4048 1769 4118 plurimum

410 4121 520 4189 adjuvit.
559 4123 763 4183 Demonstravit
784 4122 833 4179 ille
859 4123 1024 4193 6166616666
1047 4125 1211 4195 aborsum,
1235 4139 1285 4194 666
1303 4125 1468 4195 singularem
1486 4126 1553 4183 1666
1577 4134 1674 4183 666166
1699 4142 1769 4184 666.

411 4198 477 4253 cnm
495 4199 612 4257 Mullaro
630 4216 730 4257 666666
748 4200 867 4256 eaedem.
903 4199 980 4256 lilius
1006 4201 1108 4272 injuria
1128 4201 1158 4258 16
1175 4217 1219 4258 66
1236 4205 1433 4261 contemnendo
1455 4203 1500 4260 vel
1517 4203 1668 4278 carpendo,
1695 4222 1769 4276 6666

409 4292 497 4333 meam
514 4296 566 4349 per
583 4280 738 4351 opinionem
755 4279 920 4350 6661661611,
941 4295 1022 4349 6666
1038 4296 1070 4336 66
1086 4279 1154 4351 ipsa
1189 4279 1288 4336 Filiam
1306 4281 1457 4354 privignam
1469 4283 1601 4340 seducere
1619 4290 1648 4340 61
1666 4282 1769 4341 abalie-

409 4374 475 4414 nare
493 4358 612 4415 volebat.
648 4359 708 4414 Hoc
726 4359 880 4429 pertinebat
898 4361 932 4416 ad
951 4375 1038 4416 meam
1050 4361 1187 4431 injuriam,
1207 4367 1303 4416 contra
1320 4375 1371 4431 666
1384 4364 1440 4416 irae
1453 4361 1602 4419 acerbitate
1619 4363 1768 4433 provocari

408 4435 505 4506 ipsum,
524 4436 629 4492 utmihi
641 4444 761 4494 extrema
773 4452 898 4507 quaeque
907 4437 1086 4497 minitaretur.
1115 4440 1181 4495 oum
1194 4437 1279 4496 fratre
1292 4456 1375 4497 causa
1383 4442 1459 4497 rixae
1468 4442 1555 4512 primo
1563 4441 1652 4513 ipsius
1661 4440 1768 4498 vanitas

409 4530 531 4585 morum,
555 4514 653 4571 deinde
677 4530 738 4571 mea
763 4514 979 4585 reprehendendi
1006 4517 1108 4589 libido,
1135 4518 1223 4590 ipsius
1249 4521 1393 4577 immodica
1419 4522 1575 4592 postulata,
1603 4526 1769 4577 6661666-

409 4593 487 4650 61166.
523 4591 625 4649 1111166
643 4593 771 4649 crellium
789 4593 884 4662 religio
903 4608 920 4649 a
937 4610 980 4650 me
999 4596 1103 4667 dividit,
1122 4597 1264 4655 sedidem
1275 4597 1459 4669 6661161166.
1493 4600 1566 4657 Η166
1585 4600 1639 4671 1661
1651 4600 1767 4657 1666666.

408 4672 490 4727 Faxit
508 4673 584 4729 Deua
601 4679 633 4728 ut
652 4673 705 4728 iste
722 4672 759 4728 sit
775 4672 895 4729 ultimus.
931 4672 1028 4743 ltaque
1046 4690 1146 4731 causae
1168 4676 1268 4746 partim
1286 4676 1314 4731 iu
1332 4692 1388 4747 me,
1411 4678 1510 4749 partim
1530 4677 1694 4736 infortuna
1732 4680 1767 4735 16

408 4766 452 4807 66
468 4751 518 4821 ira,
536 4750 711 4808 intolerantia
727 4750 921 4820 taediosorum,
939 4758 1067 4821 proterva
1084 4755 1201 4811 vexandi
1218 4754 1315 4826 ubido,
1334 4761 1366 4812 ut
1383 4756 1547 4828 6116666111,
1568 4756 1686 4830 denique
1704 4772 1768 4816 oen·

409 4831 498 4889 soriae
514 4831 742 4903 praesumtiones,
761 4847 824 4887 cum
841 4830 976 4887 neminem
993 4847 1049 4889 uon
1065 4833 1272 4904 reprehendam
1309 4834 1342 4893 16
1359 4835 1470 4894 fortuna
1487 4838 1542 4894 hoc
1560 4843 1610 4909 est,
1629 4838 1768 4911 6116666
