3882 5862
406 399 470 487 ρει
922 388 1244 461 Ριοιιιιιιιᾞωιιοιιίι.

406 588 504 650 usqne
526 571 575 632 hic
597 571 697 648 aliqua
717 572 850 632 transitio
874 574 992 632 omuino
1012 569 1047 632 llt
1061 569 1098 632 de
1120 588 1227 649 genere
1242 572 1271 630 in
1294 586 1387 648 genus
1400 568 1453 655 ΠΙ)
1475 581 1594 652 propter
1616 582 1753 636 tonorum

405 662 662 738 permutationem,
691 676 787 736 noque
817 658 879 718 illic
907 661 1065 737 percipitur
1093 657 1194 736 aliqua
1223 658 1370 720 sensibilis
1396 661 1592 737 inaequalitas
1615 680 1752 723 cursuum

405 755 523 825 propter
544 751 724 809 secessiones
746 749 777 807 in
798 745 983 808 latitudinem
998 742 1052 826 Ν).
1098 745 1319 823 comparandus
1350 755 1449 809 antem
1481 765 1516 808 cx
1546 749 1627 810 hisce
1655 749 1755 811 dorius

405 841 504 915 tonus,
526 838 576 912 qui
599 835 686 913 plane
708 833 823 921 medius
845 842 904 908 est,
937 833 1041 894 mediis
1064 835 1232 893 accessibus
1255 852 1345 895 cansa
1367 835 1546 908 latitudinis,
1574 845 1603 896 et
1625 838 1680 912 iis,
1702 839 1753 914 qui

405 923 563 982 secuudum
586 922 830 1000 aequinoctialem
859 924 887 981 ln
917 921 1108 998 unaqualibet
1139 921 1328 999 sphaerarum
1351 930 1419 982 sunt
1441 922 1584 999 ordinati;
1616 925 1752 1003 mixtily·

387 1008 471 1068 dius
494 1027 564 1069 raro
587 1018 617 1070 et
637 1009 828 1088 hypodorius,
851 1017 883 1068 ui
906 1012 1042 1080 extremi,
1064 1007 1274 1081 borealissimis
1296 1019 1326 1071 et
1347 1010 1577 1085 australissimis,
1602 1029 1676 1087 quos
1698 1029 1753 1072 re·

291 1102 294 1109 '
404 1097 458 1155 luti
481 1096 641 1157 secundum
664 1099 791 1174 tropicos
813 1098 1012 1174 concipimus,
1035 1104 1162 1172 quatuor
1186 1114 1254 1156 vero
1277 1094 1399 1173 reliqui,
1422 1100 1473 1173 qui
1496 1105 1566 1158 suut
1589 1100 1663 1159 inter
1687 1098 1752 1159 dic·

387 1191 460 1271 xtos,
482 1184 625 1245 referendi
647 1183 776 1245 suntad
798 1191 912 1256 motus,
936 1185 987 1260 qui
1010 1191 1079 1242 sunt
1100 1184 1261 1244 secundum
1282 1183 1440 1260 parallelos
1463 1185 1651 1246 intermedios
1676 1188 1751 1246 inter

404 1274 532 1348 tropicos
561 1280 592 1333 et
620 1272 866 1347 aequinoctialem
888 1268 951 1351 Vl·
974 1270 1051 1331 Nam
1081 1278 1111 1331 et
1137 1269 1241 1331 horum
1268 1278 1337 1330 sunt
1359 1274 1394 1346 t,
1426 1280 1545 1351 propter
1573 1271 1750 1334 divisionem

404 1357 577 1419 circulorum
600 1358 785 1434 obliquorum
816 1362 845 1418 in
867 1367 966 1435 partes
992 1361 1045 1432 12,
1080 1365 1292 1434 consequenter
1323 1360 1416 1434 ipsius
1443 1360 1557 1419 zodiaci
1583 1362 1621 1418 lt
1645 1362 1748 1438 signis.

402 1446 478 1507 Nam
500 1448 677 1526 tropicorum
699 1447 789 1507 veluti
812 1449 960 1523 signorum
982 1446 1127 1529 utrumvis
1149 1461 1239 1505 unum
1259 1445 1347 1505 iaciat
1367 1445 1556 1523 parallelum3
1578 1463 1656 1523 quae
1678 1464 1750 1509 vero

403 1533 565 1610 aequaliter
593 1534 631 1595 ab
662 1532 801 1595 alterutro
830 1534 934 1593 hornm
967 1549 1069 1593 versus
1092 1531 1215 1592 alterum
1236 1533 1384 1593 absistunt
1405 1533 1475 1594 bina
1496 1542 1613 1612 puncta,
1636 1552 1750 1594 rursum

403 1639 494 1682 unum
516 1629 546 1683 et
568 1620 691 1682 eundern
713 1620 887 1699 parallelum
909 1620 1028 1694 dabunt,
1052 1626 1085 1678 nt
1106 1621 1149 1679 ita
1173 1620 1200 1679 b.
1215 1622 1427 1680 constituantur
1449 1621 1571 1698 copulae
1591 1621 1750 1683 secundom

405 1710 550 1770 unciariae
572 1708 725 1770 distantias
748 1716 777 1770 et
798 1706 957 1770 secundnm
980 1724 1031 1768 eas
1057 1708 1075 1766 b
1099 1709 1187 1767 etiam
1208 1705 1351 1785 paralleli,
1375 1715 1404 1768 et
1425 1711 1640 1769 connumeratis
1663 1712 1750 1770 etiam

405 1798 482 1857 binis
504 1798 623 1875 tropicis
648 1799 682 1870 i,
711 1813 831 1857 numero
861 1794 964 1858 eodem
994 1812 1061 1856 cum
1089 1802 1224 1854 tonorum
1253 1795 1472 1856 mutationibus.
1518 1796 1752 1857 Associabuntur

406 1892 504 1946 autern
527 1884 561 1960 ii,
594 1885 733 1961 quisunt
760 1886 906 1944 acutiores
934 1883 1033 1946 dorio.
1061 1889 1180 1960 propter
1201 1890 1304 1943 canius
1326 1881 1509 1944 altitudinem
1532 1900 1598 1944 curn
1620 1884 1751 1945 motibus

405 1971 444 2031 ad
465 1970 567 2050 polum
589 1972 738 2032 elevatum
760 1979 790 2031 et
812 1971 903 2031 veluti
925 1971 1056 2045 aestima,
1079 1970 1108 2032 b.
1132 1987 1157 2031 c.
1181 1972 1231 2031 ubi
1253 1971 1340 2049 polus
1363 1971 1469 2030 boreus
1491 1970 1635 2046 elevatur,
1659 1974 1748 2031 moti·

405 2059 460 2118 hus
480 2058 775 2138 septentrionalibus,
799 2059 850 2119 ubi
872 2057 1026 2127 australis,
1049 2058 1206 2135 oppositis3
1234 2061 1384 2134 gravimes
1406 2074 1476 2118 vero
1498 2061 1560 2117 toni
1583 2076 1671 2135 quam
1695 2059 1751 2118 do·

404 2149 463 2206 rius
496 2153 615 2225 propter
636 2155 741 2207 cantus
763 2145 957 2207 bumilitatem
980 2144 1108 2205 motibus
1130 2143 1188 2204 illis
1211 2145 1449 2223 applicabuntur,
1480 2148 1622 2221 quisunt
1646 2165 1750 2208 versus

402 2233 504 2311 polum
526 2236 746 2312 incompicuum
769 2242 799 2294 et
821 2233 912 2294 veluti
926 2232 1064 2308 bibernis,
1087 2231 1116 2292 h.
1129 2249 1153 2294 e.
1168 2233 1219 2294 ubi
1233 2234 1340 2294 boreus
1355 2232 1441 2311 polus
1456 2231 1609 2309 attollitur,
1633 2242 1751 2295 austra·

408 2322 537 2397 lioribus,
561 2322 611 2382 nbi
634 2321 782 2396 annualis,
804 2320 1134 2399 septentrionalioribus.

489 2423 563 2478 Nota
580 2424 602 2476 Ι.
637 2422 680 2478 Ne
698 2437 770 2477 nnnc
788 2422 897 2491 quidem
915 2436 945 2477 se
962 2419 1074 2490 respicit
1089 2418 1269 2475 Ptolemaeus.
1293 2421 1413 2477 Tertiam
1431 2429 1551 2478 moinum
1569 2422 1699 2491 speciem,
1723 2424 1751 2478 in

402 2501 501 2570 latum,
528 2501 567 2555 sic
585 2501 717 2570 nominat,
745 2516 778 2556 ac
794 2500 818 2556 si
834 2516 889 2557 non
907 2498 1020 2569 pdmsm
1037 2504 1157 2563 mutum,
1183 2496 1232 2552 sed
1250 2504 1278 2552 ct
1305 2500 1452 2556 secundam
1477 2516 1512 2554 ex
1530 2499 1625 2555 eodem
1652 2517 1752 2572 genere

294 2598 307 2615 .
402 2585 492 2647 motus
509 2578 588 2649 primi
606 2578 795 2643 desumsissei,
819 2594 880 2634 cum
905 2584 997 2634 tamen
1024 2576 1144 2632 secunda
1170 2574 1252 2632 luerit
1271 2592 1304 2632 ex
1323 2580 1441 2635 motibus
1459 2578 1598 2646 secundis,
1626 2588 1654 2635 et
1671 2582 1751 2651 plane

402 2658 519 2714 maltum
535 2657 638 2714 referat
654 2658 690 2714 ad
708 2659 924 2729 comparationes
942 2657 1040 2728 capitis
1060 2659 1106 2725 10,
1133 2657 1235 2712 maneri
1252 2657 1280 2711 in
1299 2657 1394 2714 eodem
1411 2674 1523 2728 genere,
1546 2660 1610 2728 quia
1627 2674 1696 2728 quas
1713 2660 1751 2714 ibi

403 2737 621 2793 consideraverat
638 2737 829 2807 longitudines.
849 2736 912 2794 illac
930 2746 1007 2794 erant
1023 2744 1150 2807 respectu
1168 2736 1326 2803 horizontis,
1344 2744 1376 2792 nt
1392 2746 1421 2792 et
1436 2736 1603 2805 latitadines,
1622 2752 1690 2806 qaas
1708 2737 1752 2791 hic

403 2816 571 2885 considerat,
599 2824 664 2871 sunt
680 2825 808 2887 respectu
825 2818 948 2887 ejusdem
965 2817 1112 2873 horizontis
1130 2824 1159 2870 et
1182 2815 1238 2885 poli
1255 2814 1349 2870 muudi
1366 2823 1393 2870 et
1411 2814 1545 2887 sphaerae
1562 2815 1646 2870 motui
1664 2814 1751 2885 primo

402 2895 566 2964 destinatam
603 2901 699 2950 contra
724 2895 882 2953 altitudines
908 2897 1006 2967 capitis
1033 2897 1076 2950 li.
1102 2910 1156 2950 non
1183 2899 1260 2949 erant
1286 2900 1413 2963 respectu
1444 2893 1594 2949 horizontis
1620 2902 1669 2948 aut
1696 2892 1751 2962 poli

402 2975 544 3044 sphaerae,
562 2974 611 3031 sed
629 2983 757 3043 respectu
775 2974 861 3032 centri
879 2976 987 3031 Terrae.

487 3074 561 3128 Nota
578 3072 612 3126 Π.
648 3072 842 3142 Argumentum
861 3072 914 3127 hoc
931 3069 1140 3140 comparationis
1151 3067 1231 3124 valde
1243 3074 1286 3124 est
1302 3069 1438 3139 generale,
1457 3084 1507 3124 nec
1520 3069 1627 3125 serium.
1645 3068 1750 3137 Dicam,

401 3150 475 3222 quod
492 3151 620 3208 habuerit
637 3149 712 3206 aliud
730 3150 938 3220 comparationis
956 3154 1143 3217 argumentum
1161 3148 1190 3202 in
1208 3146 1328 3214 occulto,
1346 3148 1399 3203 hoc
1417 3164 1468 3218 sc,
1488 3156 1519 3203 nt
1537 3149 1612 3205 nulla
1628 3148 1668 3203 rili
1686 3164 1751 3220 pars

400 3230 517 3287 musices
535 3229 661 3300 supersit,
680 3245 751 3298 quae
769 3247 824 3284 non
842 3229 994 3299 reperiatur
1011 3227 1039 3282 iu
1059 3225 1150 3296 coelo,
1168 3225 1242 3295 qnod
1259 3228 1379 3283 insinuat
1395 3242 1461 3283 voce
1482 3228 1631 3283 «residua».
1667 3226 1751 3297 Atqui

400 3311 423 3365 si
441 3317 568 3365 tonorum
588 3306 772 3364 definitionem
789 3315 909 3377 spectes,
937 3322 971 3362 ea
986 3313 1046 3364 tota
1064 3323 1081 3362 a
1098 3315 1193 3376 cantu,
1218 3315 1250 3361 ut
1268 3315 1363 3361 cantas
1381 3314 1438 3377 est,
1458 3307 1604 3376 dependet,
1624 3321 1640 3360 a
1658 3304 1751 3360 circuli

401 3403 464 3444 vero
483 3395 581 3443 natura
598 3401 648 3441 sen
666 3401 682 3441 a
700 3386 869 3456 planetarum
888 3384 1104 3455 separationibus
1122 3391 1165 3441 est
1182 3383 1354 3441 alienissima.
1391 3385 1476 3454 Quasi
1495 3402 1558 3441 vero
1577 3382 1644 3439 nihil
1663 3384 1751 3452 possit

399 3466 531 3525 aeceume
549 3466 642 3521 cantui
658 3472 724 3536 post
741 3465 874 3537 principia
891 3466 1026 3520 rationum
1045 3481 1080 3520 ex
1097 3464 1199 3521 circulo
1218 3464 1354 3536 desumta,
1373 3465 1446 3534 quod
1464 3482 1519 3521 non
1536 3463 1628 3520 itidem
1647 3479 1681 3519 ea
1700 3464 1750 3519 cir·

400 3545 462 3602 culo
479 3544 644 3602 desumatur.
686 3546 821 3615 quamam
838 3547 932 3615 igitur,
950 3561 1006 3615 qua
1023 3544 1261 3614 imaginarentur,
1287 3546 1333 3615 qui
1351 3545 1387 3601 ad
1404 3545 1548 3602 melodiam
1566 3545 1686 3609 canitur,
1704 3540 1750 3597 de-

400 3624 519 3695 scriptas
537 3628 574 3680 sit
589 3624 618 3680 in
635 3624 772 3680 rodiam?
809 3625 877 3681 Toni
895 3624 1000 3680 runaut
1017 3624 1111 3679 ordine
1129 3624 1322 3703 concinnerum
1350 3641 1399 3682 scu
1425 3625 1532 3681 dinemo
1556 3624 1750 3680 concinnorum

400 3702 503 3759 ordinis
521 3702 613 3774 initio,
640 3710 668 3759 et
686 3703 710 3759 si
728 3705 797 3760 bone
813 3705 935 3776 percipio
952 3705 1152 3774 Ptolemaeum,
1178 3703 1255 3762 nulla
1277 3698 1333 3761 alia
1355 3721 1386 3761 re
1411 3723 1428 3762 a
1451 3706 1595 3776 speciebus
1617 3702 1750 3772 diapason

400 3779 543 3853 differunt,
571 3798 653 3853 quam
679 3781 822 3838 mutudine
847 3784 875 3838 in
902 3785 1025 3854 perlecto
1052 3791 1208 3855 systemate.
1244 3783 1409 3842 Mutationes
1427 3784 1599 3855 propriarum
1617 3780 1750 3850 ornusque

398 3859 571 3917 latitudinum
588 3861 629 3928 (ut
646 3868 755 3916 maneat
771 3861 850 3917 nobis
867 3862 940 3919 idem
956 3879 1046 3919 rerum
1063 3862 1306 3934 comparandarum
1324 3879 1423 3933 genus,
1442 3862 1516 3934 qnod
1534 3862 1677 3925 hactenus)
1695 3873 1750 3912 non

399 3940 505 3995 venant
523 3939 644 3996 ordinem
661 3947 830 4010 aspectuum,
848 3944 987 4000 concinnis
1004 3942 1236 4014 respondentium,
1256 3943 1304 3999 sed
1321 3942 1446 3999 videntur
1463 3940 1566 4012 proprii
1583 3939 1749 4007 singulorum

399 4026 489 4075 motus
507 4018 534 4074 in
551 4018 647 4088 latum,
663 4035 681 4073 a
698 4026 821 4074 creatore
841 4020 869 4074 in
887 4022 915 4076 id
933 4021 1097 4091 comparati,
1116 4029 1147 4077 ut
1164 4035 1294 4077 successu
1312 4021 1465 4077 seculorum
1483 4020 1569 4075 omnis
1588 4016 1749 4087 superficies

398 4098 539 4169 sphaerae,
558 4099 656 4168 cuique
674 4098 801 4168 planetae
818 4099 984 4169 assignatae,
1003 4108 1221 4169 percurreretur;
1239 4100 1332 4169 itaque
1349 4099 1461 4170 planeta
1479 4098 1623 4155 crebritate
1641 4111 1749 4155 conser-

398 4183 487 4231 torum
505 4184 643 4233 meatuum
661 4177 804 4247 sphaeram
823 4177 874 4233 sihi
893 4180 1012 4249 undique
1030 4178 1184 4236 conclusam
1201 4186 1308 4236 texerat
1325 4180 1410 4236 instar
1426 4179 1573 4251 bombycis,
1592 4184 1620 4233 et
1632 4185 1663 4233 ut
1681 4177 1749 4233 haec

400 4254 455 4326 iilo,
474 4256 514 4312 sic
532 4256 578 4312 iile
596 4262 719 4312 motuum
737 4257 858 4326 restipis
875 4259 998 4327 corporis
1016 4259 1074 4314 cari
1093 4260 1210 4328 speciem
1228 4268 1452 4331 repraesentaret.

485 4334 571 4391 Paulo
589 4334 706 4390 fortasse
723 4335 824 4390 rectius
842 4338 1040 4406 comparaverit
1067 4336 1164 4406 aliquis
1182 4336 1289 4394 diversa
1315 4337 1527 4408 planetariorum
1546 4336 1749 4407 separationum

398 4412 494 4479 initia,
519 4412 594 4468 verbi
612 4429 712 4482 causa,
740 4412 763 4466 si
783 4429 853 4469 nnus
871 4415 907 4469 sit
925 4421 1006 4471 natus
1033 4430 1104 4469 anno
1122 4416 1192 4472 tuot
1211 4410 1471 4485 subconq'unctione
1488 4417 1598 4472 Saturni
1616 4423 1644 4471 et
1661 4411 1747 4480 ioris,

397 4490 468 4547 alius
488 4492 555 4548 1607
572 4491 623 4547 suh
641 4491 750 4560 sextili,
777 4492 874 4547 tertium
892 4506 963 4548 anno
983 4492 1052 4549 tuoe
1070 4493 1122 4548 snb
1140 4494 1290 4563 quadrato,
1317 4501 1429 4563 quartus
1454 4509 1526 4550 anno
1545 4494 1613 4550 1609
1632 4493 1682 4550 sub
1701 4493 1749 4547 tri·

398 4587 486 4643 gono,
512 4572 624 4640 quintus
642 4586 713 4627 anno
736 4572 803 4628 tort
821 4572 872 4627 suh
890 4571 1016 4641 opposito
1034 4577 1086 4627 cto.
1122 4572 1229 4628 Primus
1248 4573 1330 4643 igitur
1347 4572 1660 4629 maeret-resolutionem
1677 4572 1750 4627 rico·

397 4652 502 4707 nariam
518 4651 599 4707 aliter
615 4660 810 4723 comparatam,
829 4667 910 4721 qnam
929 4651 1073 4721 secundus,
1093 4659 1120 4707 et
1137 4651 1293 4721 hitaliam,
1312 4667 1393 4721 quarn
1410 4651 1519 4721 tertius,
1539 4655 1676 4706 eteorum
1694 4649 1748 4704 sin·

398 4728 470 4798 gulis
496 4730 591 4787 nrdine
616 4733 725 4802 qnidam
751 4733 862 4801 eodem,
889 4728 939 4787 sed
956 4729 1010 4784 alio
1037 4735 1119 4800 atque
1145 4731 1199 4787 alio
1225 4728 1328 4807 periodi
1347 4729 1440 4800 initio,
1467 4728 1527 4785 aliis
1545 4735 1574 4784 et
1591 4727 1651 4785 aliis
1670 4727 1748 4783 mnis

398 4807 497 4865 aetatis
514 4810 638 4866 renuent
654 4808 826 4881 planetarum
843 4815 980 4879 aspectus.
1015 4807 1092 4865 ldenr
1114 4808 1256 4865 urendam
1275 4807 1310 4865 de
1328 4808 1435 4866 diversa
1451 4814 1544 4865 aetate
1561 4807 1669 4881 Lunae,
1692 4818 1747 4873 qua

400 4903 445 4946 res
464 4889 604 4959 quaelibet
620 4889 716 4961 oritur,
734 4897 763 4946 et
781 4891 920 4948 sicariam
939 4887 974 4943 de
994 4887 1101 4944 ceteris.
1705 4884 1716 4891 “
