3882 5862
395 385 457 450 dii
907 374 1057 436 Ptolsmsi
1072 376 1229 437 Harmonia

394 566 482 627 ΑΗΒ
510 561 590 624 adi
621 562 651 623 in
680 562 745 620 ΑΙ).
791 561 928 639 Denique
956 559 1151 640 quadruplam
1182 562 1417 638 proportionem,
1451 579 1528 638 quae
1560 573 1606 624 ast
1638 563 1747 626 identi-

394 653 531 715 sonantia
557 648 762 728 disdiapason,
792 647 883 709 semel
907 651 1071 722 continent,
1103 666 1143 709 sc.
1172 651 1209 707 12
1240 651 1269 707 in
1298 658 1361 709 toto
1384 650 1492 710 circulo
1515 650 1553 711 ud
1577 654 1595 711 3
1625 654 1654 709 in
1677 670 1745 712 arcu

362 798 368 817 ,
395 742 470 817 AD3
494 742 536 799 sic
559 747 589 798 et
610 738 828 815 proportionem
852 737 947 811 823,
976 753 1054 813 quaa
1076 743 1123 797 est
1149 740 1360 799 consonantiae
1390 736 1746 816 diatessaron-epidiapa·

394 847 458 904 son,
477 829 571 888 ettam
593 824 694 900 sanuel,
716 841 757 883 sc.
781 825 800 882 8
823 825 853 882 iu
868 840 938 883 arcu
953 822 1037 884 ΑΗΕ
1059 822 1098 883 ad
1120 824 1176 883 tria
1190 823 1298 885 insu.
1342 823 1588 902 Sesquioctasam
1612 825 1746 903 denique,

395 934 471 994 quae
494 921 538 976 ast
561 914 644 987 toni,
662 929 776 980 rursum
798 910 908 989 semel,
931 928 972 972 sc.
997 914 1015 972 9
1040 912 1069 969 in
1093 926 1164 972 arcu
1186 908 1274 971 ΑΗΒ
1297 911 1335 973 ad
1360 913 1378 971 8
1403 914 1431 970 in
1456 910 1560 991 ΑΗΕ,
1591 921 1622 974 ut
1647 913 1744 975 videre

397 1013 443 1065 est
465 1021 501 1064 ex
524 1001 693 1062 differentiis
716 1015 911 1073 numerorum,
935 1000 986 1074 qni
1008 996 1046 1058 ad
1071 997 1298 1061 delineationem
1319 1007 1388 1059 sunt
1411 1002 1548 1077 appositi.

481 1091 526 1151 Ex
548 1088 628 1149 bisce
651 1088 798 1162 sequitur,
831 1085 1023 1145 ordinandam
1046 1103 1110 1147 csse
1134 1103 1169 1146 ex
1192 1087 1294 1163 primis
1317 1090 1516 1148 consonantiis
1539 1086 1637 1162 illam,
1669 1105 1745 1164 quae

394 1179 531 1273 diapente
555 1175 678 1247 dicitur,
698 1174 785 1250 juxta
806 1174 1017 1251 triangularem
1039 1172 1231 1251 positionem
1255 1192 1331 1252 quae
1356 1191 1424 1234 sero
1448 1174 1640 1250 diatessaron,
1661 1175 1746 1251 Juxta

393 1263 659 1344 quadrangularem
670 1257 733 1338 W),
765 1269 795 1322 et
826 1270 928 1323 tonum
951 1262 1040 1337 juxta
1069 1259 1170 1320 circuli
1202 1264 1335 1335 nnciam,
1366 1264 1438 1339 qnia
1466 1280 1531 1322 cum
1561 1262 1685 1324 circulus
1707 1262 1746 1321 ad

394 1351 608 1416 semicirculum
630 1347 689 1409 ΑΗ
722 1352 883 1409 constituat
903 1351 1047 1413 rationem
1078 1346 1210 1425 duplam,
1243 1349 1446 1411 semicirculus
1470 1351 1533 1427 jam
1556 1350 1595 1410 ad
1617 1350 1670 1409 ΑΕ
1692 1352 1745 1408 tri·
1788 1354 1795 1371 ⁸

394 1438 496 1520 anguli
517 1455 617 1500 arcum
641 1438 711 1497 lacit
733 1435 973 1513 sesquialteram,
997 1445 1026 1496 et
1050 1434 1097 1495 bic
1118 1434 1157 1495 ad
1181 1435 1246 1510 AD,
1270 1436 1463 1514 quadranguli
1487 1455 1607 1515 areum,
1628 1440 1746 1514 sesqui-

394 1532 523 1602 tertiam,
556 1541 694 1588 excessns
721 1530 821 1585 autem
850 1524 966 1583 illarum
999 1532 1044 1582 est
1067 1524 1199 1595 tnuieus,
1230 1541 1271 1583 sc.
1303 1542 1389 1585 arcus
1412 1524 1480 1598 El),
1506 1527 1621 1586 urreiam
1644 1524 1743 1584 circuli

394 1616 565 1696 complexus
578 1609 620 1689 v).
667 1609 787 1688 Optima
813 1613 902 1688 igitur
932 1614 1045 1670 ratione
1073 1616 1179 1670 natura
1205 1610 1346 1672 circulum
1375 1612 1523 1688 signorum
1551 1615 1588 1671 12
1617 1614 1744 1690 partium

395 1707 473 1780 iecit,
497 1712 530 1764 ut
552 1717 657 1775 assem
681 1701 751 1776 quia
772 1709 903 1777 systema
925 1699 1085 1775 perlectum
1112 1701 1149 1756 12
1175 1705 1310 1758 tonorum
1325 1698 1546 1777 amplitudinem
1563 1698 1672 1762 babere
1685 1702 1745 1760 sci·

395 1795 453 1867 vit,
485 1792 614 1852 touicum
638 1788 726 1864 igitur
750 1784 937 1847 intervallum
959 1786 1074 1863 aptavit
1097 1786 1201 1845 unciae
1233 1803 1284 1846 seu
1316 1786 1507 1847 duodecimae
1533 1789 1608 1865 parti
1636 1786 1744 1847 moult.

393 1880 431 1940 Et
452 1878 644 1939 admiratione
667 1873 787 1952 dignum
811 1881 870 1949 eat,
894 1873 975 1949 quod
997 1873 1191 1948 etiamsigna,
1218 1889 1270 1951 per
1293 1891 1380 1934 unam
1404 1872 1608 1936 duodecimam
1631 1872 1744 1935 zodiaci

394 1962 596 2039 determinata,
620 1977 749 2024 consona
771 1962 890 2038 quidem
913 1978 973 2020 non
995 1970 1072 2034 sunt,
1096 1959 1148 2018 sed
1163 1958 1260 2019 solum
1283 1963 1312 2019 in
1327 1978 1434 2039 genere
1450 1966 1657 2023 concinnarum
1673 1978 1745 2022 con·

393 2049 570 2133 stamntV¹);
585 2058 624 2111 -at
646 2067 722 2126 quae
744 2066 797 2127 pet
818 2051 948 2126 quinque
971 2047 1160 2108 duodecimas
1183 2046 1296 2108 zodiaci
1319 2049 1512 2110 determinata
1533 2057 1609 2125 sunt,
1633 2066 1650 2110 e
1671 2065 1744 2110 con·

392 2146 480 2205 nario
503 2149 571 2202 snnt
592 2141 667 2198 inter
688 2140 842 2211 concinna,
866 2154 933 2196 cum
954 2138 1014 2196 sint
1036 2137 1138 2211 utique
1160 2141 1190 2194 et
1202 2134 1336 2196 dicantur
1350 2139 1524 2210 inconnexa,
1546 2136 1635 2214 idque
1650 2154 1742 2216 prop·

393 2238 487 2305 terea,
511 2230 582 2306 quia
603 2224 728 2287 circulus
750 2225 789 2284 ad
811 2224 886 2283 duos
909 2240 994 2284 arcus
1017 2240 1035 2280 a
1057 2231 1137 2282 recta
1159 2226 1352 2296 consututcs,
1383 2241 1459 2301 qnae
1481 2227 1598 2286 unciam
1620 2225 1744 2285 subten-

394 2317 451 2391 dit,
483 2317 554 2377 iacit
576 2314 779 2393 proportiones
802 2314 915 2371 numeri
939 2309 1112 2395 duodenarii
1135 2307 1174 2367 ad
1201 2312 1212 2366 l
1241 2310 1339 2388 adque
1365 2315 1422 2385 ll,
1454 2329 1531 2388 quaa
1557 2313 1654 2373 aliana
1675 2321 1744 2372 suut

393 2423 412 2465 a
434 2404 578 2476 consonis,
602 2408 633 2460 at
656 2416 714 2457 non
738 2401 827 2458 etiam
849 2416 868 2456 a
890 2398 1039 2457 concinnis
1061 2395 1195 2470 exulant,
1219 2397 1258 2456 ad
1280 2398 1356 2458 duna
1379 2415 1449 2459 vero
1472 2406 1541 2459 subs
1563 2417 1648 2459 arcus
1670 2415 1744 2460 con-

369 2524 372 2565 5
393 2495 512 2553 stitutus
535 2509 555 2551 a
576 2496 665 2560 recta,
688 2502 766 2563 quae
791 2487 809 2544 5
832 2487 935 2544 uncias
957 2482 1116 2558 subtendit,
1139 2485 1343 2561 proportiones
1368 2486 1438 2547 iacit
1460 2489 1571 2548 numeri
1598 2489 1636 2546 12
1660 2486 1699 2546 ad
1724 2488 1743 2544 5

394 2588 424 2639 et
448 2582 477 2653 i,
500 2594 577 2655 quae
601 2583 631 2636 et
652 2593 671 2633 a
693 2575 830 2634 consonis
858 2580 888 2632 et
910 2590 928 2631 a
951 2573 1099 2632 concinnis
1123 2570 1259 2645 exulaut3
1290 2575 1399 2651 quippe
1422 2590 1488 2633 cum
1516 2583 1620 2635 neuim
1646 2590 1743 2650 neque

394 2666 548 2745 multiplex
569 2679 665 2740 neque
688 2659 958 2739 superparticularis
981 2661 1035 2731 sit,
1058 2674 1154 2735 neque
1177 2663 1340 2737 composita
1362 2679 1398 2721 ex
1420 2660 1570 2738 aliquibus
1593 2654 1743 2723 alsmantia

393 2756 433 2815 ad
455 2752 662 2815 consonantias
683 2744 969 2826 pertinentibnsffl).
1015 2745 1150 2823 Amplius
1173 2755 1202 2806 at
1223 2756 1339 2824 praeter
1352 2748 1495 2809 hactenus
1518 2750 1653 2825 utrinque
1671 2765 1744 2809 con·

393 2842 515 2903 cordata
536 2841 626 2902 etiarn
648 2836 704 2896 hoc
726 2835 865 2910 succedit,
889 2834 969 2912 qnod
992 2853 1010 2894 a
1032 2835 1124 2911 signis
1145 2832 1259 2895 zodiaci
1281 2844 1340 2896 tres
1362 2836 1457 2896 solnm
1475 2834 1743 2914 quadrangulatum

393 2933 506 3010 species
528 2928 604 2988 anmi
626 2932 766 3002 possunt,
797 2921 916 2999 aequali
938 2938 1058 2982 nurnero
1087 2937 1154 2980 cum
1176 2922 1332 2998 speciebus
1361 2926 1573 2986 consonantiae
1595 2920 1743 2984 nanna-

382 3022 455 3092 'ron,
478 3012 690 3093 triangulorum
714 3028 783 3072 vero
806 3018 933 3087 quatuor
955 3008 1149 3080 solummodo,
1173 3009 1290 3085 aequali
1312 3026 1425 3070 rursum
1448 3028 1569 3073 numero
1592 3029 1658 3073 cum
1673 3028 1745 3089 spe·

393 3105 494 3166 ciebus
517 3102 725 3164 consonantiae
749 3098 903 3175 diapente,
927 3113 962 3158 co
985 3096 1065 3171 quod
1087 3095 1160 3155 solis
1182 3094 1228 3154 bis
1252 3100 1450 3158 consonantiis
1473 3096 1604 3173 accidat,
1632 3106 1664 3157 ut
1686 3100 1769 3158 sint.

392 3184 692 3272 incompositam).

480 3278 565 3355 Quae
587 3276 677 3354 igitur
706 3276 783 3335 circa
805 3275 902 3350 ipsum
925 3278 1038 3331 motum
1061 3269 1231 3331 circularem
1264 3271 1302 3331 ad
1325 3278 1478 3349 utramque
1504 3271 1646 3334 dictarum
1674 3272 1744 3333 liar-

394 3369 559 3430 monlarum
589 3361 715 3439 expendi
744 3368 887 3438 possunt,
919 3366 1048 3435 atquae
1071 3356 1230 3434 figurarum
1259 3375 1406 3420 consonae
1433 3366 1464 3420 et
1490 3359 1629 3423 dissonae
1662 3377 1745 3421 oom-

393 3458 476 3516 muni
497 3471 564 3516 cnm
585 3450 763 3511 harmonicis
786 3446 933 3509 vocabulo
959 3447 1107 3518 dicuntur,
1130 3444 1272 3506 hactenus
1294 3445 1464 3508 definivisse
1478 3447 1614 3508 sufficiat.
1651 3448 1745 3510 Dein·

395 3560 464 3623 ceps
487 3540 648 3620 deprimis
671 3537 841 3597 differentiis
864 3541 997 3595 motuum
1020 3530 1191 3593 coelestium
1213 3533 1298 3593 nobis
1321 3536 1375 3594 erit
1398 3533 1620 3612 dispiciendum.

480 3660 555 3716 Nota
571 3657 594 3713 1.
630 3652 866 3725 Comparationem
884 3651 930 3706 hic
947 3646 1103 3719 aggreditur
1120 3647 1357 3704 consonantiarum
1374 3664 1436 3705 cum
1452 3650 1609 3719 aspectibus
1626 3646 1744 3708 siderum

393 3740 422 3795 iu
445 3737 571 3795 zodiaco:
596 3748 654 3790 rem
678 3747 729 3803 per
751 3745 782 3786 ae
805 3728 934 3801 ponderis
959 3724 1068 3790 maximi
1092 3731 1121 3779 et
1143 3725 1406 3795 praestantissimam
1429 3726 1619 3798 philosophiae
1639 3735 1744 3798 partem

393 3814 456 3885 (atsi
472 3816 501 3871 iu
518 3812 636 3870 solidum
653 3819 696 3867 est
713 3809 839 3881 neglecta
855 3825 872 3864 a
890 3804 971 3876 vulgo
989 3803 1262 3875 philosophantium),
1288 3806 1338 3862 sed
1356 3821 1427 3877 quae
1448 3807 1529 3876 longe
1547 3807 1626 3863 aliter
1643 3816 1686 3865 eat
1702 3808 1742 3863 in-

393 3895 539 3964 stituenda,
557 3907 638 3963 qnam
656 3906 674 3946 a
691 3888 848 3947 Ptolemaeo
866 3884 1033 3967 bisfactum.
1071 3880 1176 3939 Textus
1186 3899 1235 3953 par
1245 3898 1276 3940 se
1288 3884 1379 3942 clarus
1391 3891 1442 3956 est,
1460 3900 1515 3945 nec.
1526 3884 1619 3942 multis
1630 3886 1741 3956 indiget

479 3991 554 4047 Nota
571 3986 606 4042 11.
643 3983 695 4040 Est
712 3998 777 4053 para
795 3979 959 4050 aanolngiae
983 3977 1018 4032 da
1035 3976 1120 4047 signis
1139 3981 1266 4036 consonis
1287 3990 1317 4036 et
1334 3981 1463 4051 dmsonis,
1485 3981 1638 4050 coniunctis
1655 3990 1685 4041 et
1702 3983 1742 4039 in·

393 4069 546 4143 conjunctis
570 4066 598 4122 in
623 4056 744 4121 audiam.
789 4060 858 4117 Vide
885 4056 988 4127 Magini
1016 4056 1087 4125 Eph.
1116 4074 1175 4128 cap.
1203 4061 1245 4115 ta.
1276 4067 1304 4115 et
1332 4060 1566 4132 quadripartitum
1592 4059 1742 4117 Ptolemaei

392 4149 440 4208 lib.
458 4149 481 4207 t
499 4163 560 4218 cap.
581 4146 622 4200 15.

454 4310 457 4317 ⁴
479 4246 553 4303 Nota
570 4242 620 4299 111.
655 4238 765 4296 Initium
784 4236 836 4292 hnc
855 4235 947 4291 statim
965 4231 1048 4301 labat,
1066 4231 1239 4302 nequeenim
1252 4233 1324 4290 intra
1335 4234 1579 4304 quadrieectionem
1592 4234 1746 4292 consistunt

392 4324 594 4390 consonantias,
612 4334 702 4389 nequa
720 4315 787 4372 solis
805 4312 889 4369 ternis
907 4310 1011 4367 zodiaci
1029 4309 1220 4380 divisionibus,
1245 4319 1313 4383 puta
1328 4312 1356 4367 iu
1375 4313 1443 4382 duo,
1468 4313 1496 4368 in
1514 4314 1567 4369 tria
1586 4320 1615 4368 et
1632 4313 1660 4369 in
1679 4331 1744 4384 qua·

391 4413 465 4475 uuor,
483 4402 664 4460 absolvuntur
681 4404 823 4467 aspectos3
843 4391 982 4461 aequasi
1000 4397 1147 4459 utrumqne
1165 4398 1252 4459 esset,
1271 4396 1336 4461 apte
1354 4391 1423 4446 haec
1440 4388 1495 4447 illis
1513 4400 1744 4460 compararantur.

394 4481 591 4539 &monendas
614 4495 669 4535 non
692 4481 809 4545 natura,
840 4472 890 4528 sed
907 4485 959 4527 usa
977 4468 1065 4525 solnm
1082 4474 1111 4523 et
1128 4467 1284 4536 systematis
1305 4466 1420 4537 perfecti
1444 4469 1649 4525 continuatione
1674 4470 1748 4526 intra
1775 4474 1785 4489 ‘

393 4561 569 4631 disdiapason
587 4555 698 4627 includi,
715 4554 833 4625 probant
850 4550 916 4607 iata:
936 4550 964 4614 1)
983 4545 1057 4617 quod
1074 4552 1138 4601 ante
1155 4545 1342 4603 Ptolemaeum
1356 4547 1543 4618 Pythagoran,
1562 4547 1684 4617 eusdem
1702 4548 1745 4604 nsi

393 4639 534 4710 privilegio
552 4646 581 4694 et
598 4638 671 4694 vocis
688 4635 825 4691 hnmanae
842 4627 1020 4700 amplitudine
1038 4623 1222 4695 considerata,
1246 4633 1419 4683 coarctarunt
1443 4626 1637 4683 consonantias
1660 4642 1744 4696 ango·

393 4720 464 4775 atius
481 4719 553 4774 intra
571 4712 904 4786 diapason-cpidlapente;
928 4708 959 4777 2)
977 4705 1050 4777 quod
1070 4718 1173 4775 organa
1191 4711 1285 4760 nosue
1309 4718 1397 4774 nsque
1421 4705 1456 4760 ad
1478 4704 1594 4762 tetrakia
1612 4706 1744 4776 diapason

393 4803 422 4853 et
437 4796 551 4853 ulterius
568 4793 793 4866 progredinutnr;
822 4790 852 4856 3)
870 4786 944 4857 qnod
962 4783 1134 4842 Pmlemaeus
1151 4783 1212 4853 ipae
1230 4790 1351 4854 systema
1367 4783 1534 4855 perfectum,
1552 4799 1607 4840 non
1625 4784 1746 4841 omnium

391 4875 563 4961 possibilium
579 4872 819 4934 cemouautiarnm
836 4865 991 4937 complexu,
1009 4864 1059 4922 aad
1076 4862 1136 4922 sola
1153 4862 1405 4934 repraesentatione
1422 4862 1543 4921 nmmum
1560 4867 1665 4934 septem
1683 4876 1745 4934 spe·
