3872 5846
787 344 1078 415 moestuoeputl.
1546 360 1610 433 m
1718 390 1722 396 ,

260 532 321 586 tam
344 525 510 587 abstractae
534 543 553 585 a
574 524 741 598 sensilibus,
763 540 853 601 qnam
876 536 1026 599 nunqnam
1050 525 1085 582 iis
1107 530 1261 587 cosmetae
1283 524 1405 602 luerint,
1432 530 1611 593 amantem

260 615 348 691 igitur
371 615 566 690 quantitatem
593 613 659 689 jure
681 614 820 672 terminos
850 613 1007 675 statuimus
1035 613 1271 690 proportionibus
1297 613 1475 678 harmonicis
1505 619 1610 681 arche·

260 702 384 779 typicis,
413 703 523 779 quippo
545 718 622 778 quac
645 708 714 760 sunt
736 717 772 762 ex
795 699 897 760 circuli
920 697 1115 759 divisionibus
1145 697 1430 765 demonstrabilibus.
1474 704 1528 769 Fst
1551 706 1612 767 alla

261 805 359 861 causa,
383 806 435 848 cur
456 790 619 850 abstractas
642 790 823 864 quantitates
847 787 963 864 eligam,
987 787 1057 863 quia
1073 786 1207 861 circulus,
1231 788 1282 864 qui
1303 787 1396 866 figura
1411 798 1472 867 est,
1488 802 1610 870 quartae

261 892 365 952 nempe
388 875 538 952 qualitatis
561 875 690 955 species,
722 876 857 952 quamvis
879 876 919 934 sit
940 874 1106 951 quantitas,
1136 878 1289 948 tamenin
1311 875 1369 938 hoc
1391 881 1509 956 negotio
1538 898 1610 959 pure

262 971 294 1022 ιιι
315 962 409 1040 ligura
432 963 641 1037 consideratur,
664 965 728 1023 sine
751 963 850 1037 magni
876 958 922 1021 vel
937 963 1026 1038 parvi¹
1045 960 1216 1035 discrimine,
1240 962 1315 1023 adeo
1339 974 1372 1024 ιιι
1386 969 1476 1026 etiam
1491 968 1530 1028 ab
1545 970 1611 1046 ipsa

262 1050 548 1128 quantitatevelnti
579 1067 598 1109 a
624 1066 679 1109 sno
710 1049 843 1125 subjecto
872 1048 1059 1109 abstrahatur
1083 1047 1300 1126 quodammodo
1330 1055 1480 1130 possitque
1509 1055 1558 1115 rel
1580 1058 1611 1113 in

156 1176 160 1181 -
262 1140 362 1215 puncti
385 1140 522 1214 angustia
549 1136 613 1213 ejus
636 1138 758 1213 agnosci
780 1144 892 1195 natura
937 1133 1004 1195 Hoc
1033 1136 1136 1213 opinor
1157 1134 1279 1197 Procius
1308 1138 1418 1213 uoluit,
1448 1141 1516 1202 dnm
1543 1138 1609 1203 ma‘·

252 1224 438 1289 'tbcmaticas
460 1242 508 1286 res
529 1225 559 1283 in
581 1226 681 1284 anima
703 1223 776 1283 dixit
798 1224 895 1283 inesse
917 1225 1088 1298 incorporeo
1111 1230 1141 1283 et
1162 1224 1313 1287 indistaoti
1329 1227 1432 1293 nodo.

348 1312 402 1372 Est
424 1311 550 1389 deniqne
583 1319 613 1371 et
640 1310 715 1372 baec
736 1327 850 1375 summa
878 1317 909 1370 et
937 1309 1098 1370 decumana
1120 1312 1212 1383 ratio,
1244 1312 1325 1388 quod
1346 1318 1543 1391 quantitatem
1565 1325 1611 1377 est

264 1400 405 1460 mirabilis
428 1398 574 1476 quaedam
598 1405 628 1458 et
648 1397 737 1474 plane
759 1396 859 1456 divina
880 1396 986 1473 politia
1006 1414 1160 1474 rerumque
1179 1398 1343 1459 divinarum
1367 1409 1396 1461 et
1417 1403 1611 1465 humanarum

264 1488 426 1547 communis
457 1489 486 1545 in
517 1488 553 1545 iis
584 1484 797 1563 symbolisatio.
841 1485 888 1544 Da
918 1492 1121 1544 sacrosanctae
1151 1484 1301 1548 Trinitatis
1328 1487 1551 1553 adumbratione
1581 1494 1611 1551 ia

263 1574 415 1652 sphaerico
437 1574 540 1650 scripsi
555 1574 676 1652 passim,
698 1574 729 1630 in
745 1569 867 1650 Opticls,
890 1573 920 1629 in
936 1570 1158 1631 Commentariis
1174 1572 1287 1649 Martis,
1310 1576 1341 1633 in
1357 1575 1489 1661 doctrina
1502 1579 1612 1656 spbae·

263 1662 340 1736 rica,
369 1678 445 1740 quae
467 1660 516 1720 bic
537 1660 661 1737 repetita
683 1657 761 1718 volo.
775 1653 815 1741 ¹⁴)
859 1657 999 1735 Sequitur
1029 1661 1117 1736 igitur
1146 1668 1226 1722 recta
1245 1660 1340 1737 linea,
1368 1680 1445 1741 quac
1472 1683 1509 1726 ex
1530 1654 1627 1727 flnxn‘

264 1751 365 1827 puncti
393 1752 423 1808 in
446 1755 545 1809 centro
574 1750 602 1806 in
630 1755 769 1823 puuctum
799 1746 916 1811 ameum
943 1746 1108 1823 superficiei
1139 1750 1234 1825 prima
1262 1748 1426 1812 rudimenta
1454 1754 1610 1816 creationis

265 1834 401 1903 delineat.
424 1833 540 1896 aemula
557 1844 698 1905 ,aeternae
720 1834 916 1912 generationis
930 1833 984 1893 liiii
1007 1831 1137 1915 (egressu
1151 1839 1241 1895 centri
1256 1853 1364 1899 remus·
1373 1838 1485 1901 infinita
1500 1850 1612 1918 puncta

266 1925 355 1984 totius
384 1922 561 2000 superficiei,
591 1922 677 1982 lineis
699 1920 820 1981 intinitis
847 1922 903 1980 sub
931 1921 1113 1997 aequalitate
1140 1924 1276 1984 omnibus
1300 1926 1512 2001 perfectissima
1532 1928 1610 2009 ogu-

264 2020 345 2072 ratae
367 2020 398 2072 ct
420 2006 581 2089 depictae),
603 2026 679 2084 quae
702 2017 781 2068 recta
803 2009 882 2068 tinea
904 2007 1080 2069 elementum
1108 2009 1221 2071 scilicet
1242 2020 1287 2072 est
1308 2013 1419 2073 formae
1441 2031 1610 2092 corporeae.

264 2097 396 2161 Haecin
419 2097 511 2157 latmn
534 2096 622 2157 ducta
640 2097 703 2172 jam
726 2097 820 2171 ipsam
842 2095 965 2155 tormam
979 2112 1148 2172 corpoream
1164 2096 1326 2173 adumbrat,
1348 2100 1470 2176 planum
1491 2092 1633 2179 creatrs3'

261 2186 351 2264 plano
374 2202 444 2247 raro
466 2193 578 2247 sectum
599 2183 784 2261 sphaericum
806 2181 947 2242 circulum
968 2188 1097 2243 sectione
1119 2191 1328 2261 repraesentat,
1360 2191 1466 2249 mentis
1482 2199 1609 2265 mestar,

158 2308 161 2323 ·
266 2290 343 2352 quac
365 2274 478 2350 corpori
501 2269 629 2348 regendo
651 2272 690 2330 sit
712 2269 873 2346 praelecta,
896 2272 1054 2345 genuinam
1076 2273 1248 2349 imaginem,
1275 2290 1353 2351 qnae
1374 2276 1405 2335 in
1428 2295 1464 2336 ea
1486 2294 1612 2355 propor-

163 2400 168 2419 .
209 2348 217 2359 ’
253 2363 344 2421 'done
366 2360 406 2419 sit
426 2359 464 2419 ad
487 2357 687 2435 sphaericum,
715 2364 749 2415 ut
770 2365 815 2416 est
840 2374 923 2416 meus
946 2356 1073 2417 bumana
1100 2358 1138 2418 ad
1161 2358 1315 2435 diuinam,*
1337 2359 1416 2423 linea
1437 2363 1551 2425 scilicet
1574 2363 1612 2426 ad

265 2448 462 2529 superficiem,
494 2452 618 2522 utraque
641 2454 739 2504 tamen
762 2443 923 2518 circularis,
953 2444 991 2505 ad
1013 2445 1133 2522 planum
1156 2464 1241 2521 vcro,
1270 2450 1298 2508 in
1322 2464 1381 2524 quo
1404 2458 1434 2511 et
1455 2453 1549 2525 inest,
1579 2470 1612 2513 aa

265 2536 356 2597 babet
377 2542 410 2595 ut
431 2550 553 2594 curvum
581 2531 619 2592 ad
642 2541 767 2611 rectum,
797 2549 873 2609 quae
901 2541 970 2592 suut
992 2533 1278 2599 incommunicabilia
1302 2544 1338 2613 ,et
1359 2538 1612 2601 mconnnensora-

266 2623 351 2697 bilia,
381 2625 514 2698 inestque
542 2619 661 2698 pulchre
692 2618 817 2680 circulus
846 2630 907 2680 tam
935 2621 965 2678 in
988 2620 1076 2698 plano
1102 2630 1238 2694 secante,
1268 2624 1506 2687 circumscribens
1530 2626 1613 2706 illud,

267 2728 356 2788 quam
379 2713 410 2769 in
430 2708 584 2789 sphaerico
605 2717 700 2783 semo,
723 2716 825 2767 mutuo
847 2708 998 2784 utriusque
1020 2724 1190 2783 concursu,
1206 2711 1283 2770 sicut
1304 2712 1419 2772 animus
1442 2721 1472 2773 et
1494 2715 1522 2772 in
1546 2730 1613 2775 cor-

268 2815 340 2879 pore
363 2798 448 2871 ineat,
470 2795 629 2855 informans
652 2793 722 2855 illud
746 2811 952 2870 connexaeque
974 2795 1084 2855 iormoe
1107 2812 1277 2872 corporeae,
1304 2805 1333 2857 et
1356 2801 1385 2856 in
1408 2799 1473 2860 Deo
1495 2811 1614 2861 smten·

268 2894 355 2960 tatur,
379 2882 471 2944 veluti
493 2880 638 2960 quaedam
667 2899 703 2943 ox
726 2882 811 2943 ιιιιιιι
833 2881 935 2941 divim
957 2882 988 2940 ln
1010 2898 1115 2959 corpus
1138 2881 1271 2944 derivata
1301 2883 1464 2961 irradiatio,
1495 2887 1613 2947 trabem

268 2972 335 3034 lude
358 2970 530 3032 nobiliorem
552 2978 694 3029 naturam.
739 2968 823 3045 Quae
846 2986 937 3030 cunm
957 2970 1033 3028 aiom
1055 2969 1168 3029 stabilit
1189 2973 1423 3048 proportionibus
1438 2973 1614 3035 barmonioio

271 3059 412 3121 circulum
443 3075 496 3136 pro
526 3056 661 3132 subjecto
691 3063 721 3118 et
747 3059 935 3118 terminorum
963 3056 1059 3130 ionic,
1089 3057 1132 3116 sic
1160 3057 1207 3117 rcl
1229 3059 1354 3119 maxime
1387 3061 1613 3122 abstractionem

269 3145 468 3219 commendat,
499 3161 565 3204 cum
592 3161 687 3221 neque
717 3144 746 3203 in
774 3152 871 3204 certae
902 3144 1075 3220 quantitatis
1106 3145 1230 3220 circulo,
1258 3162 1354 3222 neque
1383 3149 1415 3205 ln
1435 3149 1612 3229 imperfecto,
1717 3152 1722 3161 “

270 3241 394 3313 urgeant
420 3230 586 3293 mauriales
616 3240 645 3291 et
671 3231 810 3307 sensiles,
839 3232 909 3291 insit
938 3229 1101 3292 divinitatis
1128 3233 1217 3293 animi
1244 3232 1446 3315 adumbratio,
1477 3246 1507 3297 et
1534 3236 1614 3313 qnod

230 3386 233 3393 ,
271 3329 360 3400 caput
382 3327 443 3397 est,
466 3326 580 3379 tantum
600 3335 620 3378 a
640 3322 786 3395 corporeis
817 3326 846 3379 ct
867 3315 1023 3378 sensilibus
1046 3317 1149 3379 deceat
1171 3336 1235 3380 esse
1263 3321 1444 3385 morotum
1465 3323 1614 3400 circulum,

269 3417 411 3486 qnantum
433 3408 514 3469 curvi
538 3406 678 3481 rabones,
699 3409 788 3479 animi
811 3405 986 3485 symbolum,
1011 3424 1029 3465 a
1051 3412 1148 3481 recto,
1177 3424 1330 3486 corporum
1351 3409 1461 3485 umbra,
1484 3418 1615 3473 secretae

269 3506 299 3558 et
320 3495 403 3557 velut
423 3495 588 3557 abstractae
609 3500 687 3553 aaut
731 3492 808 3554 Satis
839 3495 927 3571 igitur
954 3494 1059 3552 muniti
1089 3511 1191 3554 snmus
1219 3494 1257 3557 ad
1279 3494 1351 3571 boc,
1380 3504 1415 3557 ut
1438 3496 1615 3561 harmonicis
1712 3488 1716 3499 ’

267 3583 511 3689 proportionibus,
534 3580 625 3641 animi
646 3579 737 3641 soline
759 3582 891 3657 objectis,
913 3581 1051 3643 terminos
1074 3597 1111 3641 cx
1132 3582 1289 3644 abstractis
1310 3585 1494 3661 potissimum
1518 3602 1615 3664 quan·

268 3672 403 3821 ml&
417 3676 523 3836 {mn
523 3685 604 3817 1binio
617 3756 716 3815 locum
731 3755 948 3830 concludamus,
971 3755 1130 3833 praecipua
1151 3755 1291 3821 fasciculo
1304 3756 1486 3836 colligemus·
1525 3758 1615 3821 Com·

269 3864 355 3911 mune
377 3843 585 3909 onim‘babent
606 3842 775 3905 bmmoniae
797 3841 920 3904 sensiles
941 3859 1008 3903 cnm
1029 3842 1280 3921 arebetypalibus,
1304 3844 1382 3921 qnod
1406 3848 1545 3909 terminos
1566 3864 1615 3909 re·

269 3936 385 4012 qutrant
407 3947 566 4009 eorumque
588 3933 851 4007 comparationem,
878 3932 970 4008 ipsim
992 3931 1108 3991 animae
1130 3932 1296 4008 energiam
1327 3934 1356 3992 in
1379 3932 1435 3995 bac
1461 3948 1616 4012 eompara-
1700 3948 1703 3953 ·

269 4024 347 4085 tione
371 4027 557 4097 utrarumque
580 4021 708 4079 essentia
730 4021 871 4081 cosentit.
917 4017 975 4079 Sed
1005 4016 1158 4079 sensilium
1184 4021 1299 4079 termini
1321 4020 1445 4082 sensiles
1467 4028 1537 4082 sunt
1563 4039 1617 4084 ox·

269 4117 372 4187 osque
395 4111 522 4171 animam
548 4112 719 4184 praesentes
746 4106 850 4171 adesse
880 4105 1004 4180 debent3
1032 4104 1264 4184 archetypallum
1288 4110 1402 4169 termini
1432 4115 1618 4177 suntantea

270 4199 348 4261 intus
369 4199 399 4256 in
425 4198 524 4257 anima
545 4201 723 4271 praesentes.
767 4191 931 4254 sensilibus
958 4188 1047 4269 igitur
1069 4209 1143 4271 opus
1165 4196 1284 4274 insuper
1305 4203 1350 4255 est
1374 4197 1542 4273 receptione
1563 4212 1617 4274 per

270 4286 398 4363 melem
420 4301 457 4344 ex
478 4300 511 4343 ae
533 4282 678 4354 emissam,
712 4297 790 4357 quae
812 4282 939 4357 receptio
961 4279 1014 4339 liat
1035 4297 1054 4341 a
1076 4280 1211 4341 sensibus
1233 4284 1348 4344 animae
1370 4280 1509 4345 ministris
1541 4298 1617 4362 opus

271 4380 315 4433 cat
337 4379 367 4431 et
388 4369 449 4432 alia
470 4370 688 4448 comparatione
710 4367 892 4444 singulorum
914 4369 1103 4427 terminorum
1116 4368 1268 4429 sensilium
1290 4386 1356 4429 cum
1372 4370 1497 4446 singolis
1512 4370 1617 4433 moire·

270 4459 428 4539 typalibns,
450 4465 524 4535 puta
545 4456 655 4525 circulo
677 4456 799 4533 ejusque
821 4465 905 4533 parto
926 4454 1038 4529 scibili;
1064 4462 1095 4516 at
1116 4455 1287 4518 barmoniae
1308 4457 1490 4536 arebetypaii
1513 4467 1617 4521 neutra

271 4563 301 4607 re
324 4554 369 4607 est
391 4562 474 4623 opus,
499 4563 565 4607 cum
587 4545 700 4604 termini
722 4550 811 4604 antea
831 4545 892 4603 sint
912 4543 943 4601 in
964 4543 1064 4602 anima
1085 4550 1269 4621 praesentes,
1292 4546 1319 4605 ci
1341 4547 1513 4622 congenitae
1534 4548 1617 4624 ipsse

273 4650 330 4709 que
352 4632 427 4694 adeo
449 4633 556 4706 anima,
580 4648 634 4691 nec
655 4633 754 4708 imago
777 4633 837 4691 sint
857 4631 920 4691 veri
935 4632 981 4689 sui
995 4628 1215 4708 paradigmatis,
1238 4630 1291 4691 sed
1305 4634 1401 4709 ipsum
1422 4650 1506 4694 suum
1521 4632 1615 4694 veluti

270 4719 450 4798 paradigma
469 4760 473 4771 .
494 4719 542 4781 lta
570 4719 695 4797 simplex
717 4725 829 4781 tantum
858 4719 1053 4796 comparatio,
1085 4735 1175 4795 quam
1202 4720 1327 4781 institnit
1349 4721 1465 4796 anima,
1492 4737 1614 4785 sumum

270 4807 364 4886 ipsias
396 4809 488 4871 retati
514 4808 640 4886 partium
675 4807 752 4867 inter
782 4823 831 4882 aa,
860 4803 990 4866 absolvit
1021 4805 1226 4886 archetypicas
1259 4805 1428 4870 barmoniae
1460 4808 1639 4871 mendam,
