<?xml version="1.0" encoding="UTF-8"?>
<!DOCTYPE html PUBLIC "-//W3C//DTD XHTML 1.0 Transitional//EN"
    "http://www.w3.org/TR/xhtml1/DTD/xhtml1-transitional.dtd">
<html xmlns="http://www.w3.org/1999/xhtml" xml:lang="en" lang="en">
 <head>
  <title>
</title>
<meta http-equiv="Content-Type" content="text/html;charset=utf-8" />
  <meta name='ocr-system' content='tesseract 3.04.00' />
  <meta name='ocr-capabilities' content='ocr_page ocr_carea ocr_par ocr_line ocrx_word'/>
</head>
<body>
  <div class='ocr_page' id='page_1' title='image "./joanniskepleria29frisgoog_0420.png"; bbox 0 0 3882 5862; ppageno 0'>
   <div class='ocr_carea' id='block_1_1' title="bbox 748 366 1590 467">
    <p class='ocr_par' dir='ltr' id='par_1_1' title="bbox 748 366 1590 467">
     <span class='ocr_line' id='line_1_1' title="bbox 748 366 1590 467; baseline 0.013 -15"><span class='ocrx_word' id='word_1_1' title='bbox 748 396 1080 467; x_wconf 57' lang='lat' dir='ltr'><strong>mmmm</strong></span> <span class='ocrx_word' id='word_1_2' title='bbox 1527 366 1590 464; x_wconf 70' lang='lat' dir='ltr'><strong>m</strong></span> 
     </span>
    </p>
   </div>
   <div class='ocr_carea' id='block_1_2' title="bbox 231 569 1590 944">
    <p class='ocr_par' dir='ltr' id='par_1_2' title="bbox 231 569 1590 944">
     <span class='ocr_line' id='line_1_2' title="bbox 231 569 1585 641; baseline 0.001 -17"><span class='ocrx_word' id='word_1_3' title='bbox 231 583 294 625; x_wconf 88' lang='lat' dir='ltr'><strong>esse</strong></span> <span class='ocrx_word' id='word_1_4' title='bbox 310 569 502 640; x_wconf 67' lang='lat' dir='ltr'><strong>proportiones</strong></span> <span class='ocrx_word' id='word_1_5' title='bbox 519 569 700 627; x_wconf 86' lang='lat' dir='ltr'><strong>harmonicas.</strong></span> <span class='ocrx_word' id='word_1_6' title='bbox 736 570 853 627; x_wconf 78' lang='lat' dir='ltr'><strong>Secutus</strong></span> <span class='ocrx_word' id='word_1_7' title='bbox 872 586 936 641; x_wconf 91' lang='lat' dir='ltr'><strong>ergo</strong></span> <span class='ocrx_word' id='word_1_8' title='bbox 955 572 1145 640; x_wconf 73' lang='lat' dir='ltr'><strong>cognationem</strong></span> <span class='ocrx_word' id='word_1_9' title='bbox 1163 571 1378 639; x_wconf 72' lang='lat' dir='ltr'><strong>rerumrerum,</strong></span> <span class='ocrx_word' id='word_1_10' title='bbox 1407 569 1508 626; x_wconf 87' lang='lat' dir='ltr'><strong>solidas</strong></span> <span class='ocrx_word' id='word_1_11' title='bbox 1527 571 1585 640; x_wconf 85' lang='lat' dir='ltr'><strong>qai·</strong></span> 
     </span>
     <span class='ocr_line' id='line_1_3' title="bbox 234 649 1590 721; baseline -0.001 -18"><span class='ocrx_word' id='word_1_12' title='bbox 234 649 294 704; x_wconf 87' lang='lat' dir='ltr'><strong>dem</strong></span> <span class='ocrx_word' id='word_1_13' title='bbox 317 650 417 719; x_wconf 85' lang='lat' dir='ltr'><strong>ligures</strong></span> <span class='ocrx_word' id='word_1_14' title='bbox 440 651 542 721; x_wconf 88' lang='lat' dir='ltr'><strong>primas</strong></span> <span class='ocrx_word' id='word_1_15' title='bbox 566 650 653 720; x_wconf 89' lang='lat' dir='ltr'><strong>prime</strong></span> <span class='ocrx_word' id='word_1_16' title='bbox 676 650 766 720; x_wconf 87' lang='lat' dir='ltr'><strong>spatia</strong></span> <span class='ocrx_word' id='word_1_17' title='bbox 787 650 880 705; x_wconf 87' lang='lat' dir='ltr'><strong>muudi</strong></span> <span class='ocrx_word' id='word_1_18' title='bbox 903 658 1124 721; x_wconf 80' lang='lat' dir='ltr'><strong>repraesentare3</strong></span> <span class='ocrx_word' id='word_1_19' title='bbox 1148 650 1268 720; x_wconf 90' lang='lat' dir='ltr'><strong>quinque</strong></span> <span class='ocrx_word' id='word_1_20' title='bbox 1295 650 1366 703; x_wconf 90' lang='lat' dir='ltr'><strong>enim</strong></span> <span class='ocrx_word' id='word_1_21' title='bbox 1389 649 1492 718; x_wconf 84' lang='lat' dir='ltr'><strong>figurae</strong></span> <span class='ocrx_word' id='word_1_22' title='bbox 1511 655 1590 705; x_wconf 89' lang='lat' dir='ltr'><strong>erant</strong></span> 
     </span>
     <span class='ocr_line' id='line_1_4' title="bbox 233 727 1587 801; baseline 0.003 -22"><span class='ocrx_word' id='word_1_23' title='bbox 233 727 262 779; x_wconf 89' lang='lat' dir='ltr'><strong>iu</strong></span> <span class='ocrx_word' id='word_1_24' title='bbox 279 732 436 799; x_wconf 86' lang='lat' dir='ltr'><strong>geometris,</strong></span> <span class='ocrx_word' id='word_1_25' title='bbox 456 731 576 799; x_wconf 88' lang='lat' dir='ltr'><strong>quinque</strong></span> <span class='ocrx_word' id='word_1_26' title='bbox 594 730 688 787; x_wconf 88' lang='lat' dir='ltr'><strong>itidem</strong></span> <span class='ocrx_word' id='word_1_27' title='bbox 705 730 852 785; x_wconf 88' lang='lat' dir='ltr'><strong>interstitia</strong></span> <span class='ocrx_word' id='word_1_28' title='bbox 871 730 982 801; x_wconf 88' lang='lat' dir='ltr'><strong>(quippe</strong></span> <span class='ocrx_word' id='word_1_29' title='bbox 1000 731 1172 800; x_wconf 85' lang='lat' dir='ltr'><strong>planetarum</strong></span> <span class='ocrx_word' id='word_1_30' title='bbox 1196 745 1246 783; x_wconf 90' lang='lat' dir='ltr'><strong>seu</strong></span> <span class='ocrx_word' id='word_1_31' title='bbox 1269 729 1465 784; x_wconf 90' lang='lat' dir='ltr'><strong>curriculorum</strong></span> <span class='ocrx_word' id='word_1_32' title='bbox 1483 731 1540 797; x_wconf 89' lang='grc' dir='ltr'>ιιι)</span> <span class='ocrx_word' id='word_1_33' title='bbox 1559 730 1587 783; x_wconf 92' lang='lat' dir='ltr'><strong>in</strong></span> 
     </span>
     <span class='ocr_line' id='line_1_5' title="bbox 233 807 1590 879; baseline 0.001 -18"><span class='ocrx_word' id='word_1_34' title='bbox 233 807 394 877; x_wconf 83' lang='lat' dir='ltr'><strong>Copernice.</strong></span> <span class='ocrx_word' id='word_1_35' title='bbox 430 809 608 865; x_wconf 89' lang='lat' dir='ltr'><strong>Hermouicas</strong></span> <span class='ocrx_word' id='word_1_36' title='bbox 626 825 691 863; x_wconf 81' lang='lat' dir='ltr'><strong>vero</strong></span> <span class='ocrx_word' id='word_1_37' title='bbox 709 811 914 879; x_wconf 79' lang='lat' dir='ltr'><strong>proportiones,</strong></span> <span class='ocrx_word' id='word_1_38' title='bbox 941 817 972 865; x_wconf 92' lang='grc' dir='ltr'><strong>ιιι</strong></span> <span class='ocrx_word' id='word_1_39' title='bbox 990 825 1025 867; x_wconf 84' lang='grc' dir='ltr'><strong>ιι</strong></span> <span class='ocrx_word' id='word_1_40' title='bbox 1043 811 1132 879; x_wconf 78' lang='lat' dir='ltr'><strong>pionis</strong></span> <span class='ocrx_word' id='word_1_41' title='bbox 1150 816 1178 863; x_wconf 92' lang='lat' dir='ltr'><strong>et</strong></span> <span class='ocrx_word' id='word_1_42' title='bbox 1196 808 1321 863; x_wconf 89' lang='lat' dir='ltr'><strong>circulari</strong></span> <span class='ocrx_word' id='word_1_43' title='bbox 1338 808 1410 862; x_wconf 91' lang='lat' dir='ltr'><strong>linea</strong></span> <span class='ocrx_word' id='word_1_44' title='bbox 1427 814 1515 877; x_wconf 88' lang='lat' dir='ltr'><strong>ortas,</strong></span> <span class='ocrx_word' id='word_1_45' title='bbox 1534 823 1590 862; x_wconf 91' lang='lat' dir='ltr'><strong>mo-</strong></span> 
     </span>
     <span class='ocr_line' id='line_1_6' title="bbox 232 884 1126 944; baseline 0.007 -6"><span class='ocrx_word' id='word_1_46' title='bbox 232 884 306 941; x_wconf 88' lang='lat' dir='ltr'><strong>tibus</strong></span> <span class='ocrx_word' id='word_1_47' title='bbox 324 887 487 943; x_wconf 73' lang='lat' dir='ltr'><strong>exornandis</strong></span> <span class='ocrx_word' id='word_1_48' title='bbox 506 888 591 943; x_wconf 84' lang='lat' dir='ltr'><strong>inisse</strong></span> <span class='ocrx_word' id='word_1_49' title='bbox 610 887 771 944; x_wconf 88' lang='lat' dir='ltr'><strong>destinates.</strong></span> <span class='ocrx_word' id='word_1_50' title='bbox 1123 916 1126 927; x_wconf 88' lang='lat'><strong>·</strong></span> 
     </span>
    </p>
   </div>
   <div class='ocr_carea' id='block_1_3' title="bbox 230 983 1591 1529">
    <p class='ocr_par' dir='ltr' id='par_1_3' title="bbox 230 983 1591 1529">
     <span class='ocr_line' id='line_1_7' title="bbox 256 983 1589 1055; baseline -0.001 -16"><span class='ocrx_word' id='word_1_51' title='bbox 256 1035 259 1039; x_wconf 76' lang='grc'><strong>,</strong></span> <span class='ocrx_word' id='word_1_52' title='bbox 321 983 401 1051; x_wconf 76' lang='lat' dir='ltr'><strong>Quod</strong></span> <span class='ocrx_word' id='word_1_53' title='bbox 418 985 502 1055; x_wconf 83' lang='lat' dir='ltr'><strong>igitur</strong></span> <span class='ocrx_word' id='word_1_54' title='bbox 520 985 661 1039; x_wconf 87' lang='lat' dir='ltr'><strong>materiam</strong></span> <span class='ocrx_word' id='word_1_55' title='bbox 680 985 778 1040; x_wconf 78' lang='lat' dir='ltr'><strong>attinet</strong></span> <span class='ocrx_word' id='word_1_56' title='bbox 797 984 911 1040; x_wconf 88' lang='lat' dir='ltr'><strong>duorum</strong></span> <span class='ocrx_word' id='word_1_57' title='bbox 928 984 1027 1047; x_wconf 86' lang='lat' dir='ltr'><strong>horum</strong></span> <span class='ocrx_word' id='word_1_58' title='bbox 1037 984 1187 1039; x_wconf 83' lang='lat' dir='ltr'><strong>Ptolemaei</strong></span> <span class='ocrx_word' id='word_1_59' title='bbox 1204 985 1331 1053; x_wconf 88' lang='lat' dir='ltr'><strong>capitum,</strong></span> <span class='ocrx_word' id='word_1_60' title='bbox 1350 984 1431 1040; x_wconf 89' lang='lat' dir='ltr'><strong>unius</strong></span> <span class='ocrx_word' id='word_1_61' title='bbox 1444 984 1478 1038; x_wconf 87' lang='lat' dir='ltr'><strong>de</strong></span> <span class='ocrx_word' id='word_1_62' title='bbox 1491 984 1589 1054; x_wconf 89' lang='lat' dir='ltr'><strong>sphae-</strong></span> 
     </span>
     <span class='ocr_line' id='line_1_8' title="bbox 230 1061 1589 1133; baseline 0.001 -18"><span class='ocrx_word' id='word_1_63' title='bbox 230 1061 277 1129; x_wconf 86' lang='lat' dir='ltr'><strong>ris,</strong></span> <span class='ocrx_word' id='word_1_64' title='bbox 296 1062 409 1117; x_wconf 87' lang='lat' dir='ltr'><strong>alterius</strong></span> <span class='ocrx_word' id='word_1_65' title='bbox 435 1063 469 1117; x_wconf 90' lang='lat' dir='ltr'><strong>de</strong></span> <span class='ocrx_word' id='word_1_66' title='bbox 488 1064 623 1130; x_wconf 87' lang='lat' dir='ltr'><strong>motibus,</strong></span> <span class='ocrx_word' id='word_1_67' title='bbox 642 1063 676 1117; x_wconf 89' lang='lat' dir='ltr'><strong>de</strong></span> <span class='ocrx_word' id='word_1_68' title='bbox 695 1065 819 1133; x_wconf 75' lang='lat' dir='ltr'><strong>sphaeris</strong></span> <span class='ocrx_word' id='word_1_69' title='bbox 838 1064 946 1132; x_wconf 89' lang='lat' dir='ltr'><strong>quidem</strong></span> <span class='ocrx_word' id='word_1_70' title='bbox 965 1070 1057 1119; x_wconf 84' lang='lat' dir='ltr'><strong>exstat</strong></span> <span class='ocrx_word' id='word_1_71' title='bbox 1073 1062 1183 1119; x_wconf 83' lang='lat' dir='ltr'><strong>libellus</strong></span> <span class='ocrx_word' id='word_1_72' title='bbox 1201 1062 1467 1133; x_wconf 81' lang='lat' dir='ltr'><strong>meus,.Mysteriunt</strong></span> <span class='ocrx_word' id='word_1_73' title='bbox 1480 1064 1589 1118; x_wconf 87' lang='lat' dir='ltr'><strong>Cosmu-</strong></span> 
     </span>
     <span class='ocr_line' id='line_1_9' title="bbox 232 1142 1591 1212; baseline 0.001 -17"><span class='ocrx_word' id='word_1_74' title='bbox 232 1142 390 1211; x_wconf 73' lang='lat' dir='ltr'><strong>graphicum</strong></span> <span class='ocrx_word' id='word_1_75' title='bbox 415 1142 518 1211; x_wconf 89' lang='lat' dir='ltr'><strong>dictus,</strong></span> <span class='ocrx_word' id='word_1_76' title='bbox 546 1143 592 1211; x_wconf 92' lang='lat' dir='ltr'><strong>qui</strong></span> <span class='ocrx_word' id='word_1_77' title='bbox 615 1149 679 1197; x_wconf 89' lang='lat' dir='ltr'><strong>ante</strong></span> <span class='ocrx_word' id='word_1_78' title='bbox 701 1142 736 1197; x_wconf 92' lang='grc'><strong>22</strong></span> <span class='ocrx_word' id='word_1_79' title='bbox 755 1158 841 1197; x_wconf 83' lang='grc' dir='ltr'>ιιιοι</span> <span class='ocrx_word' id='word_1_80' title='bbox 866 1142 956 1199; x_wconf 88' lang='lat' dir='ltr'><strong>editus</strong></span> <span class='ocrx_word' id='word_1_81' title='bbox 982 1150 1025 1197; x_wconf 88' lang='lat' dir='ltr'><strong>est</strong></span> <span class='ocrx_word' id='word_1_82' title='bbox 1043 1143 1197 1211; x_wconf 83' lang='lat' dir='ltr'><strong>Tubingae,</strong></span> <span class='ocrx_word' id='word_1_83' title='bbox 1225 1142 1306 1209; x_wconf 91' lang='lat' dir='ltr'><strong>cujus</strong></span> <span class='ocrx_word' id='word_1_84' title='bbox 1330 1142 1479 1211; x_wconf 88' lang='lat' dir='ltr'><strong>praecipua</strong></span> <span class='ocrx_word' id='word_1_85' title='bbox 1500 1143 1591 1212; x_wconf 85' lang='lat' dir='ltr'><strong>capita</strong></span> 
     </span>
     <span class='ocr_line' id='line_1_10' title="bbox 232 1218 1589 1292; baseline 0.003 -20"><span class='ocrx_word' id='word_1_86' title='bbox 232 1220 328 1287; x_wconf 86' lang='lat' dir='ltr'><strong>repetii</strong></span> <span class='ocrx_word' id='word_1_87' title='bbox 345 1221 415 1276; x_wconf 91' lang='lat' dir='ltr'><strong>libro</strong></span> <span class='ocrx_word' id='word_1_88' title='bbox 433 1218 516 1292; x_wconf 86' lang='lat' dir='ltr'><strong>hujus</strong></span> <span class='ocrx_word' id='word_1_89' title='bbox 532 1223 587 1277; x_wconf 87' lang='lat' dir='ltr'><strong>mei</strong></span> <span class='ocrx_word' id='word_1_90' title='bbox 604 1221 694 1290; x_wconf 89' lang='lat' dir='ltr'><strong>operis</strong></span> <span class='ocrx_word' id='word_1_91' title='bbox 713 1221 863 1277; x_wconf 77' lang='lat' dir='ltr'><strong>harmonici</strong></span> <span class='ocrx_word' id='word_1_92' title='bbox 881 1222 985 1291; x_wconf 92' lang='lat' dir='ltr'><strong>quinto,</strong></span> <span class='ocrx_word' id='word_1_93' title='bbox 1003 1237 1062 1290; x_wconf 87' lang='lat' dir='ltr'><strong>cap.</strong></span> <span class='ocrx_word' id='word_1_94' title='bbox 1084 1223 1107 1276; x_wconf 91' lang='lat'><strong>1.</strong></span> <span class='ocrx_word' id='word_1_95' title='bbox 1126 1229 1154 1275; x_wconf 91' lang='lat' dir='ltr'><strong>et</strong></span> <span class='ocrx_word' id='word_1_96' title='bbox 1173 1223 1197 1276; x_wconf 86' lang='lat'><strong>3.</strong></span> <span class='ocrx_word' id='word_1_97' title='bbox 1216 1220 1244 1275; x_wconf 90' lang='lat' dir='ltr'><strong>iu</strong></span> <span class='ocrx_word' id='word_1_98' title='bbox 1263 1220 1414 1289; x_wconf 81' lang='lat' dir='ltr'><strong>schemate,</strong></span> <span class='ocrx_word' id='word_1_99' title='bbox 1439 1229 1468 1275; x_wconf 91' lang='lat' dir='ltr'><strong>ct</strong></span> <span class='ocrx_word' id='word_1_100' title='bbox 1485 1237 1544 1291; x_wconf 92' lang='lat' dir='ltr'><strong>cap.</strong></span> <span class='ocrx_word' id='word_1_101' title='bbox 1562 1222 1589 1276; x_wconf 93' lang='grc'><strong>4.</strong></span> 
     </span>
     <span class='ocr_line' id='line_1_11' title="bbox 233 1298 1590 1375; baseline 0.002 -23"><span class='ocrx_word' id='word_1_102' title='bbox 233 1298 301 1352; x_wconf 86' lang='lat' dir='ltr'><strong>iolio</strong></span> <span class='ocrx_word' id='word_1_103' title='bbox 317 1301 368 1356; x_wconf 81' lang='grc'><strong>196</strong></span> <span class='ocrx_word' id='word_1_104' title='bbox 388 1300 466 1369; x_wconf 79' lang='grc'><strong>(285)</strong></span> <span class='ocrx_word' id='word_1_105' title='bbox 485 1309 512 1355; x_wconf 89' lang='grc' dir='ltr'><strong>ιι</strong></span> <span class='ocrx_word' id='word_1_106' title='bbox 530 1301 652 1370; x_wconf 83' lang='lat' dir='ltr'><strong>inprimis</strong></span> <span class='ocrx_word' id='word_1_107' title='bbox 670 1315 730 1370; x_wconf 88' lang='lat' dir='ltr'><strong>cap.</strong></span> <span class='ocrx_word' id='word_1_108' title='bbox 749 1301 774 1369; x_wconf 87' lang='lat'><strong>9,</strong></span> <span class='ocrx_word' id='word_1_109' title='bbox 792 1298 830 1354; x_wconf 86' lang='grc' dir='ltr'><strong>ιιιΙ</strong></span> <span class='ocrx_word' id='word_1_110' title='bbox 841 1300 977 1354; x_wconf 83' lang='lat' dir='ltr'><strong>axiomata</strong></span> <span class='ocrx_word' id='word_1_111' title='bbox 999 1299 1024 1352; x_wconf 85' lang='lat'><strong>2.</strong></span> <span class='ocrx_word' id='word_1_112' title='bbox 1043 1306 1071 1354; x_wconf 90' lang='lat' dir='ltr'><strong>et</strong></span> <span class='ocrx_word' id='word_1_113' title='bbox 1088 1300 1130 1375; x_wconf 76' lang='lat' dir='ltr'><strong>le</strong></span> <span class='ocrx_word' id='word_1_114' title='bbox 1149 1307 1177 1354; x_wconf 91' lang='lat' dir='ltr'><strong>et</strong></span> <span class='ocrx_word' id='word_1_115' title='bbox 1194 1312 1271 1368; x_wconf 89' lang='lat' dir='ltr'><strong>prop.</strong></span> <span class='ocrx_word' id='word_1_116' title='bbox 1284 1299 1328 1354; x_wconf 83' lang='grc'><strong>47.</strong></span> <span class='ocrx_word' id='word_1_117' title='bbox 1347 1305 1375 1354; x_wconf 90' lang='grc' dir='ltr'><strong>ιι</strong></span> <span class='ocrx_word' id='word_1_118' title='bbox 1386 1301 1428 1355; x_wconf 86' lang='grc'><strong>48.</strong></span> <span class='ocrx_word' id='word_1_119' title='bbox 1448 1306 1477 1356; x_wconf 85' lang='grc' dir='ltr'><strong>ιι</strong></span> <span class='ocrx_word' id='word_1_120' title='bbox 1488 1301 1516 1355; x_wconf 91' lang='lat' dir='ltr'><strong>iu</strong></span> <span class='ocrx_word' id='word_1_121' title='bbox 1534 1301 1590 1370; x_wconf 89' lang='lat' dir='ltr'><strong>epi-</strong></span> 
     </span>
     <span class='ocr_line' id='line_1_12' title="bbox 233 1376 1591 1450; baseline 0.002 -19"><span class='ocrx_word' id='word_1_122' title='bbox 233 1378 398 1448; x_wconf 89' lang='lat' dir='ltr'><strong>phenemate</strong></span> <span class='ocrx_word' id='word_1_123' title='bbox 416 1380 458 1447; x_wconf 79' lang='lat' dir='ltr'><strong>ts,</strong></span> <span class='ocrx_word' id='word_1_124' title='bbox 477 1386 508 1434; x_wconf 90' lang='lat' dir='ltr'><strong>ut</strong></span> <span class='ocrx_word' id='word_1_125' title='bbox 526 1386 554 1435; x_wconf 93' lang='lat' dir='ltr'><strong>et</strong></span> <span class='ocrx_word' id='word_1_126' title='bbox 571 1396 631 1449; x_wconf 72' lang='lat' dir='ltr'><strong>cap⁴</strong></span> <span class='ocrx_word' id='word_1_127' title='bbox 650 1383 693 1437; x_wconf 85' lang='lat'><strong>10.</strong></span> <span class='ocrx_word' id='word_1_128' title='bbox 712 1380 741 1434; x_wconf 93' lang='lat' dir='ltr'><strong>in</strong></span> <span class='ocrx_word' id='word_1_129' title='bbox 758 1379 874 1448; x_wconf 87' lang='lat' dir='ltr'><strong>epilogo,</strong></span> <span class='ocrx_word' id='word_1_130' title='bbox 895 1376 960 1432; x_wconf 87' lang='lat' dir='ltr'><strong>folio</strong></span> <span class='ocrx_word' id='word_1_131' title='bbox 979 1377 1031 1434; x_wconf 76' lang='grc'><strong>248</strong></span> <span class='ocrx_word' id='word_1_132' title='bbox 1049 1378 1137 1447; x_wconf 76' lang='lat'><strong>(327).</strong></span> <span class='ocrx_word' id='word_1_133' title='bbox 1174 1379 1215 1432; x_wconf 89' lang='lat' dir='ltr'><strong>De</strong></span> <span class='ocrx_word' id='word_1_134' title='bbox 1233 1378 1351 1434; x_wconf 84' lang='lat' dir='ltr'><strong>motibus</strong></span> <span class='ocrx_word' id='word_1_135' title='bbox 1370 1394 1442 1450; x_wconf 85' lang='lat' dir='ltr'><strong>vero,</strong></span> <span class='ocrx_word' id='word_1_136' title='bbox 1460 1380 1495 1434; x_wconf 91' lang='lat' dir='ltr'><strong>cd</strong></span> <span class='ocrx_word' id='word_1_137' title='bbox 1508 1386 1591 1450; x_wconf 88' lang='lat' dir='ltr'><strong>caput</strong></span> 
     </span>
     <span class='ocr_line' id='line_1_13' title="bbox 235 1456 1540 1529; baseline 0.002 -16"><span class='ocrx_word' id='word_1_138' title='bbox 235 1459 384 1515; x_wconf 75' lang='lat' dir='ltr'><strong>Ptolemaei</strong></span> <span class='ocrx_word' id='word_1_139' title='bbox 401 1474 519 1528; x_wconf 83' lang='lat' dir='ltr'><strong>aequem</strong></span> <span class='ocrx_word' id='word_1_140' title='bbox 539 1462 579 1516; x_wconf 87' lang='lat'><strong>15.</strong></span> <span class='ocrx_word' id='word_1_141' title='bbox 598 1460 805 1529; x_wconf 86' lang='lat' dir='ltr'><strong>pertinentibus,</strong></span> <span class='ocrx_word' id='word_1_142' title='bbox 824 1474 875 1526; x_wconf 85' lang='lat' dir='ltr'><strong>ago</strong></span> <span class='ocrx_word' id='word_1_143' title='bbox 893 1456 963 1511; x_wconf 92' lang='lat' dir='ltr'><strong>libro</strong></span> <span class='ocrx_word' id='word_1_144' title='bbox 981 1456 1076 1524; x_wconf 90' lang='lat' dir='ltr'><strong>quinto</strong></span> <span class='ocrx_word' id='word_1_145' title='bbox 1096 1458 1187 1525; x_wconf 89' lang='lat' dir='ltr'><strong>operis</strong></span> <span class='ocrx_word' id='word_1_146' title='bbox 1205 1457 1258 1511; x_wconf 90' lang='lat' dir='ltr'><strong>mei</strong></span> <span class='ocrx_word' id='word_1_147' title='bbox 1276 1462 1335 1512; x_wconf 89' lang='lat' dir='ltr'><strong>toto</strong></span> <span class='ocrx_word' id='word_1_148' title='bbox 1354 1472 1390 1512; x_wconf 84' lang='lat' dir='ltr'><strong>ex</strong></span> <span class='ocrx_word' id='word_1_149' title='bbox 1407 1458 1540 1528; x_wconf 85' lang='lat' dir='ltr'><strong>professo.</strong></span> 
     </span>
    </p>
   </div>
   <div class='ocr_carea' id='block_1_4' title="bbox 164 1550 1592 3363">
    <p class='ocr_par' dir='ltr' id='par_1_4' title="bbox 164 1550 1592 3363">
     <span class='ocr_line' id='line_1_14' title="bbox 322 1550 1590 1625; baseline -0.001 -13"><span class='ocrx_word' id='word_1_150' title='bbox 322 1555 382 1612; x_wconf 86' lang='lat' dir='ltr'><strong>Sed</strong></span> <span class='ocrx_word' id='word_1_151' title='bbox 404 1557 439 1612; x_wconf 87' lang='lat' dir='ltr'><strong>de</strong></span> <span class='ocrx_word' id='word_1_152' title='bbox 463 1555 587 1625; x_wconf 86' lang='lat' dir='ltr'><strong>sphaeris</strong></span> <span class='ocrx_word' id='word_1_153' title='bbox 611 1571 723 1623; x_wconf 86' lang='lat' dir='ltr'><strong>agamur</strong></span> <span class='ocrx_word' id='word_1_154' title='bbox 739 1555 805 1622; x_wconf 90' lang='lat' dir='ltr'><strong>jam.</strong></span> <span class='ocrx_word' id='word_1_155' title='bbox 843 1553 953 1608; x_wconf 87' lang='lat' dir='ltr'><strong>Summa</strong></span> <span class='ocrx_word' id='word_1_156' title='bbox 978 1551 1049 1606; x_wconf 90' lang='lat' dir='ltr'><strong>enim</strong></span> <span class='ocrx_word' id='word_1_157' title='bbox 1066 1550 1192 1622; x_wconf 85' lang='lat' dir='ltr'><strong>Mysterii</strong></span> <span class='ocrx_word' id='word_1_158' title='bbox 1211 1554 1432 1623; x_wconf 81' lang='lat' dir='ltr'><strong>eosmographici</strong></span> <span class='ocrx_word' id='word_1_159' title='bbox 1452 1556 1520 1611; x_wconf 90' lang='lat' dir='ltr'><strong>haec</strong></span> <span class='ocrx_word' id='word_1_160' title='bbox 1539 1563 1590 1625; x_wconf 90' lang='lat' dir='ltr'><strong>cst,</strong></span> 
     </span>
     <span class='ocr_line' id='line_1_15' title="bbox 234 1629 1590 1706; baseline 0 -16"><span class='ocrx_word' id='word_1_161' title='bbox 234 1634 320 1706; x_wconf 87' lang='lat' dir='ltr'><strong>qued,</strong></span> <span class='ocrx_word' id='word_1_162' title='bbox 348 1650 409 1689; x_wconf 90' lang='lat' dir='ltr'><strong>cnm</strong></span> <span class='ocrx_word' id='word_1_163' title='bbox 427 1650 482 1689; x_wconf 91' lang='lat' dir='ltr'><strong>non</strong></span> <span class='ocrx_word' id='word_1_164' title='bbox 500 1633 606 1702; x_wconf 86' lang='lat' dir='ltr'><strong>possint</strong></span> <span class='ocrx_word' id='word_1_165' title='bbox 619 1649 679 1687; x_wconf 87' lang='lat' dir='ltr'><strong>esse</strong></span> <span class='ocrx_word' id='word_1_166' title='bbox 696 1632 790 1702; x_wconf 91' lang='lat' dir='ltr'><strong>piures</strong></span> <span class='ocrx_word' id='word_1_167' title='bbox 807 1630 913 1700; x_wconf 86' lang='lat' dir='ltr'><strong>figurae</strong></span> <span class='ocrx_word' id='word_1_168' title='bbox 931 1629 1035 1686; x_wconf 86' lang='lat' dir='ltr'><strong>solidae</strong></span> <span class='ocrx_word' id='word_1_169' title='bbox 1053 1629 1191 1696; x_wconf 79' lang='lat' dir='ltr'><strong>regulares</strong></span> <span class='ocrx_word' id='word_1_170' title='bbox 1215 1648 1296 1701; x_wconf 87' lang='lat' dir='ltr'><strong>qnam</strong></span> <span class='ocrx_word' id='word_1_171' title='bbox 1314 1634 1344 1703; x_wconf 80' lang='lat'><strong>5,</strong></span> <span class='ocrx_word' id='word_1_172' title='bbox 1369 1646 1425 1687; x_wconf 93' lang='lat' dir='ltr'><strong>non</strong></span> <span class='ocrx_word' id='word_1_173' title='bbox 1443 1634 1525 1689; x_wconf 85' lang='lat' dir='ltr'><strong>etiam</strong></span> <span class='ocrx_word' id='word_1_174' title='bbox 1545 1636 1590 1690; x_wconf 88' lang='lat' dir='ltr'><strong>de·</strong></span> 
     </span>
     <span class='ocr_line' id='line_1_16' title="bbox 233 1709 1589 1782; baseline -0.001 -12"><span class='ocrx_word' id='word_1_175' title='bbox 233 1715 342 1770; x_wconf 90' lang='lat' dir='ltr'><strong>buerint</strong></span> <span class='ocrx_word' id='word_1_176' title='bbox 359 1713 418 1768; x_wconf 86' lang='lat' dir='ltr'><strong>fieri</strong></span> <span class='ocrx_word' id='word_1_177' title='bbox 437 1713 516 1782; x_wconf 89' lang='lat' dir='ltr'><strong>plura</strong></span> <span class='ocrx_word' id='word_1_178' title='bbox 534 1712 639 1768; x_wconf 91' lang='lat' dir='ltr'><strong>orbium</strong></span> <span class='ocrx_word' id='word_1_179' title='bbox 657 1711 868 1781; x_wconf 87' lang='lat' dir='ltr'><strong>planetariorum</strong></span> <span class='ocrx_word' id='word_1_180' title='bbox 886 1709 1031 1765; x_wconf 85' lang='lat' dir='ltr'><strong>intervalia</strong></span> <span class='ocrx_word' id='word_1_181' title='bbox 1049 1726 1129 1779; x_wconf 88' lang='lat' dir='ltr'><strong>quam</strong></span> <span class='ocrx_word' id='word_1_182' title='bbox 1148 1709 1241 1765; x_wconf 90' lang='lat' dir='ltr'><strong>itidem</strong></span> <span class='ocrx_word' id='word_1_183' title='bbox 1259 1713 1284 1781; x_wconf 85' lang='lat'><strong>5,</strong></span> <span class='ocrx_word' id='word_1_184' title='bbox 1313 1712 1462 1782; x_wconf 90' lang='lat' dir='ltr'><strong>pluresque</strong></span> <span class='ocrx_word' id='word_1_185' title='bbox 1480 1729 1589 1769; x_wconf 91' lang='lat' dir='ltr'><strong>curren·</strong></span> 
     </span>
     <span class='ocr_line' id='line_1_17' title="bbox 232 1790 1591 1862; baseline -0.003 -11"><span class='ocrx_word' id='word_1_186' title='bbox 232 1802 275 1851; x_wconf 88' lang='lat' dir='ltr'><strong>tos</strong></span> <span class='ocrx_word' id='word_1_187' title='bbox 291 1792 387 1849; x_wconf 88' lang='lat' dir='ltr'><strong>stellae</strong></span> <span class='ocrx_word' id='word_1_188' title='bbox 405 1808 552 1859; x_wconf 88' lang='lat' dir='ltr'><strong>earumque</strong></span> <span class='ocrx_word' id='word_1_189' title='bbox 571 1792 707 1849; x_wconf 78' lang='lat' dir='ltr'><strong>curdcula</strong></span> <span class='ocrx_word' id='word_1_190' title='bbox 724 1807 807 1860; x_wconf 89' lang='lat' dir='ltr'><strong>quam</strong></span> <span class='ocrx_word' id='word_1_191' title='bbox 825 1792 855 1859; x_wconf 82' lang='lat'><strong>6,</strong></span> <span class='ocrx_word' id='word_1_192' title='bbox 880 1790 1009 1859; x_wconf 91' lang='lat' dir='ltr'><strong>quodque</strong></span> <span class='ocrx_word' id='word_1_193' title='bbox 1028 1805 1062 1843; x_wconf 84' lang='lat' dir='ltr'><strong>ea</strong></span> <span class='ocrx_word' id='word_1_194' title='bbox 1081 1805 1136 1844; x_wconf 90' lang='lat' dir='ltr'><strong>nna</strong></span> <span class='ocrx_word' id='word_1_195' title='bbox 1153 1790 1275 1858; x_wconf 87' lang='lat' dir='ltr'><strong>qualibet</strong></span> <span class='ocrx_word' id='word_1_196' title='bbox 1286 1791 1376 1862; x_wconf 84' lang='lat' dir='ltr'><strong>figura</strong></span> <span class='ocrx_word' id='word_1_197' title='bbox 1394 1793 1531 1861; x_wconf 88' lang='lat' dir='ltr'><strong>quantitas</strong></span> <span class='ocrx_word' id='word_1_198' title='bbox 1549 1793 1591 1847; x_wconf 93' lang='lat' dir='ltr'><strong>in·</strong></span> 
     </span>
     <span class='ocr_line' id='line_1_18' title="bbox 234 1867 1590 1945; baseline 0 -18"><span class='ocrx_word' id='word_1_199' title='bbox 234 1871 340 1928; x_wconf 79' lang='lat' dir='ltr'><strong>terualli</strong></span> <span class='ocrx_word' id='word_1_200' title='bbox 364 1878 586 1944; x_wconf 81' lang='lat' dir='ltr'><strong>praeterpropter</strong></span> <span class='ocrx_word' id='word_1_201' title='bbox 608 1869 691 1924; x_wconf 83' lang='lat' dir='ltr'><strong>fuerit</strong></span> <span class='ocrx_word' id='word_1_202' title='bbox 715 1870 839 1925; x_wconf 87' lang='lat' dir='ltr'><strong>desumta</strong></span> <span class='ocrx_word' id='word_1_203' title='bbox 889 1870 960 1924; x_wconf 88' lang='lat' dir='ltr'><strong>Nam</strong></span> <span class='ocrx_word' id='word_1_204' title='bbox 983 1869 1006 1923; x_wconf 90' lang='lat' dir='ltr'><strong>si</strong></span> <span class='ocrx_word' id='word_1_205' title='bbox 1028 1876 1119 1945; x_wconf 85' lang='lat' dir='ltr'><strong>motus</strong></span> <span class='ocrx_word' id='word_1_206' title='bbox 1143 1867 1260 1925; x_wconf 82' lang='lat' dir='ltr'><strong>fuissent</strong></span> <span class='ocrx_word' id='word_1_207' title='bbox 1284 1871 1410 1940; x_wconf 89' lang='lat' dir='ltr'><strong>permissi</strong></span> <span class='ocrx_word' id='word_1_208' title='bbox 1432 1873 1590 1928; x_wconf 84' lang='lat' dir='ltr'><strong>necessitati</strong></span> 
     </span>
     <span class='ocr_line' id='line_1_19' title="bbox 235 1946 1591 2025; baseline -0.001 -18"><span class='ocrx_word' id='word_1_209' title='bbox 235 1951 365 2023; x_wconf 80' lang='lat' dir='ltr'><strong>physicae</strong></span> <span class='ocrx_word' id='word_1_210' title='bbox 384 1953 458 2019; x_wconf 84' lang='lat' dir='ltr'><strong>(eam</strong></span> <span class='ocrx_word' id='word_1_211' title='bbox 477 1948 650 2004; x_wconf 84' lang='lat' dir='ltr'><strong>intervallum</strong></span> <span class='ocrx_word' id='word_1_212' title='bbox 667 1948 795 2018; x_wconf 87' lang='lat' dir='ltr'><strong>planetae</strong></span> <span class='ocrx_word' id='word_1_213' title='bbox 814 1964 831 2002; x_wconf 93' lang='lat' dir='ltr'><strong>a</strong></span> <span class='ocrx_word' id='word_1_214' title='bbox 848 1946 911 2002; x_wconf 88' lang='lat' dir='ltr'><strong>Sele</strong></span> <span class='ocrx_word' id='word_1_215' title='bbox 929 1946 1023 2017; x_wconf 87' lang='lat' dir='ltr'><strong>gignat</strong></span> <span class='ocrx_word' id='word_1_216' title='bbox 1042 1947 1209 2002; x_wconf 84' lang='lat' dir='ltr'><strong>celeritatem</strong></span> <span class='ocrx_word' id='word_1_217' title='bbox 1228 1951 1344 2025; x_wconf 85' lang='lat' dir='ltr'><strong>motus),</strong></span> <span class='ocrx_word' id='word_1_218' title='bbox 1361 1957 1428 2006; x_wconf 91' lang='lat' dir='ltr'><strong>tunc</strong></span> <span class='ocrx_word' id='word_1_219' title='bbox 1444 1951 1591 2020; x_wconf 86' lang='lat' dir='ltr'><strong>figurarum</strong></span> 
     </span>
     <span class='ocr_line' id='line_1_20' title="bbox 233 2026 1591 2097; baseline -0.001 -12"><span class='ocrx_word' id='word_1_220' title='bbox 233 2030 376 2085; x_wconf 80' lang='lat' dir='ltr'><strong>interualla</strong></span> <span class='ocrx_word' id='word_1_221' title='bbox 398 2030 426 2083; x_wconf 87' lang='lat' dir='ltr'><strong>iu</strong></span> <span class='ocrx_word' id='word_1_222' title='bbox 451 2029 592 2084; x_wconf 88' lang='lat' dir='ltr'><strong>curriculis</strong></span> <span class='ocrx_word' id='word_1_223' title='bbox 617 2026 789 2097; x_wconf 89' lang='lat' dir='ltr'><strong>planetarum</strong></span> <span class='ocrx_word' id='word_1_224' title='bbox 814 2027 932 2082; x_wconf 84' lang='lat' dir='ltr'><strong>fuissent</strong></span> <span class='ocrx_word' id='word_1_225' title='bbox 954 2042 1086 2097; x_wconf 82' lang='lat' dir='ltr'><strong>expressa</strong></span> <span class='ocrx_word' id='word_1_226' title='bbox 1102 2026 1312 2095; x_wconf 84' lang='lat' dir='ltr'><strong>perfectissime,</strong></span> <span class='ocrx_word' id='word_1_227' title='bbox 1339 2028 1407 2082; x_wconf 92' lang='lat' dir='ltr'><strong>nihii</strong></span> <span class='ocrx_word' id='word_1_228' title='bbox 1432 2030 1502 2083; x_wconf 87' lang='lat' dir='ltr'><strong>enim</strong></span> <span class='ocrx_word' id='word_1_229' title='bbox 1527 2030 1591 2085; x_wconf 91' lang='lat' dir='ltr'><strong>huic</strong></span> 
     </span>
     <span class='ocr_line' id='line_1_21' title="bbox 235 2096 1590 2179; baseline -0.001 -15"><span class='ocrx_word' id='word_1_230' title='bbox 235 2108 394 2178; x_wconf 75' lang='lat' dir='ltr'><strong>perfectioni</strong></span> <span class='ocrx_word' id='word_1_231' title='bbox 413 2106 574 2162; x_wconf 87' lang='lat' dir='ltr'><strong>obstitisset.</strong></span> <span class='ocrx_word' id='word_1_232' title='bbox 611 2106 738 2174; x_wconf 81' lang='lat' dir='ltr'><strong>Quaiiurn</strong></span> <span class='ocrx_word' id='word_1_233' title='bbox 755 2108 839 2175; x_wconf 91' lang='lat' dir='ltr'><strong>igitur</strong></span> <span class='ocrx_word' id='word_1_234' title='bbox 858 2108 991 2162; x_wconf 90' lang='lat' dir='ltr'><strong>Saturnus</strong></span> <span class='ocrx_word' id='word_1_235' title='bbox 1007 2105 1091 2162; x_wconf 86' lang='lat' dir='ltr'><strong>distat</strong></span> <span class='ocrx_word' id='word_1_236' title='bbox 1109 2121 1125 2160; x_wconf 89' lang='lat' dir='ltr'><strong>a</strong></span> <span class='ocrx_word' id='word_1_237' title='bbox 1143 2106 1206 2160; x_wconf 85' lang='lat' dir='ltr'><strong>Sole</strong></span> <span class='ocrx_word' id='word_1_238' title='bbox 1226 2096 1467 2176; x_wconf 81' lang='lat' dir='ltr'><strong>1000000,&#39;talium</strong></span> <span class='ocrx_word' id='word_1_239' title='bbox 1480 2107 1590 2179; x_wconf 85' lang='lat' dir='ltr'><strong>Jupiter</strong></span> 
     </span>
     <span class='ocr_line' id='line_1_22' title="bbox 233 2184 1589 2255; baseline -0.002 -11"><span class='ocrx_word' id='word_1_240' title='bbox 233 2196 331 2244; x_wconf 85' lang='lat' dir='ltr'><strong>nactus</strong></span> <span class='ocrx_word' id='word_1_241' title='bbox 358 2194 432 2242; x_wconf 91' lang='lat' dir='ltr'><strong>essct</strong></span> <span class='ocrx_word' id='word_1_242' title='bbox 457 2185 575 2253; x_wconf 70' lang='lat' dir='ltr'><strong>trusae,</strong></span> <span class='ocrx_word' id='word_1_243' title='bbox 600 2185 676 2240; x_wconf 85' lang='lat' dir='ltr'><strong>Mars</strong></span> <span class='ocrx_word' id='word_1_244' title='bbox 704 2186 817 2255; x_wconf 78' lang='grc'><strong>192450,</strong></span> <span class='ocrx_word' id='word_1_245' title='bbox 845 2184 899 2240; x_wconf 74' lang='lat' dir='ltr'><strong>Sol·</strong></span> <span class='ocrx_word' id='word_1_246' title='bbox 918 2186 1033 2255; x_wconf 86' lang='grc'><strong>152931,</strong></span> <span class='ocrx_word' id='word_1_247' title='bbox 1060 2186 1154 2240; x_wconf 88' lang='lat' dir='ltr'><strong>Venus</strong></span> <span class='ocrx_word' id='word_1_248' title='bbox 1180 2184 1296 2253; x_wconf 83' lang='grc'><strong>121817,</strong></span> <span class='ocrx_word' id='word_1_249' title='bbox 1323 2187 1476 2242; x_wconf 88' lang='lat' dir='ltr'><strong>Mercurius</strong></span> <span class='ocrx_word' id='word_1_250' title='bbox 1495 2189 1589 2245; x_wconf 79' lang='grc'><strong>70158.</strong></span> 
     </span>
     <span class='ocr_line' id='line_1_23' title="bbox 233 2263 1591 2337; baseline 0.001 -15"><span class='ocrx_word' id='word_1_251' title='bbox 233 2266 317 2337; x_wconf 83' lang='lat' dir='ltr'><strong>Atqui</strong></span> <span class='ocrx_word' id='word_1_252' title='bbox 335 2265 415 2320; x_wconf 89' lang='lat' dir='ltr'><strong>etiam</strong></span> <span class='ocrx_word' id='word_1_253' title='bbox 432 2273 523 2319; x_wconf 90' lang='lat' dir='ltr'><strong>metus</strong></span> <span class='ocrx_word' id='word_1_254' title='bbox 540 2263 701 2330; x_wconf 87' lang='lat' dir='ltr'><strong>indigebant</strong></span> <span class='ocrx_word' id='word_1_255' title='bbox 719 2280 771 2319; x_wconf 91' lang='lat' dir='ltr'><strong>sua</strong></span> <span class='ocrx_word' id='word_1_256' title='bbox 788 2263 920 2332; x_wconf 86' lang='lat' dir='ltr'><strong>peculiari</strong></span> <span class='ocrx_word' id='word_1_257' title='bbox 937 2263 1122 2332; x_wconf 81' lang='lat' dir='ltr'><strong>exornatione,</strong></span> <span class='ocrx_word' id='word_1_258' title='bbox 1147 2263 1212 2332; x_wconf 84' lang='lat' dir='ltr'><strong>quia</strong></span> <span class='ocrx_word' id='word_1_259' title='bbox 1229 2278 1284 2318; x_wconf 91' lang='lat' dir='ltr'><strong>non</strong></span> <span class='ocrx_word' id='word_1_260' title='bbox 1302 2271 1410 2319; x_wconf 90' lang='lat' dir='ltr'><strong>tantum</strong></span> <span class='ocrx_word' id='word_1_261' title='bbox 1426 2264 1591 2323; x_wconf 81' lang='lat' dir='ltr'><strong>harmonicis</strong></span> 
     </span>
     <span class='ocr_line' id='line_1_24' title="bbox 234 2341 1590 2411; baseline 0.002 -9"><span class='ocrx_word' id='word_1_262' title='bbox 234 2355 314 2402; x_wconf 88' lang='lat' dir='ltr'><strong>eraut</strong></span> <span class='ocrx_word' id='word_1_263' title='bbox 329 2342 482 2400; x_wconf 86' lang='lat' dir='ltr'><strong>instruendi</strong></span> <span class='ocrx_word' id='word_1_264' title='bbox 495 2341 702 2411; x_wconf 88' lang='lat' dir='ltr'><strong>concordantiis,</strong></span> <span class='ocrx_word' id='word_1_265' title='bbox 721 2344 770 2398; x_wconf 89' lang='lat' dir='ltr'><strong>sed</strong></span> <span class='ocrx_word' id='word_1_266' title='bbox 789 2343 870 2398; x_wconf 90' lang='lat' dir='ltr'><strong>etiarn</strong></span> <span class='ocrx_word' id='word_1_267' title='bbox 888 2343 1142 2398; x_wconf 84' lang='lat' dir='ltr'><strong>concordantiarum</strong></span> <span class='ocrx_word' id='word_1_268' title='bbox 1161 2351 1221 2398; x_wconf 89' lang='lat' dir='ltr'><strong>erat</strong></span> <span class='ocrx_word' id='word_1_269' title='bbox 1232 2344 1265 2398; x_wconf 93' lang='lat' dir='ltr'><strong>iis</strong></span> <span class='ocrx_word' id='word_1_270' title='bbox 1284 2344 1455 2401; x_wconf 89' lang='lat' dir='ltr'><strong>concilianda</strong></span> <span class='ocrx_word' id='word_1_271' title='bbox 1464 2348 1590 2405; x_wconf 83' lang='lat' dir='ltr'><strong>serietas.</strong></span> 
     </span>
     <span class='ocr_line' id='line_1_25' title="bbox 234 2419 1591 2495; baseline 0 -14"><span class='ocrx_word' id='word_1_272' title='bbox 234 2427 338 2481; x_wconf 87' lang='lat' dir='ltr'><strong>Horum</strong></span> <span class='ocrx_word' id='word_1_273' title='bbox 355 2439 419 2480; x_wconf 84' lang='lat' dir='ltr'><strong>sero</strong></span> <span class='ocrx_word' id='word_1_274' title='bbox 437 2429 564 2478; x_wconf 83' lang='lat' dir='ltr'><strong>neutrum</strong></span> <span class='ocrx_word' id='word_1_275' title='bbox 582 2422 617 2477; x_wconf 88' lang='lat' dir='ltr'><strong>ad</strong></span> <span class='ocrx_word' id='word_1_276' title='bbox 635 2420 780 2476; x_wconf 89' lang='lat' dir='ltr'><strong>distantias</strong></span> <span class='ocrx_word' id='word_1_277' title='bbox 797 2419 925 2492; x_wconf 85' lang='lat' dir='ltr'><strong>tigmales</strong></span> <span class='ocrx_word' id='word_1_278' title='bbox 944 2422 983 2477; x_wconf 91' lang='lat' dir='ltr'><strong>sic</strong></span> <span class='ocrx_word' id='word_1_279' title='bbox 1000 2423 1123 2490; x_wconf 89' lang='lat' dir='ltr'><strong>praecise</strong></span> <span class='ocrx_word' id='word_1_280' title='bbox 1142 2423 1301 2478; x_wconf 84' lang='lat' dir='ltr'><strong>observatas</strong></span> <span class='ocrx_word' id='word_1_281' title='bbox 1320 2424 1411 2493; x_wconf 86' lang='lat' dir='ltr'><strong>potuit</strong></span> <span class='ocrx_word' id='word_1_282' title='bbox 1427 2428 1517 2495; x_wconf 88' lang='lat' dir='ltr'><strong>sequi:</strong></span> <span class='ocrx_word' id='word_1_283' title='bbox 1536 2442 1591 2482; x_wconf 87' lang='lat' dir='ltr'><strong>uon</strong></span> 
     </span>
     <span class='ocr_line' id='line_1_26' title="bbox 234 2498 1592 2574; baseline 0.002 -13"><span class='ocrx_word' id='word_1_284' title='bbox 234 2504 361 2574; x_wconf 88' lang='lat' dir='ltr'><strong>primum,</strong></span> <span class='ocrx_word' id='word_1_285' title='bbox 389 2501 454 2570; x_wconf 90' lang='lat' dir='ltr'><strong>qnia</strong></span> <span class='ocrx_word' id='word_1_286' title='bbox 477 2516 528 2555; x_wconf 88' lang='lat' dir='ltr'><strong>uec</strong></span> <span class='ocrx_word' id='word_1_287' title='bbox 554 2514 648 2554; x_wconf 87' lang='lat' dir='ltr'><strong>omnes</strong></span> <span class='ocrx_word' id='word_1_288' title='bbox 676 2498 780 2566; x_wconf 88' lang='lat' dir='ltr'><strong>figurae</strong></span> <span class='ocrx_word' id='word_1_289' title='bbox 803 2500 1008 2569; x_wconf 89' lang='lat' dir='ltr'><strong>proportionem</strong></span> <span class='ocrx_word' id='word_1_290' title='bbox 1033 2500 1106 2555; x_wconf 88' lang='lat' dir='ltr'><strong>inter</strong></span> <span class='ocrx_word' id='word_1_291' title='bbox 1127 2500 1205 2556; x_wconf 90' lang='lat' dir='ltr'><strong>hines</strong></span> <span class='ocrx_word' id='word_1_292' title='bbox 1229 2504 1309 2559; x_wconf 91' lang='lat' dir='ltr'><strong>orbes</strong></span> <span class='ocrx_word' id='word_1_293' title='bbox 1332 2519 1396 2560; x_wconf 88' lang='lat' dir='ltr'><strong>suos</strong></span> <span class='ocrx_word' id='word_1_294' title='bbox 1422 2507 1592 2564; x_wconf 86' lang='lat' dir='ltr'><strong>constituunt</strong></span> 
     </span>
     <span class='ocr_line' id='line_1_27' title="bbox 235 2576 1591 2656; baseline 0.004 -19"><span class='ocrx_word' id='word_1_295' title='bbox 235 2581 421 2637; x_wconf 87' lang='lat' dir='ltr'><strong>harmonicam</strong></span> <span class='ocrx_word' id='word_1_296' title='bbox 439 2586 487 2635; x_wconf 91' lang='lat' dir='ltr'><strong>aut</strong></span> <span class='ocrx_word' id='word_1_297' title='bbox 504 2578 611 2633; x_wconf 89' lang='lat' dir='ltr'><strong>omnino</strong></span> <span class='ocrx_word' id='word_1_298' title='bbox 632 2576 777 2647; x_wconf 79' lang='lat' dir='ltr'><strong>affabilem,</strong></span> <span class='ocrx_word' id='word_1_299' title='bbox 797 2579 846 2634; x_wconf 88' lang='lat' dir='ltr'><strong>sed</strong></span> <span class='ocrx_word' id='word_1_300' title='bbox 865 2578 952 2634; x_wconf 88' lang='lat' dir='ltr'><strong>solum</strong></span> <span class='ocrx_word' id='word_1_301' title='bbox 971 2581 1128 2637; x_wconf 76' lang='lat' dir='ltr'><strong>tetraedron</strong></span> <span class='ocrx_word' id='word_1_302' title='bbox 1147 2581 1268 2652; x_wconf 88' lang='lat' dir='ltr'><strong>triplam,</strong></span> <span class='ocrx_word' id='word_1_303' title='bbox 1287 2598 1337 2638; x_wconf 88' lang='lat' dir='ltr'><strong>neo</strong></span> <span class='ocrx_word' id='word_1_304' title='bbox 1355 2583 1512 2642; x_wconf 89' lang='lat' dir='ltr'><strong>harmonica</strong></span> <span class='ocrx_word' id='word_1_305' title='bbox 1528 2602 1591 2656; x_wconf 90' lang='lat' dir='ltr'><strong>pro·</strong></span> 
     </span>
     <span class='ocr_line' id='line_1_28' title="bbox 237 2656 1591 2732; baseline 0.001 -19"><span class='ocrx_word' id='word_1_306' title='bbox 237 2660 327 2729; x_wconf 91' lang='lat' dir='ltr'><strong>portio</strong></span> <span class='ocrx_word' id='word_1_307' title='bbox 345 2659 485 2729; x_wconf 89' lang='lat' dir='ltr'><strong>duplicata</strong></span> <span class='ocrx_word' id='word_1_308' title='bbox 503 2664 551 2713; x_wconf 88' lang='lat' dir='ltr'><strong>aut</strong></span> <span class='ocrx_word' id='word_1_309' title='bbox 569 2658 814 2726; x_wconf 86' lang='lat' dir='ltr'><strong>quomodocunque</strong></span> <span class='ocrx_word' id='word_1_310' title='bbox 828 2656 1009 2727; x_wconf 85' lang='lat' dir='ltr'><strong>multiplicata</strong></span> <span class='ocrx_word' id='word_1_311' title='bbox 1027 2660 1146 2728; x_wconf 83' lang='lat' dir='ltr'><strong>(praeter</strong></span> <span class='ocrx_word' id='word_1_312' title='bbox 1158 2661 1299 2732; x_wconf 82' lang='lat' dir='ltr'><strong>diapason)</strong></span> <span class='ocrx_word' id='word_1_313' title='bbox 1318 2670 1410 2718; x_wconf 85' lang='lat' dir='ltr'><strong>manet</strong></span> <span class='ocrx_word' id='word_1_314' title='bbox 1421 2663 1591 2721; x_wconf 78' lang='lat' dir='ltr'><strong>mmonicat</strong></span> 
     </span>
     <span class='ocr_line' id='line_1_29' title="bbox 235 2732 1590 2812; baseline 0.004 -20"><span class='ocrx_word' id='word_1_315' title='bbox 235 2754 291 2793; x_wconf 90' lang='lat' dir='ltr'><strong>non</strong></span> <span class='ocrx_word' id='word_1_316' title='bbox 309 2738 472 2806; x_wconf 87' lang='lat' dir='ltr'><strong>secundnm,</strong></span> <span class='ocrx_word' id='word_1_317' title='bbox 500 2736 564 2805; x_wconf 92' lang='lat' dir='ltr'><strong>quia</strong></span> <span class='ocrx_word' id='word_1_318' title='bbox 582 2732 633 2790; x_wconf 88' lang='lat' dir='ltr'><strong>nisi</strong></span> <span class='ocrx_word' id='word_1_319' title='bbox 650 2737 755 2792; x_wconf 81' lang='lat' dir='ltr'><strong>variato</strong></span> <span class='ocrx_word' id='word_1_320' title='bbox 773 2736 916 2792; x_wconf 84' lang='lat' dir='ltr'><strong>intervallo</strong></span> <span class='ocrx_word' id='word_1_321' title='bbox 935 2745 1026 2791; x_wconf 88' lang='lat' dir='ltr'><strong>motus</strong></span> <span class='ocrx_word' id='word_1_322' title='bbox 1048 2737 1151 2793; x_wconf 90' lang='lat' dir='ltr'><strong>intendi</strong></span> <span class='ocrx_word' id='word_1_323' title='bbox 1169 2739 1324 2808; x_wconf 89' lang='lat' dir='ltr'><strong>remittique</strong></span> <span class='ocrx_word' id='word_1_324' title='bbox 1347 2748 1375 2796; x_wconf 88' lang='lat' dir='ltr'><strong>et</strong></span> <span class='ocrx_word' id='word_1_325' title='bbox 1392 2734 1444 2796; x_wconf 80' lang='lat' dir='ltr'><strong>sic‘</strong></span> <span class='ocrx_word' id='word_1_326' title='bbox 1450 2744 1590 2812; x_wconf 90' lang='lat' dir='ltr'><strong>proportio</strong></span> 
     </span>
     <span class='ocr_line' id='line_1_30' title="bbox 236 2815 1591 2888; baseline 0.005 -20"><span class='ocrx_word' id='word_1_327' title='bbox 236 2817 334 2871; x_wconf 79' lang='lat' dir='ltr'><strong>raderi</strong></span> <span class='ocrx_word' id='word_1_328' title='bbox 352 2816 452 2885; x_wconf 88' lang='lat' dir='ltr'><strong>nequit</strong></span> <span class='ocrx_word' id='word_1_329' title='bbox 488 2817 538 2872; x_wconf 89' lang='lat' dir='ltr'><strong>His</strong></span> <span class='ocrx_word' id='word_1_330' title='bbox 556 2815 639 2884; x_wconf 89' lang='lat' dir='ltr'><strong>igitur</strong></span> <span class='ocrx_word' id='word_1_331' title='bbox 658 2816 692 2871; x_wconf 91' lang='lat' dir='ltr'><strong>de</strong></span> <span class='ocrx_word' id='word_1_332' title='bbox 710 2817 800 2872; x_wconf 87' lang='lat' dir='ltr'><strong>causis</strong></span> <span class='ocrx_word' id='word_1_333' title='bbox 818 2817 934 2886; x_wconf 88' lang='lat' dir='ltr'><strong>primum</strong></span> <span class='ocrx_word' id='word_1_334' title='bbox 954 2825 1018 2871; x_wconf 91' lang='lat' dir='ltr'><strong>sunt</strong></span> <span class='ocrx_word' id='word_1_335' title='bbox 1041 2816 1128 2870; x_wconf 90' lang='lat' dir='ltr'><strong>multa</strong></span> <span class='ocrx_word' id='word_1_336' title='bbox 1144 2816 1263 2885; x_wconf 88' lang='lat' dir='ltr'><strong>planetis</strong></span> <span class='ocrx_word' id='word_1_337' title='bbox 1281 2818 1425 2875; x_wconf 78' lang='lat' dir='ltr'><strong>intervella</strong></span> <span class='ocrx_word' id='word_1_338' title='bbox 1442 2818 1591 2888; x_wconf 75' lang='lat' dir='ltr'><strong>sanabilia,</strong></span> 
     </span>
     <span class='ocr_line' id='line_1_31' title="bbox 235 2892 1591 2970; baseline 0.004 -21"><span class='ocrx_word' id='word_1_339' title='bbox 235 2896 366 2951; x_wconf 73' lang='lat' dir='ltr'><strong>uarietate</strong></span> <span class='ocrx_word' id='word_1_340' title='bbox 385 2902 470 2963; x_wconf 89' lang='lat' dir='ltr'><strong>tanta,</strong></span> <span class='ocrx_word' id='word_1_341' title='bbox 490 2900 591 2964; x_wconf 88' lang='lat' dir='ltr'><strong>quanta</strong></span> <span class='ocrx_word' id='word_1_342' title='bbox 608 2892 717 2950; x_wconf 84' lang='lat' dir='ltr'><strong>suffecit</strong></span> <span class='ocrx_word' id='word_1_343' title='bbox 734 2894 770 2949; x_wconf 88' lang='lat' dir='ltr'><strong>ad</strong></span> <span class='ocrx_word' id='word_1_344' title='bbox 789 2895 1038 2964; x_wconf 77' lang='lat' dir='ltr'><strong>contemperandus</strong></span> <span class='ocrx_word' id='word_1_345' title='bbox 1050 2895 1174 2951; x_wconf 89' lang='lat' dir='ltr'><strong>binorum</strong></span> <span class='ocrx_word' id='word_1_346' title='bbox 1192 2904 1328 2953; x_wconf 82' lang='lat' dir='ltr'><strong>extremos</strong></span> <span class='ocrx_word' id='word_1_347' title='bbox 1346 2905 1443 2965; x_wconf 89' lang='lat' dir='ltr'><strong>motus,</strong></span> <span class='ocrx_word' id='word_1_348' title='bbox 1461 2906 1492 2955; x_wconf 93' lang='lat' dir='ltr'><strong>ut</strong></span> <span class='ocrx_word' id='word_1_349' title='bbox 1510 2916 1591 2970; x_wconf 86' lang='lat' dir='ltr'><strong>quarn</strong></span> 
     </span>
     <span class='ocr_line' id='line_1_32' title="bbox 236 2973 1591 3047; baseline 0.001 -18"><span class='ocrx_word' id='word_1_350' title='bbox 236 2976 347 3030; x_wconf 87' lang='lat' dir='ltr'><strong>minima</strong></span> <span class='ocrx_word' id='word_1_351' title='bbox 363 2974 513 3029; x_wconf 84' lang='lat' dir='ltr'><strong>mutatione</strong></span> <span class='ocrx_word' id='word_1_352' title='bbox 531 2974 734 3029; x_wconf 76' lang='lat' dir='ltr'><strong>intervallorum</strong></span> <span class='ocrx_word' id='word_1_353' title='bbox 752 2973 906 3044; x_wconf 81' lang='lat' dir='ltr'><strong>figuralium</strong></span> <span class='ocrx_word' id='word_1_354' title='bbox 924 2974 1115 3043; x_wconf 88' lang='lat' dir='ltr'><strong>proportiones</strong></span> <span class='ocrx_word' id='word_1_355' title='bbox 1133 2983 1255 3030; x_wconf 89' lang='lat' dir='ltr'><strong>motuum</strong></span> <span class='ocrx_word' id='word_1_356' title='bbox 1274 2991 1308 3029; x_wconf 83' lang='lat' dir='ltr'><strong>ex</strong></span> <span class='ocrx_word' id='word_1_357' title='bbox 1321 2975 1384 3032; x_wconf 85' lang='lat' dir='ltr'><strong>Sole</strong></span> <span class='ocrx_word' id='word_1_358' title='bbox 1402 2978 1591 3047; x_wconf 88' lang='lat' dir='ltr'><strong>apparentium</strong></span> 
     </span>
     <span class='ocr_line' id='line_1_33' title="bbox 238 3052 1592 3124; baseline -0.001 -13"><span class='ocrx_word' id='word_1_359' title='bbox 238 3056 470 3111; x_wconf 87' lang='lat' dir='ltr'><strong>constituerentur</strong></span> <span class='ocrx_word' id='word_1_360' title='bbox 488 3052 594 3109; x_wconf 88' lang='lat' dir='ltr'><strong>nobiles</strong></span> <span class='ocrx_word' id='word_1_361' title='bbox 613 3060 641 3108; x_wconf 90' lang='lat' dir='ltr'><strong>et</strong></span> <span class='ocrx_word' id='word_1_362' title='bbox 657 3053 839 3108; x_wconf 87' lang='lat' dir='ltr'><strong>harmonicae.</strong></span> <span class='ocrx_word' id='word_1_363' title='bbox 876 3052 936 3121; x_wconf 81' lang='lat' dir='ltr'><strong>Quo</strong></span> <span class='ocrx_word' id='word_1_364' title='bbox 949 3052 1013 3108; x_wconf 90' lang='lat' dir='ltr'><strong>dato</strong></span> <span class='ocrx_word' id='word_1_365' title='bbox 1028 3054 1161 3123; x_wconf 88' lang='lat' dir='ltr'><strong>principio</strong></span> <span class='ocrx_word' id='word_1_366' title='bbox 1176 3054 1235 3122; x_wconf 86' lang='lat' dir='ltr'><strong>jans</strong></span> <span class='ocrx_word' id='word_1_367' title='bbox 1246 3056 1398 3110; x_wconf 88' lang='lat' dir='ltr'><strong>necessitas</strong></span> <span class='ocrx_word' id='word_1_368' title='bbox 1410 3055 1592 3124; x_wconf 81' lang='lat' dir='ltr'><strong>quantitative</strong></span> 
     </span>
     <span class='ocr_line' id='line_1_34' title="bbox 236 3131 1591 3205; baseline 0.002 -17"><span class='ocrx_word' id='word_1_369' title='bbox 236 3132 362 3202; x_wconf 82' lang='lat' dir='ltr'><strong>pervadit</strong></span> <span class='ocrx_word' id='word_1_370' title='bbox 385 3147 479 3187; x_wconf 86' lang='lat' dir='ltr'><strong>omnes</strong></span> <span class='ocrx_word' id='word_1_371' title='bbox 501 3131 621 3201; x_wconf 88' lang='lat' dir='ltr'><strong>reliquos</strong></span> <span class='ocrx_word' id='word_1_372' title='bbox 646 3132 785 3201; x_wconf 88' lang='lat' dir='ltr'><strong>planctus,</strong></span> <span class='ocrx_word' id='word_1_373' title='bbox 814 3132 929 3202; x_wconf 87' lang='lat' dir='ltr'><strong>singuiis</strong></span> <span class='ocrx_word' id='word_1_374' title='bbox 952 3148 1016 3188; x_wconf 88' lang='lat' dir='ltr'><strong>suas</strong></span> <span class='ocrx_word' id='word_1_375' title='bbox 1040 3133 1212 3188; x_wconf 87' lang='lat' dir='ltr'><strong>harmonicas</strong></span> <span class='ocrx_word' id='word_1_376' title='bbox 1233 3134 1425 3202; x_wconf 89' lang='lat' dir='ltr'><strong>proportiones</strong></span> <span class='ocrx_word' id='word_1_377' title='bbox 1447 3134 1591 3205; x_wconf 88' lang='lat' dir='ltr'><strong>indulgens</strong></span> 
     </span>
     <span class='ocr_line' id='line_1_35' title="bbox 236 3210 1592 3285; baseline 0.004 -21"><span class='ocrx_word' id='word_1_378' title='bbox 236 3211 325 3280; x_wconf 87' lang='lat' dir='ltr'><strong>iisqne</strong></span> <span class='ocrx_word' id='word_1_379' title='bbox 344 3211 525 3281; x_wconf 85' lang='lat' dir='ltr'><strong>exprimendis</strong></span> <span class='ocrx_word' id='word_1_380' title='bbox 544 3210 686 3268; x_wconf 83' lang='lat' dir='ltr'><strong>intervalia</strong></span> <span class='ocrx_word' id='word_1_381' title='bbox 704 3227 721 3265; x_wconf 90' lang='lat' dir='ltr'><strong>a</strong></span> <span class='ocrx_word' id='word_1_382' title='bbox 738 3211 834 3281; x_wconf 87' lang='lat' dir='ltr'><strong>liguris</strong></span> <span class='ocrx_word' id='word_1_383' title='bbox 851 3217 1004 3268; x_wconf 86' lang='lat' dir='ltr'><strong>monstrata</strong></span> <span class='ocrx_word' id='word_1_384' title='bbox 1021 3212 1117 3268; x_wconf 90' lang='lat' dir='ltr'><strong>leviter</strong></span> <span class='ocrx_word' id='word_1_385' title='bbox 1130 3212 1280 3281; x_wconf 85' lang='lat' dir='ltr'><strong>corrigens,</strong></span> <span class='ocrx_word' id='word_1_386' title='bbox 1298 3221 1435 3269; x_wconf 88' lang='lat' dir='ltr'><strong>attamen</strong></span> <span class='ocrx_word' id='word_1_387' title='bbox 1451 3214 1592 3285; x_wconf 87' lang='lat' dir='ltr'><strong>inpetienl</strong></span> 
     </span>
     <span class='ocr_line' id='line_1_36' title="bbox 164 3283 1590 3363; baseline 0.003 -18"><span class='ocrx_word' id='word_1_388' title='bbox 164 3308 167 3317; x_wconf 90' lang='grc'>·</span> <span class='ocrx_word' id='word_1_389' title='bbox 236 3292 430 3362; x_wconf 85' lang='lat' dir='ltr'><strong>magnitudinis</strong></span> <span class='ocrx_word' id='word_1_390' title='bbox 455 3298 534 3361; x_wconf 91' lang='lat' dir='ltr'><strong>parte</strong></span> <span class='ocrx_word' id='word_1_391' title='bbox 556 3283 597 3346; x_wconf 83' lang='lat' dir='ltr'><strong>&#39;vis</strong></span> <span class='ocrx_word' id='word_1_392' title='bbox 620 3290 723 3361; x_wconf 85' lang='lat' dir='ltr'><strong>figurae</strong></span> <span class='ocrx_word' id='word_1_393' title='bbox 748 3291 851 3360; x_wconf 87' lang='lat' dir='ltr'><strong>liquido</strong></span> <span class='ocrx_word' id='word_1_394' title='bbox 874 3291 960 3347; x_wconf 89' lang='lat' dir='ltr'><strong>nihilo</strong></span> <span class='ocrx_word' id='word_1_395' title='bbox 982 3291 1072 3350; x_wconf 88' lang='lat' dir='ltr'><strong>minus</strong></span> <span class='ocrx_word' id='word_1_396' title='bbox 1086 3298 1268 3360; x_wconf 79' lang='lat' dir='ltr'><strong>agnoscatur.</strong></span> <span class='ocrx_word' id='word_1_397' title='bbox 1305 3292 1395 3359; x_wconf 72' lang='lat' dir='ltr'><strong>Quare</strong></span> <span class='ocrx_word' id='word_1_398' title='bbox 1419 3308 1590 3363; x_wconf 85' lang='lat' dir='ltr'><strong>nequaquam</strong></span> 
     </span>
    </p>
   </div>
   <div class='ocr_carea' id='block_1_5' title="bbox 239 3368 1683 3440">
    <p class='ocr_par' dir='ltr' id='par_1_5' title="bbox 239 3368 1683 3440">
     <span class='ocr_line' id='line_1_37' title="bbox 239 3368 1683 3440; baseline 0.003 -17"><span class='ocrx_word' id='word_1_399' title='bbox 239 3370 318 3424; x_wconf 88' lang='lat' dir='ltr'><strong>nobis</strong></span> <span class='ocrx_word' id='word_1_400' title='bbox 338 3385 406 3439; x_wconf 86' lang='lat' dir='ltr'><strong>opus</strong></span> <span class='ocrx_word' id='word_1_401' title='bbox 424 3377 468 3425; x_wconf 90' lang='lat' dir='ltr'><strong>est</strong></span> <span class='ocrx_word' id='word_1_402' title='bbox 485 3368 632 3424; x_wconf 87' lang='lat' dir='ltr'><strong>harmoniis</strong></span> <span class='ocrx_word' id='word_1_403' title='bbox 651 3369 686 3424; x_wconf 89' lang='lat' dir='ltr'><strong>ad</strong></span> <span class='ocrx_word' id='word_1_404' title='bbox 704 3369 920 3424; x_wconf 88' lang='lat' dir='ltr'><strong>concinnandum</strong></span> <span class='ocrx_word' id='word_1_405' title='bbox 936 3370 1121 3440; x_wconf 89' lang='lat' dir='ltr'><strong>proportionis</strong></span> <span class='ocrx_word' id='word_1_406' title='bbox 1135 3370 1313 3440; x_wconf 75' lang='lat' dir='ltr'><strong>sphaerarum</strong></span> <span class='ocrx_word' id='word_1_407' title='bbox 1324 3387 1448 3427; x_wconf 86' lang='lat' dir='ltr'><strong>mancum</strong></span> <span class='ocrx_word' id='word_1_408' title='bbox 1467 3371 1591 3427; x_wconf 86' lang='lat' dir='ltr'><strong>etinido·</strong></span> <span class='ocrx_word' id='word_1_409' title='bbox 1680 3380 1683 3391; x_wconf 91' lang='grc'><strong>’</strong></span> 
     </span>
    </p>
   </div>
   <div class='ocr_carea' id='block_1_6' title="bbox 236 3447 1591 3831">
    <p class='ocr_par' dir='ltr' id='par_1_6' title="bbox 236 3447 1591 3831">
     <span class='ocr_line' id='line_1_38' title="bbox 242 3447 1591 3520; baseline 0.004 -20"><span class='ocrx_word' id='word_1_410' title='bbox 242 3462 324 3500; x_wconf 89' lang='lat' dir='ltr'><strong>neum</strong></span> <span class='ocrx_word' id='word_1_411' title='bbox 342 3447 530 3518; x_wconf 84' lang='lat' dir='ltr'><strong>archetypum,</strong></span> <span class='ocrx_word' id='word_1_412' title='bbox 548 3463 610 3502; x_wconf 88' lang='lat' dir='ltr'><strong>cum</strong></span> <span class='ocrx_word' id='word_1_413' title='bbox 628 3455 758 3517; x_wconf 90' lang='lat' dir='ltr'><strong>suppetat</strong></span> <span class='ocrx_word' id='word_1_414' title='bbox 774 3448 852 3504; x_wconf 89' lang='lat' dir='ltr'><strong>nobis</strong></span> <span class='ocrx_word' id='word_1_415' title='bbox 871 3449 1082 3520; x_wconf 89' lang='lat' dir='ltr'><strong>pulcherrimus,</strong></span> <span class='ocrx_word' id='word_1_416' title='bbox 1102 3450 1258 3518; x_wconf 88' lang='lat' dir='ltr'><strong>aptissimus</strong></span> <span class='ocrx_word' id='word_1_417' title='bbox 1276 3456 1305 3505; x_wconf 89' lang='lat' dir='ltr'><strong>et</strong></span> <span class='ocrx_word' id='word_1_418' title='bbox 1321 3450 1403 3520; x_wconf 89' lang='lat' dir='ltr'><strong>plane</strong></span> <span class='ocrx_word' id='word_1_419' title='bbox 1420 3451 1591 3507; x_wconf 87' lang='lat' dir='ltr'><strong>necessarius</strong></span> 
     </span>
     <span class='ocr_line' id='line_1_39' title="bbox 238 3524 1590 3603; baseline 0.002 -25"><span class='ocrx_word' id='word_1_420' title='bbox 238 3540 273 3579; x_wconf 82' lang='lat' dir='ltr'><strong>ex</strong></span> <span class='ocrx_word' id='word_1_421' title='bbox 290 3526 444 3603; x_wconf 83' lang='lat' dir='ltr'><strong>&#39;geometria</strong></span> <span class='ocrx_word' id='word_1_422' title='bbox 468 3526 645 3596; x_wconf 80' lang='lat' dir='ltr'><strong>archetypus,</strong></span> <span class='ocrx_word' id='word_1_423' title='bbox 674 3527 795 3595; x_wconf 87' lang='lat' dir='ltr'><strong>quinque</strong></span> <span class='ocrx_word' id='word_1_424' title='bbox 818 3527 922 3596; x_wconf 79' lang='lat' dir='ltr'><strong>figrrrae</strong></span> <span class='ocrx_word' id='word_1_425' title='bbox 944 3524 1109 3597; x_wconf 84' lang='lat' dir='ltr'><strong>regulares‚&#39;</strong></span> <span class='ocrx_word' id='word_1_426' title='bbox 1125 3541 1159 3581; x_wconf 91' lang='grc' dir='ltr'><strong>ιι</strong></span> <span class='ocrx_word' id='word_1_427' title='bbox 1186 3528 1284 3595; x_wconf 79' lang='lat' dir='ltr'><strong>quihus</strong></span> <span class='ocrx_word' id='word_1_428' title='bbox 1302 3530 1377 3583; x_wconf 89' lang='lat' dir='ltr'><strong>Deus</strong></span> <span class='ocrx_word' id='word_1_429' title='bbox 1400 3529 1460 3598; x_wconf 90' lang='lat' dir='ltr'><strong>ipse</strong></span> <span class='ocrx_word' id='word_1_430' title='bbox 1479 3530 1590 3585; x_wconf 81' lang='lat' dir='ltr'><strong>Creator</strong></span> 
     </span>
     <span class='ocr_line' id='line_1_40' title="bbox 236 3602 1591 3679; baseline 0.004 -23"><span class='ocrx_word' id='word_1_431' title='bbox 236 3619 385 3673; x_wconf 88' lang='lat' dir='ltr'><strong>nnmerum,</strong></span> <span class='ocrx_word' id='word_1_432' title='bbox 404 3602 525 3659; x_wconf 88' lang='lat' dir='ltr'><strong>ordinem</strong></span> <span class='ocrx_word' id='word_1_433' title='bbox 544 3610 572 3659; x_wconf 95' lang='grc' dir='ltr'><strong>ιι</strong></span> <span class='ocrx_word' id='word_1_434' title='bbox 589 3605 780 3674; x_wconf 90' lang='lat' dir='ltr'><strong>proportiones</strong></span> <span class='ocrx_word' id='word_1_435' title='bbox 799 3607 977 3675; x_wconf 90' lang='lat' dir='ltr'><strong>sphaerarum</strong></span> <span class='ocrx_word' id='word_1_436' title='bbox 996 3606 1138 3662; x_wconf 88' lang='lat' dir='ltr'><strong>desumsit.</strong></span> <span class='ocrx_word' id='word_1_437' title='bbox 1174 3607 1252 3662; x_wconf 87' lang='lat' dir='ltr'><strong>Licet</strong></span> <span class='ocrx_word' id='word_1_438' title='bbox 1270 3608 1352 3677; x_wconf 86' lang='lat' dir='ltr'><strong>igitur</strong></span> <span class='ocrx_word' id='word_1_439' title='bbox 1364 3608 1523 3664; x_wconf 90' lang='lat' dir='ltr'><strong>Ptolemaeo</strong></span> <span class='ocrx_word' id='word_1_440' title='bbox 1540 3624 1591 3679; x_wconf 90' lang='lat' dir='ltr'><strong>per</strong></span> 
     </span>
     <span class='ocr_line' id='line_1_41' title="bbox 238 3682 1589 3756; baseline 0.002 -20"><span class='ocrx_word' id='word_1_441' title='bbox 238 3684 370 3752; x_wconf 83' lang='lat' dir='ltr'><strong>sphaeras</strong></span> <span class='ocrx_word' id='word_1_442' title='bbox 389 3682 498 3753; x_wconf 88' lang='lat' dir='ltr'><strong>quidem</strong></span> <span class='ocrx_word' id='word_1_443' title='bbox 515 3683 650 3739; x_wconf 89' lang='lat' dir='ltr'><strong>coelestes</strong></span> <span class='ocrx_word' id='word_1_444' title='bbox 668 3682 777 3738; x_wconf 81' lang='lat' dir='ltr'><strong>differre</strong></span> <span class='ocrx_word' id='word_1_445' title='bbox 795 3690 823 3739; x_wconf 91' lang='lat' dir='ltr'><strong>et</strong></span> <span class='ocrx_word' id='word_1_446' title='bbox 839 3699 979 3741; x_wconf 80' lang='lat' dir='ltr'><strong>reservare</strong></span> <span class='ocrx_word' id='word_1_447' title='bbox 997 3685 1151 3741; x_wconf 87' lang='lat' dir='ltr'><strong>harmonias</strong></span> <span class='ocrx_word' id='word_1_448' title='bbox 1174 3685 1210 3740; x_wconf 89' lang='lat' dir='ltr'><strong>sd</strong></span> <span class='ocrx_word' id='word_1_449' title='bbox 1228 3686 1434 3743; x_wconf 84' lang='lat' dir='ltr'><strong>exornationem</strong></span> <span class='ocrx_word' id='word_1_450' title='bbox 1456 3693 1589 3756; x_wconf 88' lang='lat' dir='ltr'><strong>motuum,</strong></span> 
     </span>
     <span class='ocr_line' id='line_1_42' title="bbox 237 3754 1031 3831; baseline 0.001 -15"><span class='ocrx_word' id='word_1_451' title='bbox 237 3761 489 3831; x_wconf 84' lang='lat' dir='ltr'><strong>capithscquentis</strong></span> <span class='ocrx_word' id='word_1_452' title='bbox 510 3762 719 3821; x_wconf 86' lang='lat' dir='ltr'><strong>15.&#39;materiam.</strong></span> <span class='ocrx_word' id='word_1_453' title='bbox 864 3754 868 3771; x_wconf 72' lang='lat'>⁸</span> <span class='ocrx_word' id='word_1_454' title='bbox 1027 3784 1031 3799; x_wconf 63' lang='grc' dir='ltr'><strong>ι</strong></span> 
     </span>
    </p>
   </div>
   <div class='ocr_carea' id='block_1_7' title="bbox 778 3978 1050 4091">
    <p class='ocr_par' dir='ltr' id='par_1_7' title="bbox 778 3978 1050 4091">
     <span class='ocr_line' id='line_1_43' title="bbox 778 3978 1050 4091; baseline -0.004 -1"><span class='ocrx_word' id='word_1_455' title='bbox 778 4018 920 4090; x_wconf 76' lang='lat' dir='ltr'><strong>cucur</strong></span> <span class='ocrx_word' id='word_1_456' title='bbox 947 3978 1014 4091; x_wconf 82' lang='grc' dir='ltr'><strong>ιι.</strong></span> <span class='ocrx_word' id='word_1_457' title='bbox 1025 4008 1050 4059; x_wconf 72' lang='lat'><strong>1³</strong></span> 
     </span>
    </p>
   </div>
   <div class='ocr_carea' id='block_1_8' title="bbox 293 4164 1531 4309">
    <p class='ocr_par' dir='ltr' id='par_1_8' title="bbox 293 4164 1531 4309">
     <span class='ocr_line' id='line_1_44' title="bbox 293 4164 1531 4240; baseline 0.006 -21"><span class='ocrx_word' id='word_1_458' title='bbox 293 4164 467 4234; x_wconf 68' lang='lat' dir='ltr'><strong>Quomodo</strong></span> <span class='ocrx_word' id='word_1_459' title='bbox 495 4166 582 4222; x_wconf 89' lang='lat' dir='ltr'><strong>sumi</strong></span> <span class='ocrx_word' id='word_1_460' title='bbox 608 4166 744 4236; x_wconf 91' lang='lat' dir='ltr'><strong>possint</strong></span> <span class='ocrx_word' id='word_1_461' title='bbox 768 4172 922 4221; x_wconf 88' lang='lat' dir='ltr'><strong>motuum</strong></span> <span class='ocrx_word' id='word_1_462' title='bbox 947 4167 1172 4236; x_wconf 84' lang='lat' dir='ltr'><strong>propriorum</strong></span> <span class='ocrx_word' id='word_1_463' title='bbox 1197 4170 1444 4239; x_wconf 89' lang='lat' dir='ltr'><strong>proportiones</strong></span> <span class='ocrx_word' id='word_1_464' title='bbox 1468 4185 1531 4240; x_wconf 89' lang='lat' dir='ltr'><strong>per</strong></span> 
     </span>
     <span class='ocr_line' id='line_1_45' title="bbox 466 4244 1330 4309; baseline 0.007 -4"><span class='ocrx_word' id='word_1_465' title='bbox 466 4244 468 4249; x_wconf 50' lang='lat'><strong>⁴</strong></span> <span class='ocrx_word' id='word_1_466' title='bbox 804 4256 1019 4309; x_wconf 69' lang='lat' dir='ltr'><strong>numerumn)</strong></span> <span class='ocrx_word' id='word_1_467' title='bbox 1320 4246 1330 4273; x_wconf 82' lang='lat'><strong><em>‘</em></strong></span> 
     </span>
    </p>
   </div>
   <div class='ocr_carea' id='block_1_9' title="bbox 150 4416 1598 4939">
    <p class='ocr_par' dir='ltr' id='par_1_9' title="bbox 150 4416 1598 4939">
     <span class='ocr_line' id='line_1_46' title="bbox 324 4416 1591 4495; baseline 0.004 -18"><span class='ocrx_word' id='word_1_468' title='bbox 324 4417 399 4477; x_wconf 78' lang='lat' dir='ltr'><strong>Cum</strong></span> <span class='ocrx_word' id='word_1_469' title='bbox 428 4417 559 4495; x_wconf 90' lang='lat' dir='ltr'><strong>sphaeris</strong></span> <span class='ocrx_word' id='word_1_470' title='bbox 589 4418 678 4494; x_wconf 85' lang='lat' dir='ltr'><strong>igitur</strong></span> <span class='ocrx_word' id='word_1_471' title='bbox 699 4434 745 4477; x_wconf 91' lang='lat' dir='ltr'><strong>res</strong></span> <span class='ocrx_word' id='word_1_472' title='bbox 767 4432 833 4476; x_wconf 92' lang='lat' dir='ltr'><strong>sese</strong></span> <span class='ocrx_word' id='word_1_473' title='bbox 854 4416 960 4492; x_wconf 86' lang='lat' dir='ltr'><strong>habet,</strong></span> <span class='ocrx_word' id='word_1_474' title='bbox 989 4425 1024 4478; x_wconf 90' lang='lat' dir='ltr'><strong>ut</strong></span> <span class='ocrx_word' id='word_1_475' title='bbox 1053 4417 1275 4495; x_wconf 80' lang='lat' dir='ltr'><strong>explicavimus.</strong></span> <span class='ocrx_word' id='word_1_476' title='bbox 1320 4421 1491 4483; x_wconf 78' lang='lat' dir='ltr'><strong>Trarreimas</strong></span> <span class='ocrx_word' id='word_1_477' title='bbox 1512 4439 1591 4482; x_wconf 90' lang='lat' dir='ltr'><strong>nuuc</strong></span> 
     </span>
     <span class='ocr_line' id='line_1_47' title="bbox 237 4502 1591 4583; baseline 0.005 -19"><span class='ocrx_word' id='word_1_478' title='bbox 237 4502 277 4564; x_wconf 88' lang='lat' dir='ltr'><strong>ad</strong></span> <span class='ocrx_word' id='word_1_479' title='bbox 303 4511 400 4565; x_wconf 88' lang='lat' dir='ltr'><strong>motus</strong></span> <span class='ocrx_word' id='word_1_480' title='bbox 423 4503 605 4581; x_wconf 83' lang='lat' dir='ltr'><strong>singulorum</strong></span> <span class='ocrx_word' id='word_1_481' title='bbox 632 4505 816 4582; x_wconf 88' lang='lat' dir='ltr'><strong>planetarum</strong></span> <span class='ocrx_word' id='word_1_482' title='bbox 842 4508 985 4583; x_wconf 88' lang='lat' dir='ltr'><strong>proprios.</strong></span> <span class='ocrx_word' id='word_1_483' title='bbox 1032 4504 1284 4580; x_wconf 84' lang='lat' dir='ltr'><strong>Quemadmodum</strong></span> <span class='ocrx_word' id='word_1_484' title='bbox 1307 4511 1384 4568; x_wconf 89' lang='lat' dir='ltr'><strong>enim</strong></span> <span class='ocrx_word' id='word_1_485' title='bbox 1415 4526 1452 4570; x_wconf 85' lang='grc' dir='ltr'><strong>ιι</strong></span> <span class='ocrx_word' id='word_1_486' title='bbox 1473 4508 1591 4571; x_wconf 88' lang='lat' dir='ltr'><strong>chordis</strong></span> 
     </span>
     <span class='ocr_line' id='line_1_48' title="bbox 237 4589 1589 4673; baseline 0.006 -24"><span class='ocrx_word' id='word_1_487' title='bbox 237 4589 420 4652; x_wconf 84' lang='lat' dir='ltr'><strong>diversorum</strong></span> <span class='ocrx_word' id='word_1_488' title='bbox 448 4608 586 4652; x_wconf 87' lang='lat' dir='ltr'><strong>sonomm</strong></span> <span class='ocrx_word' id='word_1_489' title='bbox 617 4591 705 4654; x_wconf 86' lang='grc' dir='ltr'>ιιιιιιιΙ</span> <span class='ocrx_word' id='word_1_490' title='bbox 734 4591 859 4669; x_wconf 90' lang='lat' dir='ltr'><strong>pulsatis</strong></span> <span class='ocrx_word' id='word_1_491' title='bbox 889 4595 1070 4669; x_wconf 87' lang='lat' dir='ltr'><strong>compositus</strong></span> <span class='ocrx_word' id='word_1_492' title='bbox 1102 4611 1193 4654; x_wconf 87' lang='lat' dir='ltr'><strong>sonus</strong></span> <span class='ocrx_word' id='word_1_493' title='bbox 1228 4595 1358 4670; x_wconf 88' lang='lat' dir='ltr'><strong>elicitur,</strong></span> <span class='ocrx_word' id='word_1_494' title='bbox 1393 4599 1444 4673; x_wconf 83' lang='lat' dir='ltr'><strong>qui</strong></span> <span class='ocrx_word' id='word_1_495' title='bbox 1474 4598 1589 4658; x_wconf 68' lang='lat' dir='ltr'><strong>mium</strong></span> 
     </span>
     <span class='ocr_line' id='line_1_49' title="bbox 233 4676 1589 4762; baseline 0.005 -24"><span class='ocrx_word' id='word_1_496' title='bbox 233 4678 346 4755; x_wconf 88' lang='lat' dir='ltr'><strong>judicio</strong></span> <span class='ocrx_word' id='word_1_497' title='bbox 369 4678 419 4740; x_wconf 83' lang='lat' dir='ltr'><strong>sel</strong></span> <span class='ocrx_word' id='word_1_498' title='bbox 441 4682 634 4740; x_wconf 87' lang='lat' dir='ltr'><strong>consonantia</strong></span> <span class='ocrx_word' id='word_1_499' title='bbox 662 4680 766 4740; x_wconf 87' lang='lat' dir='ltr'><strong>dicitur</strong></span> <span class='ocrx_word' id='word_1_500' title='bbox 795 4678 843 4740; x_wconf 86' lang='lat' dir='ltr'><strong>vei</strong></span> <span class='ocrx_word' id='word_1_501' title='bbox 872 4680 1070 4755; x_wconf 88' lang='lat' dir='ltr'><strong>dissonantia,</strong></span> <span class='ocrx_word' id='word_1_502' title='bbox 1083 4752 1087 4761; x_wconf 31' lang='grc' dir='ltr'>ι</span> <span class='ocrx_word' id='word_1_503' title='bbox 1101 4676 1144 4740; x_wconf 83' lang='grc' dir='ltr'><strong>ιιι</strong></span> <span class='ocrx_word' id='word_1_504' title='bbox 1165 4684 1254 4742; x_wconf 86' lang='lat' dir='ltr'><strong>etiarn</strong></span> <span class='ocrx_word' id='word_1_505' title='bbox 1282 4683 1422 4762; x_wconf 87' lang='lat' dir='ltr'><strong>sphaerae</strong></span> <span class='ocrx_word' id='word_1_506' title='bbox 1444 4682 1589 4745; x_wconf 86' lang='lat' dir='ltr'><strong>coelestes</strong></span> 
     </span>
     <span class='ocr_line' id='line_1_50' title="bbox 237 4766 1598 4846; baseline 0.005 -21"><span class='ocrx_word' id='word_1_507' title='bbox 237 4766 370 4827; x_wconf 87' lang='lat' dir='ltr'><strong>videmus</strong></span> <span class='ocrx_word' id='word_1_508' title='bbox 397 4768 512 4826; x_wconf 90' lang='lat' dir='ltr'><strong>incitari</strong></span> <span class='ocrx_word' id='word_1_509' title='bbox 534 4768 663 4827; x_wconf 89' lang='lat' dir='ltr'><strong>motibus</strong></span> <span class='ocrx_word' id='word_1_510' title='bbox 686 4766 825 4838; x_wconf 85' lang='lat' dir='ltr'><strong>dirersis,</strong></span> <span class='ocrx_word' id='word_1_511' title='bbox 855 4769 886 4826; x_wconf 91' lang='lat' dir='ltr'><strong>in</strong></span> <span class='ocrx_word' id='word_1_512' title='bbox 916 4768 1024 4846; x_wconf 89' lang='lat' dir='ltr'><strong>quihus</strong></span> <span class='ocrx_word' id='word_1_513' title='bbox 1054 4775 1223 4845; x_wconf 89' lang='lat' dir='ltr'><strong>spectantur</strong></span> <span class='ocrx_word' id='word_1_514' title='bbox 1252 4769 1373 4843; x_wconf 79' lang='lat' dir='ltr'><strong>eaedem</strong></span> <span class='ocrx_word' id='word_1_515' title='bbox 1395 4770 1598 4846; x_wconf 68' lang='lat' dir='ltr'><strong>differentiae,</strong></span> 
     </span>
     <span class='ocr_line' id='line_1_51' title="bbox 150 4853 1591 4939; baseline 0.007 -28"><span class='ocrx_word' id='word_1_516' title='bbox 150 4890 163 4911; x_wconf 57' lang='lat' dir='ltr'><strong>t</strong></span> <span class='ocrx_word' id='word_1_517' title='bbox 237 4871 313 4932; x_wconf 84' lang='lat' dir='ltr'><strong>quae</strong></span> <span class='ocrx_word' id='word_1_518' title='bbox 336 4864 365 4915; x_wconf 90' lang='grc' dir='ltr'><strong>ιι</strong></span> <span class='ocrx_word' id='word_1_519' title='bbox 387 4856 417 4914; x_wconf 88' lang='lat' dir='ltr'><strong>in</strong></span> <span class='ocrx_word' id='word_1_520' title='bbox 440 4860 522 4915; x_wconf 90' lang='lat' dir='ltr'><strong>metu</strong></span> <span class='ocrx_word' id='word_1_521' title='bbox 544 4853 727 4931; x_wconf 84' lang='lat' dir='ltr'><strong>chordarum,</strong></span> <span class='ocrx_word' id='word_1_522' title='bbox 751 4853 918 4917; x_wconf 69' lang='lat' dir='ltr'><strong>adscitam</strong></span> <span class='ocrx_word' id='word_1_523' title='bbox 940 4863 970 4916; x_wconf 88' lang='grc' dir='ltr'><strong>ιι</strong></span> <span class='ocrx_word' id='word_1_524' title='bbox 992 4853 1147 4917; x_wconf 87' lang='lat' dir='ltr'><strong>tarditatis.</strong></span> <span class='ocrx_word' id='word_1_525' title='bbox 1193 4857 1268 4918; x_wconf 82' lang='lat' dir='ltr'><strong>Gurn</strong></span> <span class='ocrx_word' id='word_1_526' title='bbox 1290 4866 1391 4919; x_wconf 86' lang='lat' dir='ltr'><strong>autern</strong></span> <span class='ocrx_word' id='word_1_527' title='bbox 1420 4876 1529 4939; x_wconf 82' lang='lat' dir='ltr'><strong>magna</strong></span> <span class='ocrx_word' id='word_1_528' title='bbox 1550 4860 1591 4921; x_wconf 85' lang='lat' dir='ltr'><strong>sit</strong></span> 
     </span>
    </p>
   </div>
   <div class='ocr_carea' id='block_1_10' title="bbox 0 0 1950 5862">
    <p class='ocr_par' dir='ltr' id='par_1_10' title="bbox 0 0 1950 5862">
     <span class='ocr_line' id='line_1_52' title="bbox 0 0 1950 5862; baseline 0 0"><span class='ocrx_word' id='word_1_529' title='bbox 0 0 1950 5862; x_wconf 95' lang='lat' dir='ltr'><strong> </strong></span> 
     </span>
    </p>
   </div>
  </div>
 </body>
</html>
