3872 5846
813 358 1226 452 mmwm,
1491 334 1643 448 'm

289 560 335 612 est
360 553 449 628 inque
472 553 620 612 creatione
643 555 794 629 expressit,
822 560 965 632 utsupra
989 554 1115 629 dictum,
1139 561 1204 628 aut,
1228 555 1307 632 quod
1330 555 1433 617 eodem
1457 558 1546 633 redit,
1570 561 1645 622 alle·

288 641 368 717 gabo
393 640 615 716 cognationem,
640 656 704 717 cap.
733 642 759 698 1.
782 646 906 715 tectam,
931 646 1093 701 animarum
1115 642 1234 716 harum,
1259 646 1347 703 etiam
1370 645 1554 720 inferiorum,
1579 666 1645 708 cum

288 725 407 800 circulo,
430 726 468 787 ad
492 743 578 805 quem
616 728 696 787 velut
718 727 755 791 aa
777 745 908 787 normam
932 729 1086 805 legemque
1119 733 1299 806 compositae
1322 743 1351 789 et
1369 735 1566 795 conformatae
1583 738 1643 796 sint

287 831 413 889 cumque
440 816 504 890 ipso
538 813 646 873 circulo
678 814 801 891 ejusque
835 815 1118 876 demonstrabilitatc
1155 817 1250 876 ideam
1291 819 1379 877 etiarn
1417 826 1637 899 proportionum
1688 875 1690 878 Α

288 901 523 961 ιιιιιιιιοιιίιιιιιιιι
560 901 627 960 inde
656 901 879 980 dependentium
909 904 1065 963 induerint.
1116 903 1214 977 Valde
1251 908 1328 963 enim
1363 908 1535 968 corrlirmaut
1564 911 1641 971 hanc

287 988 506 1067 philosophiam
530 1006 661 1063 geneses,
685 1007 751 1049 cum
773 988 941 1064 videamus,
965 992 1162 1051 characterem
1185 992 1380 1083 confluentiae
1401 995 1548 1055 radiorum
1573 1015 1644 1075 qoe-

288 1075 412 1137 lestium
434 1075 473 1135 ad
500 1074 579 1135 idem
608 1087 765 1154 punctum,
795 1077 878 1137 velut
904 1096 941 1137 ex
962 1079 1071 1139 circulo
1095 1076 1257 1153 communi,
1286 1082 1413 1156 imprimi
1442 1084 1471 1140 in
1495 1088 1643 1165 nascentis

288 1166 434 1239 animnm3
458 1162 494 1222 de
518 1181 576 1239 quo
600 1182 629 1221 nr
631 1164 674 1223 ra
697 1182 760 1242 cap
787 1168 814 1223 7.
838 1165 932 1243 plura

374 1251 472 1309 Porro
489 1249 603 1323 media,
636 1253 742 1328 quibus
765 1261 886 1311 utuntur
916 1254 990 1312 istae
1012 1252 1168 1312 facultates
1191 1255 1307 1313 animas
1339 1254 1489 1315 inferiores
1513 1257 1550 1316 ad
1574 1276 1643 1338 per-

290 1336 442 1415 cipiendas
464 1336 632 1398 harmonias
655 1349 855 1415 externorum,
878 1348 947 1398 sunt
968 1328 1088 1413 eadem,
1113 1339 1220 1417 quihus
1243 1349 1273 1399 et
1295 1345 1444 1400 externa'
1437 1360 1502 1419 rpsa
1526 1345 1643 1421 objecta

290 1427 445 1484 introrsum
469 1418 620 1504 recipiunt.
665 1425 697 1485 Si
720 1426 840 1485 sensilia
862 1435 938 1501 sunt,
962 1429 1097 1486 sensibus
1120 1430 1209 1486 etiam
1223 1429 1430 1503 percipiuntur,
1453 1430 1641 1503 facultatibus

290 1529 331 1571 sc.
356 1516 472 1572 animae
494 1530 598 1572 sensus
622 1513 860 1588 informantibus,
891 1532 967 1591 quae
997 1523 1026 1574 et
1049 1518 1114 1591 ipsa
1141 1532 1199 1573 nou
1223 1516 1319 1573 minus
1349 1532 1436 1591 quam
1458 1522 1589 1596 superior
1610 1520 1640 1579 ln

291 1602 508 1701 comparatione
531 1611 685 1659 versantur
706 1618 802 1660 rerum
826 1610 986 1675 certarum,
1016 1602 1067 1662 sed
1091 1600 1120 1660 id
1143 1604 1298 1675 instinctu,
1322 1618 1380 1661 non
1404 1604 1546 1664 discursu.
1591 1607 1672 1679 Sic

289 1689 355 1745 soni
378 1687 480 1748 auditu
506 1689 591 1764 eique
613 1689 762 1764 praefecta
789 1696 935 1768 potestate
959 1696 1153 1748 consonantes
1185 1644 1387 1748 discenduntur
1416 1709 1435 1750 a
1462 1691 1673 1754 dissonanti-

288 1774 353 1845 bus,
376 1778 421 1834 ιιι
441 1777 646 1851 proportiones
669 1775 914 1835 architectonicae
937 1777 1030 1835 oculis
1053 1778 1251 1854 percipiuntur
1274 1785 1304 1837 ct
1317 1775 1456 1837 facultate
1479 1779 1540 1851 illa,
1564 1799 1673 1867 quac

268 1854 365 1919 'visui
397 1869 442 1921 est
469 1863 630 1965 praefecte,
663 1862 801 1941 pulchrae
830 1872 860 1923 et
891 1879 1038 1940 congruae
1070 1865 1108 1921 ab
1135 1866 1303 1940 incongruis
1330 1862 1541 1925 discernuntur.
1587 1869 1640 1928 Sin
1666 1878 1673 1925 ι

289 1957 387 2007 autern
409 1966 456 2009 res
478 1952 576 2025 ipsae,
600 1952 629 2007 in
652 1951 759 2026 quibus
783 1958 827 2009 cst
848 1951 1019 2010 harmonica
1041 1953 1126 2019 ratio,
1156 1951 1279 2009 sensiles
1299 1966 1360 2017 Ιιιοιι
1384 1961 1468 2026 sunt,
1491 1953 1543 2013 sed
1565 1955 1639 2017 forte

289 2034 351 2095 alla
371 2035 511 2099 facultate
534 2036 756 2116 perceptibiles.
788 2038 891 2098 eadem
914 2048 944 2098 ιι
964 2039 1046 2114 ipsae
1068 2040 1271 2114 proportiones
1302 2054 1396 2096 rerum
1418 2042 1447 2097 in
1470 2044 1570 2101 anima
1592 2061 1640 2104 re·

287 2120 401 2195 lucent,
432 2126 475 2183 uti
506 2130 707 2200 comparatum
735 2133 779 2184 est
808 2142 874 2184 cum
901 2125 1140 2203 proportionibus
1168 2124 1314 2184 radiorum
1345 2124 1527 2209 sideralium,
1562 2148 1639 2207 quas

287 2209 434 2285 quomodo
457 2212 495 2271 ab
518 2218 615 2270 anima
637 2211 788 2270 sublunari
811 2214 1016 2290 percipiantur,
1039 2213 1113 2271 infra
1135 2215 1230 2287 capite
1249 2216 1276 2271 7.
1300 2201 1502 2288 disquiremus.

372 2297 427 2356 Est
446 2306 544 2357 tamen
568 2300 675 2358 obtrrsa
698 2307 727 2358 et
750 2300 874 2358 obscura
895 2301 969 2360 haec
991 2299 1205 2358 harmoniarum
1225 2302 1371 2377 perceptio
1395 2302 1424 2358 in
1446 2301 1639 2369 facultatibus

287 2385 402 2444 animae
424 2386 608 2451 inferioribus
632 2396 661 2445 et
683 2386 899 2463 quodammodo
922 2387 1080 2446 materialis
1103 2394 1133 2445 et
1154 2387 1209 2445 srrb
1230 2386 1307 2445 nube
1330 2389 1415 2463 quasi
1439 2390 1634 2466 ignorantiam

287 2488 342 2530 nec
366 2473 442 2531 eninr
465 2476 561 2532 sciunt
583 2492 614 2532 se
636 2477 801 2551 percipere,
834 2484 867 2533 nt
888 2491 954 2533 cum
984 2471 1117 2531 ridentes
1145 2473 1257 2549 aliquid
1288 2490 1347 2532 non
1381 2482 1479 2549 tamen
1501 2480 1638 2538 animad·
1745 2488 1749 2497 ’

288 2562 444 2633 vertimus,
475 2576 530 2619 nos
552 2559 583 2619 id
605 2561 713 2621 videro.
758 2559 848 2620 'Pales
875 2570 943 2621 sunt
972 2569 1068 2619 motus
1091 2560 1134 2618 illi
1164 2567 1193 2619 et
1214 2576 1355 2637 pavores,
1386 2562 1535 2623 aStoiels
1558 2565 1639 2626 cele-

287 2646 369 2719 brati,
394 2648 544 2706 naturales
567 2648 630 2707 sine
653 2647 775 2708 consilio
791 2655 964 2725 praeterque
980 2647 1171 2721 voluntatem,
1195 2647 1263 2706 talis
1277 2650 1366 2707 etiam
1380 2649 1500 2710 affectus
1517 2651 1576 2711 odii
1591 2654 1637 2714 ιιι

287 2735 393 2792 amoris
409 2735 559 2807 naturalis,
574 2738 647 2795 miro
664 2738 829 2812 cumprimis
845 2737 972 2812 ingenio,
994 2736 1044 2811 qui
1060 2734 1253 2792 membrorum
1268 2751 1437 2794 commensn
1452 2742 1594 2816 vocisque
1609 2749 1640 2800 et

288 2825 507 2897 temperamenti
531 2821 723 2897 qualitatibus
747 2824 909 2883 bonitatem
930 2821 979 2881 vel
1001 2820 1222 2880 similitudinem
1242 2824 1402 2881 aestimans
1424 2825 1540 2884 animae
1562 2825 1639 2886 alte·

287 2909 346 2967 rius
375 2925 441 2967 crrm
464 2927 531 2982 sua,
560 2910 715 2968 mirifice
707 2929 737 2968 ru
767 2910 849 2970 illam
877 2909 1049 2970 exardescit.
1096 2909 1185 2967 Amat
1206 2910 1295 2984 igitur
1323 2911 1445 2967 insanus
1468 2909 1640 2972 adolescens

288 2980 437 3074 puellam,
459 3014 513 3056 nec
536 2999 591 3055 scit
613 3014 675 3069 cur,
707 3005 758 3056 aut
782 2996 903 3072 quidm
927 3014 963 3055 ea
985 2997 1172 3071 potissimam
1195 3001 1287 3067 amet,
1313 2995 1391 3071 quod
1415 3000 1440 3056 ei
1464 3014 1522 3057 non
1545 3002 1640 3074 possit

288 3090 440 3159 praestare
463 3086 587 3160 quaevis
610 3084 701 3142 obvia
722 3086 872 3156 meretrix,
895 3085 922 3142 si
943 3081 1114 3142 inhonestus
1137 3098 1236 3155 amor,
1260 3090 1313 3141 aut
1334 3100 1528 3161 quaecunque
1550 3087 1639 3146 nubl-

288 3170 325 3227 lis
348 3170 466 3249 puella,
497 3173 521 3229 si
545 3171 702 3244 legitimus.
749 3170 789 3227 At
810 3170 1071 3247 physiognomicus
1093 3171 1301 3247 superveniens
1330 3172 1472 3229 invenit
1464 3190 1493 3230 ιιι
1516 3183 1639 3251 unaque

291 3273 419 3332 persona
440 3256 660 3316 similitudinem
682 3256 810 3333 aliquam
834 3275 962 3333 mornm3
985 3258 1075 3332 quisi
1092 3259 1202 3329 vitiosi,
1226 3255 1327 3331 litigiis
1341 3261 1491 3334 perpetuis
1513 3263 1542 3319 in
1566 3279 1639 3322 cou-

287 3344 373 3420 jugio
403 3346 545 3421 praebent
573 3347 773 3420 occasionem,
805 3347 831 3404 si
860 3346 943 3418 honi,
973 3342 1178 3420 tranquillitati
1205 3346 1294 3403 vitae.
1340 3343 1483 3421 Adeoque
1510 3348 1569 3408 huc
1590 3366 1638 3407 rc·

291 3430 425 3491 ferendus
448 3440 494 3492 ιιι
516 3434 669 3491 universus
693 3434 845 3491 instinctus
867 3431 1136 3510 physiognomicns,
1159 3432 1209 3506 qui
1232 3433 1367 3507 quamvis
1390 3442 1489 3492 mutus
1511 3444 1541 3494 st
1562 3453 1639 3512 quo-

292 3516 447 3577 dammodo
470 3518 573 3583 brutus
596 3521 727 3594 (minime
752 3537 821 3580 uero
846 3530 907 3580 arte
930 3524 1129 3596 comparatus,
1159 3519 1214 3577 etsi
1237 3536 1289 3594 per
1311 3537 1376 3578 eam
1400 3520 1494 3580 excoli
1516 3524 1638 3598 potest),

290 3622 386 3664 rerum
409 3613 507 3665 tamen
530 3604 721 3665 humanarum
745 3610 886 3682 interpres
915 3614 943 3665 et
966 3607 1073 3673 arbiter
1095 3614 1141 3664 ιιι
1163 3607 1275 3665 ιιιιιιιιι.
1320 3605 1447 3667 Tantum
1471 3610 1548 3668 enim
1569 3611 1638 3684 qui·

290 3690 361 3751 libet
383 3695 584 3771 prosperitatis
607 3688 793 3775 (naturaliter
815 3688 979 3775 loquendo)
1012 3694 1138 3764 obtinet,
1170 3702 1311 3769 quantum
1336 3695 1401 3769 eius
1423 3695 1529 3775 facies,
1556 3713 1639 3755 com-

291 3796 417 3853 mensus,
441 3781 584 3859 corporis,
623 3785 754 3840 incessus
784 3790 940 3857 motusque
972 3779 1168 3840 membrorum
1200 3779 1309 3839 arridet
1337 3797 1432 3841 rerum
1459 3784 1639 3858 potientibus

289 3875 491 3944 quantumque
514 3870 551 3926 iis
572 3869 688 3944 irrepit,
720 3867 801 3928 nullo
824 3871 912 3927 etiam
940 3883 1139 3943 supeream
1166 3866 1288 3925 consilio
1310 3869 1389 3941 usis,
1419 3868 1510 3928 veluti
1533 3870 1638 3944 lateas,

291 3962 323 4013 ut
346 3970 436 4032 saepe
459 3961 610 4030 testentur,
634 3973 665 4015 se
689 3973 786 4016 amere
810 3955 858 4016 vel
881 3955 978 4015 odisse
1001 3956 1182 4031 quempiam,
1210 3957 1371 4015 nescientes
1395 3954 1433 4013 ob
1456 3974 1543 4032 quam
1566 3974 1639 4016 cau·

288 4057 361 4100 sam.
406 4040 488 4100 Talis
510 4034 630 4119 inquam
662 4045 759 4102 estin
781 4047 896 4102 animae
918 4041 1107 4103 facultatibus
1129 4041 1312 4100 inferioribus
1339 4058 1443 4101 sensus
1471 4046 1639 4121 proportio·

289 4144 358 4187 uum
380 4130 444 4188 sine
466 4146 563 4191 sensu.
609 4128 693 4188 Adeo
716 4148 812 4206 neque
835 4130 1019 4207 distinguunt
1035 4130 1256 4205 proportionem
1287 4147 1306 4188 a
1333 4131 1463 4189 terminis
1489 4148 1542 4191 serr
1565 4131 1638 4190 sub·

283 4214 363 4290 jecto
387 4232 441 4275 suo
463 4214 509 4297 (ut
532 4233 596 4275 cunr
620 4217 722 4276 andita
740 4218 872 4293 jucunda
895 4216 1042 4277 cantilena
1063 4223 1178 4292 praeter
1200 4232 1288 4274 sonos
1314 4217 1394 4293 ipsos
1417 4216 1489 4275 nihil
1513 4218 1548 4277 de
1565 4221 1638 4277 arti·
1716 4273 1719 4279 .

287 4301 353 4362 ficio
376 4305 441 4380 ipso
464 4301 639 4384 cogitamus)
666 4321 720 4364 nec
742 4303 829 4381 plane
852 4304 1035 4381 distinguunt
1056 4305 1131 4361 inter
1153 4320 1185 4362 se
1207 4303 1339 4363 diversas
1360 4304 1543 4380 harmoniam
1569 4312 1638 4364 tan·
1661 4328 1666 4339 ¹

287 4397 350 4448 tum
372 4407 400 4448 n.
424 4390 504 4466 quod
520 4394 587 4464 siut,
611 4392 856 4466 animadvertunt,
880 4392 950 4469 quid
966 4391 1014 4450 ιιι
1029 4408 1118 4466 quam
1136 4391 1234 4450 variae
1250 4382 1316 4463 sint,
1339 4392 1482 4450 nesciunt.
1520 4390 1637 4470 Quippe

287 4477 369 4551 ipsae
393 4479 480 4537 etiam
504 4477 588 4537 ideae
611 4478 840 4552 harmoniarum,
870 4496 944 4555 quas
967 4479 1023 4538 hae
1047 4477 1197 4536 inferiores
1219 4479 1335 4536 animae
1361 4477 1516 4538 facultates
1538 4497 1637 4539 secum

286 4562 397 4622 habent
418 4566 507 4638 intus,
532 4582 590 4625 non
613 4565 699 4643 plane
723 4585 811 4644 purae
827 4569 899 4644 ipsis
914 4574 982 4627 suut
997 4567 1161 4638 instinctae,
1184 4564 1236 4622 sed
1258 4581 1324 4623 cum
1345 4563 1504 4626 involucris
1526 4568 1636 4644 speciei

289 4651 457 4726 subjectae,
491 4652 554 4727 ejrrs
577 4669 617 4712 sc.
648 4671 724 4730 quae
748 4654 890 4730 cujusque
913 4652 1061 4714 facultatis
1084 4654 1122 4711 sit
1144 4652 1302 4726 obiectum.
1327 4649 1489 4713 'Nimirum
1511 4653 1637 4714 facultas

287 4737 404 4797 auditus
427 4737 471 4820 (nt
497 4739 630 4815 exemplo
660 4758 797 4802 sonoram
827 4740 1067 4803 concordantium
1096 4747 1210 4798 utamur
1240 4738 1306 4798 loco
1336 4737 1488 4820 omnium),
1521 4742 1637 4818 corpori

339 4847 433 4905 Raplerl
446 4847 521 4899 oper·
533 4847 561 4889 V.
1191 4825 1196 4831 Δ
1369 4892 1373 4909 ,
1441 4844 1480 4905 15
