<?xml version="1.0" encoding="UTF-8"?>
<!DOCTYPE html PUBLIC "-//W3C//DTD XHTML 1.0 Transitional//EN"
    "http://www.w3.org/TR/xhtml1/DTD/xhtml1-transitional.dtd">
<html xmlns="http://www.w3.org/1999/xhtml" xml:lang="en" lang="en">
 <head>
  <title>
</title>
<meta http-equiv="Content-Type" content="text/html;charset=utf-8" />
  <meta name='ocr-system' content='tesseract 3.04.00' />
  <meta name='ocr-capabilities' content='ocr_page ocr_carea ocr_par ocr_line ocrx_word'/>
</head>
<body>
  <div class='ocr_page' id='page_1' title='image "./joanniskepleria29frisgoog_0355.png"; bbox 0 0 3940 5856; ppageno 0'>
   <div class='ocr_carea' id='block_1_1' title="bbox 209 2551 221 2581">
    <p class='ocr_par' dir='ltr' id='par_1_1' title="bbox 209 2551 221 2581">
     <span class='ocr_line' id='line_1_1' title="bbox 209 2551 221 2581; baseline 0 -2"><span class='ocrx_word' id='word_1_1' title='bbox 209 2551 221 2581; x_wconf 75' lang='grc' dir='ltr'>Ι</span> 
     </span>
    </p>
   </div>
   <div class='ocr_carea' id='block_1_2' title="bbox 389 348 1433 441">
    <p class='ocr_par' dir='ltr' id='par_1_2' title="bbox 389 348 1433 441">
     <span class='ocr_line' id='line_1_2' title="bbox 389 348 1433 441; baseline -0.01 -27"><span class='ocrx_word' id='word_1_2' title='bbox 389 354 452 415; x_wconf 73' lang='grc'>334</span> <span class='ocrx_word' id='word_1_3' title='bbox 752 348 899 419; x_wconf 73' lang='lat' dir='ltr'>appendix</span> <span class='ocrx_word' id='word_1_4' title='bbox 916 350 951 406; x_wconf 88' lang='lat' dir='ltr'>sd</span> <span class='ocrx_word' id='word_1_5' title='bbox 968 348 1067 407; x_wconf 86' lang='lat' dir='ltr'>librum</span> <span class='ocrx_word' id='word_1_6' title='bbox 1083 349 1115 406; x_wconf 68' lang='lat' dir='ltr'>V,</span> <span class='ocrx_word' id='word_1_7' title='bbox 1134 349 1382 406; x_wconf 75' lang='lat' dir='ltr'>Hmmonicorunn-</span> <span class='ocrx_word' id='word_1_8' title='bbox 1429 428 1433 441; x_wconf 35' lang='grc' dir='ltr'>ι</span> 
     </span>
    </p>
   </div>
   <div class='ocr_carea' id='block_1_3' title="bbox 387 527 1739 2436">
    <p class='ocr_par' dir='ltr' id='par_1_3' title="bbox 387 527 1739 1918">
     <span class='ocr_line' id='line_1_3' title="bbox 387 527 1734 612; baseline 0.002 -29"><span class='ocrx_word' id='word_1_9' title='bbox 387 527 455 586; x_wconf 86' lang='lat' dir='ltr'>rias.</span> <span class='ocrx_word' id='word_1_10' title='bbox 472 534 581 597; x_wconf 73' lang='lat' dir='ltr'>(xxii)</span> <span class='ocrx_word' id='word_1_11' title='bbox 623 527 677 587; x_wconf 87' lang='lat' dir='ltr'>iiie</span> <span class='ocrx_word' id='word_1_12' title='bbox 697 534 794 587; x_wconf 66' lang='lat' dir='ltr'>nmen</span> <span class='ocrx_word' id='word_1_13' title='bbox 803 531 897 606; x_wconf 84' lang='lat' dir='ltr'>pergit</span> <span class='ocrx_word' id='word_1_14' title='bbox 918 532 956 590; x_wconf 90' lang='lat' dir='ltr'>ob</span> <span class='ocrx_word' id='word_1_15' title='bbox 967 530 997 590; x_wconf 88' lang='lat' dir='ltr'>id</span> <span class='ocrx_word' id='word_1_16' title='bbox 1011 533 1086 592; x_wconf 89' lang='lat' dir='ltr'>inter</span> <span class='ocrx_word' id='word_1_17' title='bbox 1097 531 1216 591; x_wconf 84' lang='lat' dir='ltr'>Terram</span> <span class='ocrx_word' id='word_1_18' title='bbox 1234 540 1264 607; x_wconf 78' lang='lat' dir='ltr'>et</span> <span class='ocrx_word' id='word_1_19' title='bbox 1278 547 1385 607; x_wconf 87' lang='lat' dir='ltr'>aquam</span> <span class='ocrx_word' id='word_1_20' title='bbox 1402 529 1734 612; x_wconf 25' lang='lat' dir='ltr'>statuerefldiatessarom</span> 
     </span>
     <span class='ocr_line' id='line_1_4' title="bbox 389 613 1737 695; baseline 0.003 -23"><span class='ocrx_word' id='word_1_21' title='bbox 389 617 445 673; x_wconf 90' lang='lat' dir='ltr'>tria</span> <span class='ocrx_word' id='word_1_22' title='bbox 469 629 539 672; x_wconf 84' lang='lat' dir='ltr'>vero</span> <span class='ocrx_word' id='word_1_23' title='bbox 561 613 627 689; x_wconf 86' lang='lat' dir='ltr'>ejus</span> <span class='ocrx_word' id='word_1_24' title='bbox 648 615 811 688; x_wconf 85' lang='lat' dir='ltr'>intervalia,</span> <span class='ocrx_word' id='word_1_25' title='bbox 836 625 946 690; x_wconf 91' lang='lat' dir='ltr'>tonum,</span> <span class='ocrx_word' id='word_1_26' title='bbox 970 627 1085 691; x_wconf 89' lang='lat' dir='ltr'>tonum,</span> <span class='ocrx_word' id='word_1_27' title='bbox 1110 621 1312 690; x_wconf 88' lang='lat' dir='ltr'>semitonium,</span> <span class='ocrx_word' id='word_1_28' title='bbox 1335 618 1428 676; x_wconf 87' lang='lat' dir='ltr'>tribus</span> <span class='ocrx_word' id='word_1_29' title='bbox 1451 618 1599 694; x_wconf 87' lang='lat' dir='ltr'>applicare</span> <span class='ocrx_word' id='word_1_30' title='bbox 1620 619 1737 695; x_wconf 88' lang='lat' dir='ltr'>spatiis,</span> 
     </span>
     <span class='ocr_line' id='line_1_5' title="bbox 388 700 1736 781; baseline 0.004 -21"><span class='ocrx_word' id='word_1_31' title='bbox 388 717 511 774; x_wconf 89' lang='lat' dir='ltr'>summo,</span> <span class='ocrx_word' id='word_1_32' title='bbox 535 700 640 774; x_wconf 86' lang='lat' dir='ltr'>medio,</span> <span class='ocrx_word' id='word_1_33' title='bbox 665 705 738 777; x_wconf 70' lang='lat' dir='ltr'>imo,</span> <span class='ocrx_word' id='word_1_34' title='bbox 761 704 885 763; x_wconf 90' lang='lat' dir='ltr'>oumiiii</span> <span class='ocrx_word' id='word_1_35' title='bbox 908 715 1003 765; x_wconf 87' lang='lat' dir='ltr'>certas</span> <span class='ocrx_word' id='word_1_36' title='bbox 1025 724 1062 766; x_wconf 84' lang='lat' dir='ltr'>ex</span> <span class='ocrx_word' id='word_1_37' title='bbox 1085 709 1182 766; x_wconf 87' lang='lat' dir='ltr'>causis</span> <span class='ocrx_word' id='word_1_38' title='bbox 1204 708 1264 765; x_wconf 86' lang='lat' dir='ltr'>auis</span> <span class='ocrx_word' id='word_1_39' title='bbox 1288 706 1477 781; x_wconf 84' lang='lat' dir='ltr'>quantitates,</span> <span class='ocrx_word' id='word_1_40' title='bbox 1503 707 1561 764; x_wconf 89' lang='lat' dir='ltr'>ista</span> <span class='ocrx_word' id='word_1_41' title='bbox 1583 721 1620 764; x_wconf 88' lang='lat' dir='ltr'>ns</span> <span class='ocrx_word' id='word_1_42' title='bbox 1642 711 1736 765; x_wconf 86' lang='lat' dir='ltr'>metas</span> 
     </span>
     <span class='ocr_line' id='line_1_6' title="bbox 388 789 1737 870; baseline 0.003 -23"><span class='ocrx_word' id='word_1_43' title='bbox 388 789 507 865; x_wconf 85' lang='lat' dir='ltr'>quidem</span> <span class='ocrx_word' id='word_1_44' title='bbox 528 805 548 847; x_wconf 86' lang='lat' dir='ltr'>a</span> <span class='ocrx_word' id='word_1_45' title='bbox 569 799 682 861; x_wconf 88' lang='lat' dir='ltr'>natura,</span> <span class='ocrx_word' id='word_1_46' title='bbox 706 808 858 851; x_wconf 88' lang='lat' dir='ltr'>mensuras</span> <span class='ocrx_word' id='word_1_47' title='bbox 883 810 951 852; x_wconf 87' lang='lat' dir='ltr'>sero</span> <span class='ocrx_word' id='word_1_48' title='bbox 974 793 1134 854; x_wconf 88' lang='lat' dir='ltr'>seeundum</span> <span class='ocrx_word' id='word_1_49' title='bbox 1156 793 1230 852; x_wconf 89' lang='lat' dir='ltr'>haec</span> <span class='ocrx_word' id='word_1_50' title='bbox 1251 792 1471 866; x_wconf 81' lang='lat' dir='ltr'>gerreraiissima</span> <span class='ocrx_word' id='word_1_51' title='bbox 1485 794 1628 870; x_wconf 88' lang='lat' dir='ltr'>principia</span> <span class='ocrx_word' id='word_1_52' title='bbox 1648 791 1737 869; x_wconf 83' lang='lat' dir='ltr'>plana</span> 
     </span>
     <span class='ocr_line' id='line_1_7' title="bbox 388 875 1737 952; baseline 0.003 -21"><span class='ocrx_word' id='word_1_53' title='bbox 388 875 626 937; x_wconf 85' lang='lat' dir='ltr'>indeterminatas</span> <span class='ocrx_word' id='word_1_54' title='bbox 648 876 792 951; x_wconf 89' lang='lat' dir='ltr'>habeant,</span> <span class='ocrx_word' id='word_1_55' title='bbox 822 886 852 938; x_wconf 89' lang='lat' dir='ltr'>et</span> <span class='ocrx_word' id='word_1_56' title='bbox 874 881 917 939; x_wconf 88' lang='lat' dir='ltr'>aio</span> <span class='ocrx_word' id='word_1_57' title='bbox 945 879 982 940; x_wconf 89' lang='lat' dir='ltr'>de</span> <span class='ocrx_word' id='word_1_58' title='bbox 1004 883 1117 949; x_wconf 87' lang='lat' dir='ltr'>ceteris.</span> <span class='ocrx_word' id='word_1_59' title='bbox 1162 881 1203 939; x_wconf 83' lang='lat' dir='ltr'>At</span> <span class='ocrx_word' id='word_1_60' title='bbox 1224 879 1295 938; x_wconf 89' lang='lat' dir='ltr'>mitri</span> <span class='ocrx_word' id='word_1_61' title='bbox 1327 881 1455 939; x_wconf 88' lang='lat' dir='ltr'>unitates</span> <span class='ocrx_word' id='word_1_62' title='bbox 1477 880 1643 952; x_wconf 77' lang='lat' dir='ltr'>naturales,</span> <span class='ocrx_word' id='word_1_63' title='bbox 1674 880 1737 939; x_wconf 90' lang='lat' dir='ltr'>bini</span> 
     </span>
     <span class='ocr_line' id='line_1_8' title="bbox 390 963 1737 1049; baseline -0.001 -22"><span class='ocrx_word' id='word_1_64' title='bbox 390 980 430 1027; x_wconf 79' lang='lat' dir='ltr'>so</span> <span class='ocrx_word' id='word_1_65' title='bbox 455 963 758 1039; x_wconf 75' lang='lat' dir='ltr'>motus&#39;planstsrum</span> <span class='ocrx_word' id='word_1_66' title='bbox 782 970 903 1025; x_wconf 81' lang='lat' dir='ltr'><strong>extremi</strong></span> <span class='ocrx_word' id='word_1_67' title='bbox 927 963 996 1049; x_wconf 89' lang='lat' dir='ltr'>(seu</span> <span class='ocrx_word' id='word_1_68' title='bbox 1020 968 1113 1027; x_wconf 91' lang='lat' dir='ltr'>diurni</span> <span class='ocrx_word' id='word_1_69' title='bbox 1137 984 1191 1027; x_wconf 87' lang='lat' dir='ltr'>seu</span> <span class='ocrx_word' id='word_1_70' title='bbox 1205 966 1323 1038; x_wconf 84' lang='lat' dir='ltr'>horarii,</span> <span class='ocrx_word' id='word_1_71' title='bbox 1346 965 1417 1025; x_wconf 89' lang='lat' dir='ltr'>nihii</span> <span class='ocrx_word' id='word_1_72' title='bbox 1439 963 1585 1048; x_wconf 85' lang='lat' dir='ltr'>intereat),</span> <span class='ocrx_word' id='word_1_73' title='bbox 1609 967 1737 1043; x_wconf 77' lang='lat' dir='ltr'>expressi</span> 
     </span>
     <span class='ocr_line' id='line_1_9' title="bbox 388 1054 1737 1133; baseline 0.002 -22"><span class='ocrx_word' id='word_1_74' title='bbox 388 1069 407 1111; x_wconf 91' lang='lat' dir='ltr'>a</span> <span class='ocrx_word' id='word_1_75' title='bbox 430 1062 535 1110; x_wconf 89' lang='lat' dir='ltr'>natura</span> <span class='ocrx_word' id='word_1_76' title='bbox 557 1054 585 1109; x_wconf 92' lang='lat' dir='ltr'>in</span> <span class='ocrx_word' id='word_1_77' title='bbox 610 1059 704 1112; x_wconf 89' lang='lat' dir='ltr'>certas</span> <span class='ocrx_word' id='word_1_78' title='bbox 725 1070 795 1112; x_wconf 85' lang='lat' dir='ltr'>suas</span> <span class='ocrx_word' id='word_1_79' title='bbox 819 1057 1007 1130; x_wconf 78' lang='lat' dir='ltr'><strong>quantitates,</strong></span> <span class='ocrx_word' id='word_1_80' title='bbox 1030 1064 1100 1114; x_wconf 86' lang='lat' dir='ltr'>sunt</span> <span class='ocrx_word' id='word_1_81' title='bbox 1113 1056 1264 1133; x_wconf 80' lang='lat' dir='ltr'>propositi,</span> <span class='ocrx_word' id='word_1_82' title='bbox 1288 1054 1440 1129; x_wconf 88' lang='lat' dir='ltr'>inquibus</span> <span class='ocrx_word' id='word_1_83' title='bbox 1460 1054 1737 1130; x_wconf 86' lang='lat' dir='ltr'>harmoniasquae·</span> 
     </span>
     <span class='ocr_line' id='line_1_10' title="bbox 387 1138 1737 1219; baseline 0.003 -23"><span class='ocrx_word' id='word_1_84' title='bbox 387 1156 459 1198; x_wconf 89' lang='lat' dir='ltr'>ram.</span> <span class='ocrx_word' id='word_1_85' title='bbox 480 1144 600 1207; x_wconf 72' lang='lat' dir='ltr'>(nili.)</span> <span class='ocrx_word' id='word_1_86' title='bbox 640 1138 695 1199; x_wconf 88' lang='lat' dir='ltr'>Ilio</span> <span class='ocrx_word' id='word_1_87' title='bbox 718 1141 747 1198; x_wconf 93' lang='lat' dir='ltr'>in</span> <span class='ocrx_word' id='word_1_88' title='bbox 771 1143 954 1202; x_wconf 86' lang='lat' dir='ltr'>tenebrarum</span> <span class='ocrx_word' id='word_1_89' title='bbox 986 1152 1016 1203; x_wconf 91' lang='lat' dir='ltr'>et</span> <span class='ocrx_word' id='word_1_90' title='bbox 1038 1145 1114 1203; x_wconf 88' lang='lat' dir='ltr'>lucis</span> <span class='ocrx_word' id='word_1_91' title='bbox 1135 1141 1274 1219; x_wconf 81' lang='lat' dir='ltr'>gradibus</span> <span class='ocrx_word' id='word_1_92' title='bbox 1302 1143 1416 1217; x_wconf 87' lang='lat' dir='ltr'>quaerit</span> <span class='ocrx_word' id='word_1_93' title='bbox 1443 1144 1645 1218; x_wconf 72' lang='lat' dir='ltr'>proportiones</span> <span class='ocrx_word' id='word_1_94' title='bbox 1666 1141 1737 1201; x_wconf 89' lang='lat' dir='ltr'>har·</span> 
     </span>
     <span class='ocr_line' id='line_1_11' title="bbox 393 1226 1739 1306; baseline 0.003 -21"><span class='ocrx_word' id='word_1_95' title='bbox 393 1230 535 1299; x_wconf 85' lang='lat' dir='ltr'>manicas,</span> <span class='ocrx_word' id='word_1_96' title='bbox 567 1227 649 1286; x_wconf 85' lang='lat' dir='ltr'>nuile</span> <span class='ocrx_word' id='word_1_97' title='bbox 671 1241 804 1304; x_wconf 89' lang='lat' dir='ltr'>respectu</span> <span class='ocrx_word' id='word_1_98' title='bbox 832 1230 957 1305; x_wconf 86' lang='lat' dir='ltr'>aiicujus</span> <span class='ocrx_word' id='word_1_99' title='bbox 987 1238 1099 1300; x_wconf 66' lang='lat' dir='ltr'>motum</span> <span class='ocrx_word' id='word_1_100' title='bbox 1132 1247 1187 1306; x_wconf 83' lang='lat' dir='ltr'>ego</span> <span class='ocrx_word' id='word_1_101' title='bbox 1218 1229 1384 1288; x_wconf 84' lang='lat' dir='ltr'>harmonias</span> <span class='ocrx_word' id='word_1_102' title='bbox 1413 1231 1528 1289; x_wconf 88' lang='lat' dir='ltr'>nonnisi</span> <span class='ocrx_word' id='word_1_103' title='bbox 1554 1232 1582 1287; x_wconf 91' lang='lat' dir='ltr'>in</span> <span class='ocrx_word' id='word_1_104' title='bbox 1610 1226 1739 1289; x_wconf 89' lang='lat' dir='ltr'>motibus</span> 
     </span>
     <span class='ocr_line' id='line_1_12' title="bbox 388 1314 1736 1393; baseline 0 -19"><span class='ocrx_word' id='word_1_105' title='bbox 388 1330 507 1389; x_wconf 84' lang='lat' dir='ltr'>quaero.</span> <span class='ocrx_word' id='word_1_106' title='bbox 528 1322 647 1381; x_wconf 76' lang='lat' dir='ltr'>(xxiv.)</span> <span class='ocrx_word' id='word_1_107' title='bbox 688 1314 743 1375; x_wconf 84' lang='lat' dir='ltr'>itia</span> <span class='ocrx_word' id='word_1_108' title='bbox 764 1316 908 1391; x_wconf 85' lang='lat' dir='ltr'>pauculas</span> <span class='ocrx_word' id='word_1_109' title='bbox 931 1316 1046 1393; x_wconf 87' lang='lat' dir='ltr'>aliquas</span> <span class='ocrx_word' id='word_1_110' title='bbox 1068 1317 1290 1379; x_wconf 79' lang='lat' dir='ltr'>concordantias</span> <span class='ocrx_word' id='word_1_111' title='bbox 1305 1315 1416 1377; x_wconf 86' lang='lat' dir='ltr'>delibat</span> <span class='ocrx_word' id='word_1_112' title='bbox 1438 1334 1545 1393; x_wconf 86' lang='lat' dir='ltr'>easque</span> <span class='ocrx_word' id='word_1_113' title='bbox 1568 1334 1603 1377; x_wconf 82' lang='lat' dir='ltr'>ax</span> <span class='ocrx_word' id='word_1_114' title='bbox 1617 1333 1736 1376; x_wconf 84' lang='lat' dir='ltr'>suarum</span> 
     </span>
     <span class='ocr_line' id='line_1_13' title="bbox 387 1401 1735 1481; baseline 0.003 -22"><span class='ocrx_word' id='word_1_115' title='bbox 387 1401 574 1480; x_wconf 83' lang='lat' dir='ltr'>pyramidum</span> <span class='ocrx_word' id='word_1_116' title='bbox 596 1402 731 1476; x_wconf 78' lang='lat' dir='ltr'>mixtura,</span> <span class='ocrx_word' id='word_1_117' title='bbox 755 1421 813 1478; x_wconf 83' lang='lat' dir='ltr'>qua</span> <span class='ocrx_word' id='word_1_118' title='bbox 836 1404 975 1463; x_wconf 89' lang='lat' dir='ltr'>mundum</span> <span class='ocrx_word' id='word_1_119' title='bbox 999 1407 1061 1481; x_wconf 88' lang='lat' dir='ltr'>ipse</span> <span class='ocrx_word' id='word_1_120' title='bbox 1085 1406 1220 1481; x_wconf 86' lang='lat' dir='ltr'>privatim</span> <span class='ocrx_word' id='word_1_121' title='bbox 1244 1406 1272 1461; x_wconf 94' lang='lat' dir='ltr'>in</span> <span class='ocrx_word' id='word_1_122' title='bbox 1288 1421 1342 1463; x_wconf 89' lang='lat' dir='ltr'>suo</span> <span class='ocrx_word' id='word_1_123' title='bbox 1358 1406 1455 1463; x_wconf 86' lang='lat' dir='ltr'>animo</span> <span class='ocrx_word' id='word_1_124' title='bbox 1477 1406 1589 1479; x_wconf 87' lang='lat' dir='ltr'>pictum</span> <span class='ocrx_word' id='word_1_125' title='bbox 1612 1406 1735 1463; x_wconf 89' lang='lat' dir='ltr'>circnm-</span> 
     </span>
     <span class='ocr_line' id='line_1_14' title="bbox 390 1488 1736 1569; baseline 0.001 -21"><span class='ocrx_word' id='word_1_126' title='bbox 390 1496 498 1565; x_wconf 79' lang='lat' dir='ltr'>gestat,</span> <span class='ocrx_word' id='word_1_127' title='bbox 521 1488 601 1549; x_wconf 91' lang='lat' dir='ltr'>elicit</span> <span class='ocrx_word' id='word_1_128' title='bbox 622 1505 675 1549; x_wconf 87' lang='lat' dir='ltr'>seu</span> <span class='ocrx_word' id='word_1_129' title='bbox 697 1490 735 1548; x_wconf 87' lang='lat' dir='ltr'>ab</span> <span class='ocrx_word' id='word_1_130' title='bbox 758 1490 810 1548; x_wconf 89' lang='lat' dir='ltr'>iiia</span> <span class='ocrx_word' id='word_1_131' title='bbox 832 1494 1042 1568; x_wconf 82' lang='lat' dir='ltr'>repraesentari</span> <span class='ocrx_word' id='word_1_132' title='bbox 1067 1493 1188 1569; x_wconf 81' lang='lat' dir='ltr'>probst3</span> <span class='ocrx_word' id='word_1_133' title='bbox 1220 1508 1275 1569; x_wconf 75' lang='lat' dir='ltr'>ego</span> <span class='ocrx_word' id='word_1_134' title='bbox 1299 1497 1392 1551; x_wconf 90' lang='lat' dir='ltr'>totum</span> <span class='ocrx_word' id='word_1_135' title='bbox 1415 1507 1519 1569; x_wconf 87' lang='lat' dir='ltr'>corpus</span> <span class='ocrx_word' id='word_1_136' title='bbox 1548 1491 1736 1551; x_wconf 83' lang='lat' dir='ltr'>harmonicae</span> 
     </span>
     <span class='ocr_line' id='line_1_15' title="bbox 394 1577 1736 1656; baseline 0.001 -21"><span class='ocrx_word' id='word_1_137' title='bbox 394 1577 669 1653; x_wconf 75' lang='lat' dir='ltr'>contemperationis</span> <span class='ocrx_word' id='word_1_138' title='bbox 692 1593 758 1636; x_wconf 88' lang='lat' dir='ltr'>eum</span> <span class='ocrx_word' id='word_1_139' title='bbox 781 1580 916 1638; x_wconf 88' lang='lat' dir='ltr'>omnibns</span> <span class='ocrx_word' id='word_1_140' title='bbox 938 1580 1071 1656; x_wconf 80' lang='lat' dir='ltr'>partibus</span> <span class='ocrx_word' id='word_1_141' title='bbox 1094 1581 1122 1637; x_wconf 94' lang='lat' dir='ltr'>in</span> <span class='ocrx_word' id='word_1_142' title='bbox 1146 1581 1283 1641; x_wconf 69' lang='lat' dir='ltr'>excernit</span> <span class='ocrx_word' id='word_1_143' title='bbox 1305 1579 1488 1656; x_wconf 88' lang='lat' dir='ltr'>planetarum</span> <span class='ocrx_word' id='word_1_144' title='bbox 1515 1579 1643 1640; x_wconf 85' lang='lat' dir='ltr'>motibus</span> <span class='ocrx_word' id='word_1_145' title='bbox 1666 1595 1736 1655; x_wconf 89' lang='lat' dir='ltr'>pro-</span> 
     </span>
     <span class='ocr_line' id='line_1_16' title="bbox 388 1664 1736 1739; baseline 0.001 -17"><span class='ocrx_word' id='word_1_146' title='bbox 388 1667 458 1739; x_wconf 87' lang='lat' dir='ltr'>priis</span> <span class='ocrx_word' id='word_1_147' title='bbox 481 1664 641 1724; x_wconf 90' lang='lat' dir='ltr'>secundum</span> <span class='ocrx_word' id='word_1_148' title='bbox 664 1672 758 1725; x_wconf 73' lang='lat' dir='ltr'>cenna</span> <span class='ocrx_word' id='word_1_149' title='bbox 781 1673 811 1724; x_wconf 89' lang='lat' dir='ltr'>et</span> <span class='ocrx_word' id='word_1_150' title='bbox 833 1665 871 1724; x_wconf 89' lang='lat' dir='ltr'>ab</span> <span class='ocrx_word' id='word_1_151' title='bbox 893 1669 1072 1726; x_wconf 89' lang='lat' dir='ltr'>astronomia</span> <span class='ocrx_word' id='word_1_152' title='bbox 1095 1666 1307 1726; x_wconf 90' lang='lat' dir='ltr'>demonstratas</span> <span class='ocrx_word' id='word_1_153' title='bbox 1330 1682 1481 1728; x_wconf 85' lang='lat' dir='ltr'>mensuras</span> <span class='ocrx_word' id='word_1_154' title='bbox 1497 1667 1593 1726; x_wconf 88' lang='lat' dir='ltr'>inesse</span> <span class='ocrx_word' id='word_1_155' title='bbox 1611 1665 1736 1727; x_wconf 87' lang='lat' dir='ltr'>demon-</span> 
     </span>
     <span class='ocr_line' id='line_1_17' title="bbox 388 1750 1735 1831; baseline 0.003 -21"><span class='ocrx_word' id='word_1_156' title='bbox 388 1755 488 1811; x_wconf 89' lang='lat' dir='ltr'>stravi.</span> <span class='ocrx_word' id='word_1_157' title='bbox 534 1751 594 1827; x_wconf 83' lang='lat' dir='ltr'>Ipsi</span> <span class='ocrx_word' id='word_1_158' title='bbox 618 1753 717 1827; x_wconf 90' lang='lat' dir='ltr'>itaque</span> <span class='ocrx_word' id='word_1_159' title='bbox 740 1760 898 1830; x_wconf 87' lang='lat' dir='ltr'>conceptus</span> <span class='ocrx_word' id='word_1_160' title='bbox 920 1772 991 1813; x_wconf 88' lang='lat' dir='ltr'>suus</span> <span class='ocrx_word' id='word_1_161' title='bbox 1014 1754 1131 1831; x_wconf 84' lang='lat' dir='ltr'>mundi,</span> <span class='ocrx_word' id='word_1_162' title='bbox 1155 1754 1226 1811; x_wconf 87' lang='lat' dir='ltr'>mitri</span> <span class='ocrx_word' id='word_1_163' title='bbox 1247 1753 1374 1812; x_wconf 87' lang='lat' dir='ltr'>mundus</span> <span class='ocrx_word' id='word_1_164' title='bbox 1397 1756 1458 1830; x_wconf 83' lang='lat' dir='ltr'>ipae</span> <span class='ocrx_word' id='word_1_165' title='bbox 1481 1771 1534 1813; x_wconf 89' lang='lat' dir='ltr'>seu</span> <span class='ocrx_word' id='word_1_166' title='bbox 1557 1750 1586 1811; x_wconf 89' lang='lat' dir='ltr'>in</span> <span class='ocrx_word' id='word_1_167' title='bbox 1609 1770 1644 1813; x_wconf 88' lang='lat' dir='ltr'>eo</span> <span class='ocrx_word' id='word_1_168' title='bbox 1668 1772 1735 1814; x_wconf 89' lang='lat' dir='ltr'>res·</span> 
     </span>
     <span class='ocr_line' id='line_1_18' title="bbox 388 1838 1550 1918; baseline -0.002 -21"><span class='ocrx_word' id='word_1_169' title='bbox 388 1838 431 1898; x_wconf 88' lang='lat' dir='ltr'>les</span> <span class='ocrx_word' id='word_1_170' title='bbox 454 1839 637 1917; x_wconf 81' lang='lat' dir='ltr'>planetarum</span> <span class='ocrx_word' id='word_1_171' title='bbox 659 1847 755 1899; x_wconf 87' lang='lat' dir='ltr'>motus</span> <span class='ocrx_word' id='word_1_172' title='bbox 778 1849 846 1899; x_wconf 93' lang='lat' dir='ltr'>sunt</span> <span class='ocrx_word' id='word_1_173' title='bbox 868 1841 1033 1918; x_wconf 88' lang='lat' dir='ltr'>subjectum</span> <span class='ocrx_word' id='word_1_174' title='bbox 1057 1839 1423 1901; x_wconf 84' lang='lat' dir='ltr'>harmoniae&#39;mundanae.</span> <span class='ocrx_word' id='word_1_175' title='bbox 1443 1845 1550 1913; x_wconf 78' lang='lat' dir='ltr'>(xxv.)</span> 
     </span>
    </p>

    <p class='ocr_par' dir='ltr' id='par_1_4' title="bbox 388 1926 1738 2436">
     <span class='ocr_line' id='line_1_19' title="bbox 474 1926 1736 2004; baseline -0.002 -18"><span class='ocrx_word' id='word_1_176' title='bbox 474 1927 518 1986; x_wconf 85' lang='lat' dir='ltr'>Ex</span> <span class='ocrx_word' id='word_1_177' title='bbox 541 1927 586 1985; x_wconf 88' lang='lat' dir='ltr'>iris</span> <span class='ocrx_word' id='word_1_178' title='bbox 614 1929 716 2002; x_wconf 86' lang='lat' dir='ltr'>paucis</span> <span class='ocrx_word' id='word_1_179' title='bbox 743 1936 876 1988; x_wconf 89' lang='lat' dir='ltr'>constare</span> <span class='ocrx_word' id='word_1_180' title='bbox 906 1930 1044 2001; x_wconf 85' lang='lat' dir='ltr'>arbitror,</span> <span class='ocrx_word' id='word_1_181' title='bbox 1077 1931 1130 1987; x_wconf 88' lang='lat' dir='ltr'>etsi</span> <span class='ocrx_word' id='word_1_182' title='bbox 1159 1928 1196 1987; x_wconf 93' lang='lat' dir='ltr'>ad</span> <span class='ocrx_word' id='word_1_183' title='bbox 1220 1927 1410 2004; x_wconf 79' lang='lat' dir='ltr'>intelligenda</span> <span class='ocrx_word' id='word_1_184' title='bbox 1437 1930 1576 2003; x_wconf 78' lang='lat' dir='ltr'>mysteria</span> <span class='ocrx_word' id='word_1_185' title='bbox 1605 1926 1736 1989; x_wconf 84' lang='lat' dir='ltr'>conserta</span> 
     </span>
     <span class='ocr_line' id='line_1_20' title="bbox 388 2012 1734 2092; baseline 0.001 -19"><span class='ocrx_word' id='word_1_186' title='bbox 388 2013 592 2091; x_wconf 86' lang='lat' dir='ltr'>philosophiae</span> <span class='ocrx_word' id='word_1_187' title='bbox 615 2012 872 2090; x_wconf 84' lang='lat' dir='ltr'>protundissimae,</span> <span class='ocrx_word' id='word_1_188' title='bbox 905 2033 994 2092; x_wconf 87' lang='lat' dir='ltr'>qnam</span> <span class='ocrx_word' id='word_1_189' title='bbox 1015 2015 1104 2074; x_wconf 89' lang='lat' dir='ltr'>tradit</span> <span class='ocrx_word' id='word_1_190' title='bbox 1125 2015 1286 2088; x_wconf 67' lang='lat' dir='ltr'>liebertus,</span> <span class='ocrx_word' id='word_1_191' title='bbox 1316 2017 1483 2091; x_wconf 80' lang='lat' dir='ltr'>cognitione</span> <span class='ocrx_word' id='word_1_192' title='bbox 1512 2017 1734 2092; x_wconf 84' lang='lat' dir='ltr'>proportionum</span> 
     </span>
     <span class='ocr_line' id='line_1_21' title="bbox 389 2101 1735 2179; baseline -0.001 -18"><span class='ocrx_word' id='word_1_193' title='bbox 389 2102 619 2163; x_wconf 83' lang='lat' dir='ltr'>harmonicarum</span> <span class='ocrx_word' id='word_1_194' title='bbox 651 2104 769 2161; x_wconf 90' lang='lat' dir='ltr'>omnino</span> <span class='ocrx_word' id='word_1_195' title='bbox 798 2120 871 2179; x_wconf 90' lang='lat' dir='ltr'>opus</span> <span class='ocrx_word' id='word_1_196' title='bbox 902 2111 964 2177; x_wconf 88' lang='lat' dir='ltr'>est,</span> <span class='ocrx_word' id='word_1_197' title='bbox 997 2111 1094 2162; x_wconf 87' lang='lat' dir='ltr'>tamen</span> <span class='ocrx_word' id='word_1_198' title='bbox 1126 2103 1225 2176; x_wconf 89' lang='lat' dir='ltr'>iilum,</span> <span class='ocrx_word' id='word_1_199' title='bbox 1257 2104 1308 2179; x_wconf 85' lang='lat' dir='ltr'>qui</span> <span class='ocrx_word' id='word_1_200' title='bbox 1340 2101 1387 2162; x_wconf 89' lang='lat' dir='ltr'>vei</span> <span class='ocrx_word' id='word_1_201' title='bbox 1416 2108 1510 2167; x_wconf 86' lang='lat' dir='ltr'>totum</span> <span class='ocrx_word' id='word_1_202' title='bbox 1539 2120 1614 2179; x_wconf 87' lang='lat' dir='ltr'>opus</span> <span class='ocrx_word' id='word_1_203' title='bbox 1637 2118 1735 2162; x_wconf 89' lang='lat' dir='ltr'>meum</span> 
     </span>
     <span class='ocr_line' id='line_1_22' title="bbox 391 2188 1734 2271; baseline 0 -22"><span class='ocrx_word' id='word_1_204' title='bbox 391 2188 518 2271; x_wconf 79' lang='lat' dir='ltr'>edidicit,</span> <span class='ocrx_word' id='word_1_205' title='bbox 541 2189 639 2249; x_wconf 84' lang='lat' dir='ltr'>adhuc</span> <span class='ocrx_word' id='word_1_206' title='bbox 661 2206 680 2247; x_wconf 91' lang='lat' dir='ltr'>a</span> <span class='ocrx_word' id='word_1_207' title='bbox 700 2192 847 2265; x_wconf 85' lang='lat' dir='ltr'>mysteriis</span> <span class='ocrx_word' id='word_1_208' title='bbox 869 2190 928 2249; x_wconf 88' lang='lat' dir='ltr'>illia</span> <span class='ocrx_word' id='word_1_209' title='bbox 950 2190 1180 2266; x_wconf 81' lang='lat' dir='ltr'>perplexissimis</span> <span class='ocrx_word' id='word_1_210' title='bbox 1202 2191 1369 2250; x_wconf 83' lang='lat' dir='ltr'>abfuturum</span> <span class='ocrx_word' id='word_1_211' title='bbox 1395 2188 1475 2248; x_wconf 86' lang='lat' dir='ltr'>haud</span> <span class='ocrx_word' id='word_1_212' title='bbox 1496 2191 1585 2267; x_wconf 86' lang='lat' dir='ltr'>paulo</span> <span class='ocrx_word' id='word_1_213' title='bbox 1607 2190 1734 2267; x_wconf 76' lang='lat' dir='ltr'>longius,</span> 
     </span>
     <span class='ocr_line' id='line_1_23' title="bbox 392 2276 1738 2355; baseline 0.001 -19"><span class='ocrx_word' id='word_1_214' title='bbox 392 2293 428 2336; x_wconf 88' lang='lat' dir='ltr'>ac</span> <span class='ocrx_word' id='word_1_215' title='bbox 460 2279 542 2355; x_wconf 81' lang='lat' dir='ltr'>ipsae</span> <span class='ocrx_word' id='word_1_216' title='bbox 564 2277 603 2335; x_wconf 88' lang='lat' dir='ltr'>ab</span> <span class='ocrx_word' id='word_1_217' title='bbox 625 2278 845 2335; x_wconf 82' lang='lat' dir='ltr'>accuratissima</span> <span class='ocrx_word' id='word_1_218' title='bbox 867 2278 1040 2338; x_wconf 86' lang='lat' dir='ltr'>certitudine</span> <span class='ocrx_word' id='word_1_219' title='bbox 1056 2276 1333 2339; x_wconf 86' lang='lat' dir='ltr'>demonstrationum</span> <span class='ocrx_word' id='word_1_220' title='bbox 1349 2277 1619 2337; x_wconf 85' lang='lat' dir='ltr'>matirematioarum</span> <span class='ocrx_word' id='word_1_221' title='bbox 1640 2294 1738 2337; x_wconf 86' lang='lat' dir='ltr'>reces-</span> 
     </span>
     <span class='ocr_line' id='line_1_24' title="bbox 389 2370 1735 2436; baseline -0.004 -12"><span class='ocrx_word' id='word_1_222' title='bbox 389 2374 496 2425; x_wconf 74' lang='lat' dir='ltr'>terunt.</span> <span class='ocrx_word' id='word_1_223' title='bbox 515 2370 627 2436; x_wconf 75' lang='lat' dir='ltr'>(xxvi.)</span> <span class='ocrx_word' id='word_1_224' title='bbox 668 2379 766 2432; x_wconf 82' lang='lat' dir='ltr'>(Onnisr.</span> <span class='ocrx_word' id='word_1_225' title='bbox 779 2391 831 2431; x_wconf 63' lang='lat' dir='ltr'>pap,</span> <span class='ocrx_word' id='word_1_226' title='bbox 847 2380 878 2428; x_wconf 75' lang='lat' dir='ltr'>id,</span> <span class='ocrx_word' id='word_1_227' title='bbox 893 2381 931 2421; x_wconf 84' lang='lat' dir='ltr'>ubi</span> <span class='ocrx_word' id='word_1_228' title='bbox 944 2380 1050 2428; x_wconf 80' lang='lat' dir='ltr'>diximus,</span> <span class='ocrx_word' id='word_1_229' title='bbox 1065 2390 1106 2421; x_wconf 79' lang='lat' dir='ltr'>aar</span> <span class='ocrx_word' id='word_1_230' title='bbox 1118 2381 1159 2423; x_wconf 82' lang='lat' dir='ltr'>iton</span> <span class='ocrx_word' id='word_1_231' title='bbox 1173 2391 1278 2421; x_wconf 84' lang='lat' dir='ltr'>numeros</span> <span class='ocrx_word' id='word_1_232' title='bbox 1292 2380 1418 2433; x_wconf 80' lang='lat' dir='ltr'>1-xxvi‚</span> <span class='ocrx_word' id='word_1_233' title='bbox 1432 2381 1541 2423; x_wconf 75' lang='lat' dir='ltr'>cancellis</span> <span class='ocrx_word' id='word_1_234' title='bbox 1554 2380 1671 2428; x_wconf 77' lang='lat' dir='ltr'>inclusos,</span> <span class='ocrx_word' id='word_1_235' title='bbox 1685 2389 1735 2420; x_wconf 74' lang='lat' dir='ltr'>ver·</span> 
     </span>
    </p>
   </div>
   <div class='ocr_carea' id='block_1_4' title="bbox 389 2453 1467 2530">
    <p class='ocr_par' dir='ltr' id='par_1_5' title="bbox 389 2453 1467 2530">
     <span class='ocr_line' id='line_1_25' title="bbox 389 2453 1467 2530; baseline 0.005 -21"><span class='ocrx_word' id='word_1_236' title='bbox 389 2465 530 2516; x_wconf 59' lang='lat' dir='ltr'>ussatei</span> <span class='ocrx_word' id='word_1_237' title='bbox 543 2464 702 2518; x_wconf 69' lang='lat' dir='ltr'>summas.)</span> <span class='ocrx_word' id='word_1_238' title='bbox 729 2454 827 2529; x_wconf 75' lang='lat' dir='ltr'>Atque</span> <span class='ocrx_word' id='word_1_239' title='bbox 849 2453 979 2529; x_wconf 77' lang='lat' dir='ltr'>iniciam</span> <span class='ocrx_word' id='word_1_240' title='bbox 1000 2455 1088 2513; x_wconf 87' lang='lat' dir='ltr'>etiarn</span> <span class='ocrx_word' id='word_1_241' title='bbox 1112 2453 1281 2530; x_wconf 87' lang='lat' dir='ltr'>appendicis</span> <span class='ocrx_word' id='word_1_242' title='bbox 1304 2454 1370 2514; x_wconf 85' lang='lat' dir='ltr'>tinia</span> <span class='ocrx_word' id='word_1_243' title='bbox 1393 2463 1467 2515; x_wconf 84' lang='lat' dir='ltr'>esto.</span> 
     </span>
    </p>
   </div>
   <div class='ocr_carea' id='block_1_5' title="bbox 0 0 1978 5856">
    <p class='ocr_par' dir='ltr' id='par_1_6' title="bbox 0 0 1978 5856">
     <span class='ocr_line' id='line_1_26' title="bbox 0 0 1978 5856; baseline 0 0"><span class='ocrx_word' id='word_1_244' title='bbox 0 0 1978 5856; x_wconf 95' lang='lat' dir='ltr'> </span> 
     </span>
    </p>
   </div>
  </div>
 </body>
</html>
