3872 5846
368 445 429 505 tec
896 446 938 501 De
954 445 1178 516 Proportiouibus

365 619 404 680 ad
425 620 545 681 ciendos
566 624 686 683 affectus
708 626 869 684 imitatione
891 640 1043 696 sonorum,
1078 641 1152 699 quos
1182 625 1272 685 edunt
1298 626 1437 686 animalia
1467 627 1503 687 ad
1527 626 1712 688 testificanda

275 767 280 774 ,
366 726 420 767 sua
435 708 599 784 desideria,
623 712 690 770 hinc
712 721 801 788 patet,
824 715 936 770 variam
952 719 982 769 11
996 711 1185 788 multiplicem
1199 731 1263 773 csse
1278 712 1354 773 hauc
1370 714 1595 793 disputationem
1615 716 1710 775 adeo-

367 814 423 872 que
445 798 574 857 infinitae
597 798 734 873 similem3
756 816 832 875 quae
855 816 920 857 eum
943 815 1024 857 meos
1038 797 1163 859 lacertos
1184 812 1308 876 superet,
1336 805 1442 860 rectius
1466 806 1709 862 transmitteretur

292 894 297 909 ¹
366 885 503 943 universa
524 888 676 963 empiricis,
699 887 755 945 hoc
777 896 821 945 cst
842 888 960 945 musicis
982 888 1130 962 practicis,
1150 890 1262 966 ,quippe
1286 892 1335 964 qui
1358 893 1419 948 sine
1443 891 1708 966 praeceptionibus,

366 972 430 1030 sclo
452 980 572 1031 naturae
596 972 683 1032 ductu
697 972 920 1037 'admirabilium
943 973 1133 1032 melodiarum
1156 976 1279 1034 subinde
1302 986 1434 1035 auctores
1459 979 1601 1049 existunt,
1629 977 1709 1052 quod

367 1060 438 1135 ipsis
460 1057 546 1134 longe
568 1070 613 1119 est
633 1061 755 1135 facilius,
779 1076 868 1136 quam
889 1072 930 1132 ut,
953 1061 1022 1136 quid
1045 1064 1083 1120 sit
1105 1070 1206 1121 cautus
1230 1071 1259 1122 et
1281 1065 1310 1120 iu
1326 1081 1385 1139 quo
1401 1067 1543 1123 consistat
1564 1074 1616 1123 aut
1631 1081 1708 1140 quo-

367 1145 453 1205 modo
476 1147 570 1205 laetus
593 1151 644 1221 sit,
669 1151 799 1207 oratione
822 1148 911 1224 longa
932 1154 961 1206 et
984 1148 1091 1207 diserta
1113 1149 1295 1224 eloquantur.
1341 1150 1415 1209 Cum
1437 1154 1529 1225 enim,
1561 1161 1593 1210 ut
1616 1155 1710 1211 oratio

322 1268 327 1281 .
370 1250 465 1310 prosa,
490 1237 623 1308 carmine,
648 1238 690 1294 sie
712 1253 800 1295 voees
823 1245 853 1294 et
874 1242 973 1308 gestus
997 1238 1175 1295 animantum
1200 1246 1286 1296 cautu
1303 1246 1554 1316 repraesententur
1576 1246 1605 1297 et
1620 1240 1712 1297 veluti
1755 1274 1759 1287 ι

371 1320 577 1396 depingantur,
611 1331 687 1382 certe
710 1333 742 1381 ut
764 1325 895 1400 politice,
929 1325 971 1381 sic
992 1324 1080 1382 etiam
1102 1327 1214 1382 musica
1243 1335 1346 1384 cantus
1369 1326 1559 1403 componendi
1589 1326 1713 1385 incultas

368 1424 425 1465 usu
447 1417 476 1467 et
499 1412 705 1469 exercitatione
728 1411 801 1484 sola,
824 1412 847 1468 si
872 1411 958 1470 ltrerit
979 1412 1125 1485 ingenium
1149 1414 1236 1471 etiam
1259 1424 1364 1471 natura
1386 1413 1495 1471 factum
1518 1413 1556 1473 ad
1578 1413 1644 1486 hoc,
1668 1420 1713 1473 est

368 1493 555 1555 addiscenda.
1257 1520 1270 1571 g

454 1581 532 1658 Quia
553 1595 739 1662 1111111111
762 1593 806 1643 est
827 1584 1098 1643 honestissimarum
1113 1587 1201 1643 animi
1221 1588 1440 1659 recreationuur,
1464 1585 1603 1662 indagare
1618 1603 1713 1645 rerum

299 1728 304 1745 ,
367 1689 480 1741 causas,
503 1679 555 1730 aut
575 1674 614 1731 ab
636 1671 702 1731 aliis
723 1680 852 1749 repertas
876 1674 1036 1730 comminus
1058 1674 1173 1743 intueri,
1198 1673 1272 1731 adeo
1288 1673 1414 1749 quidem,
1439 1681 1471 1732 ut
1492 1677 1580 1732 etiarn
1597 1676 1713 1733 Aristo-

367 1761 441 1819 teles
470 1759 681 1836 problematum
710 1776 829 1817 suorum
860 1768 971 1836 partem
1001 1776 1057 1817 non
1089 1762 1237 1818 minimam
1274 1762 1567 1838 contemplationibus
1602 1761 1714 1819 dederit

367 1847 557 1919 harmonicis,
582 1846 744 1906 conandum
768 1850 854 1905 etiam
877 1846 925 1905 hic
947 1853 992 1904 est
1014 1848 1125 1921 aliquid
1155 1847 1376 1924 prol'ereudique
1399 1847 1601 1926 philosophiae
1631 1848 1713 1915 linea,

367 1944 397 1993 11
419 1933 549 1992 methodi
570 1934 683 2010 legibus
706 1934 843 1992 adhibitis
867 1933 1026 1992 coercenda
1049 1933 1099 1992 ilia
1121 1935 1328 2010 disputationis
1350 1934 1477 1993 inlicitas
1500 1935 1597 2012 adque
1622 1948 1714 2009 gerre-

368 2019 441 2079 11111
462 2025 559 2097 capita
581 2021 755 2091 revocanda,
778 2031 810 2079 ut
833 2040 883 2099 per
906 2020 1065 2096 singularia
1087 2022 1273 2097 postmodum
1295 2021 1331 2081 de
1354 2022 1497 2080 similibus
1521 2022 1598 2082 idem
1620 2027 1715 2101 possit

370 2125 434 2167 esse
452 2107 605 2184 judicium.

461 2195 485 2254 Ι.
509 2195 619 2255 Gantus
640 2196 732 2273 ipsius
760 2196 973 2270 affectuumque
1003 2197 1053 2270 qui
1076 2201 1177 2254 cautus
1201 2197 1313 2270 specics
1344 2204 1514 2272 sequuntur,
1544 2197 1711 2274 proportio-

368 2284 448 2343 nalia
470 2290 539 2341 sunt
561 2283 722 2362 elementa,
745 2283 865 2342 totidem
888 2283 946 2341 iere
969 2300 1089 2341 numero
1112 2285 1257 2357 utrinque.
1302 2283 1376 2341 Nam
1403 2286 1489 2342 etiam
1522 2301 1608 2343 voces
1632 2289 1714 2361 ipsae

367 2374 496 2448 partium
511 2377 623 2443 cantos,
648 2367 748 2448 ἀγωγη,
771 2394 847 2447 aorq,
870 2392 995 2439 11111111,
1012 2374 1111 2446 nloaq,
1136 2369 1174 2428 ad
1189 2369 1309 2429 affectus
1324 2370 1458 2429 alludunt
1476 2380 1578 2429 certos.
1615 2370 1716 2430 Prima

371 2458 550 2535 simplicitati
574 2460 672 2523 servit,
696 2457 798 2516 ultima
821 2458 970 2529 luxuriac3
994 2457 1044 2514 illa
1067 2459 1178 2533 corpori
1194 2457 1296 2514 similis
1313 2469 1367 2535 est,
1390 2457 1461 2517 haee
1478 2457 1641 2531 coloribus3
1666 2469 1715 2517 to·

370 2563 422 2604 nes
444 2544 607 2620 aequalitas
630 2547 821 2603 attentionem
843 2554 955 2617 movet,
979 2546 1071 2621 pettia
1093 2561 1144 2602 seu
1167 2543 1296 2602 lusitatio
1319 2545 1357 2602 ad
1373 2542 1598 2603 delectationem
1621 2553 1650 2604 et
1665 2563 1714 2606 re-

370 2635 544 2691 creationem
569 2640 612 2690 111
635 2640 811 2710 comparata.
855 2631 939 2690 Haec
961 2638 1030 2688 sunt
1052 2631 1198 2706 generalia
1221 2648 1271 2707 per
1293 2648 1393 2690 omues
1416 2634 1517 2690 modos
1541 2634 1677 2691 musicos.

406 2737 414 2757 ¹
456 2719 495 2778 Π.
520 2721 564 2778 De
587 2734 682 2795 agoge
705 2720 760 2778 hoc
783 2718 928 2796 peculiare
951 2728 1049 2777 monet
1073 2716 1231 2785 Galilaeus,
1258 2718 1330 2777 duas
1352 2719 1416 2793 ejus
1439 2736 1502 2777 esse
1526 2718 1712 2793 differentias,

369 2825 457 2866 unam
480 2825 602 2880 sursum,
626 2808 748 2867 alteram
771 2806 914 2883 deorsum,
937 2822 1060 2881 quarum
1083 2805 1133 2864 illa
1155 2805 1285 2864 laetitiae
1307 2809 1429 2878 serviat,
1453 2806 1525 2864 haec
1548 2809 1713 2866 moestitiae

371 2904 400 2954 et
426 2894 517 2953 fletui.
563 2896 660 2953 Causa
691 2902 735 2953 cst
766 2893 921 2965 naturalis,
959 2894 1032 2950 inlra
1064 2894 1139 2951 euim
1168 2910 1226 2951 vox
1257 2895 1354 2968 gravia
1385 2900 1465 2951 motu
1495 2893 1578 2952 tardo
1611 2894 1714 2967 aditur,

374 2999 461 3059 supra
483 3000 542 3040 vox
565 2992 652 3041 acuta
673 2990 753 3041 motu
777 2981 939 3053 concital03
970 2998 1035 3039 curu
1065 2997 1133 3056 crgo
1156 2998 1214 3039 vox
1242 2979 1404 3051 deseendit,
1435 2982 1526 3055 quieti
1553 2984 1716 3059 appropin-

370 3079 450 3145 quat,
474 3086 539 3128 eum
561 3068 701 3138 ascendit,
725 3070 753 3124 in
776 3076 855 3126 motu
879 3069 1006 3145 prolicit3
1030 3076 1183 3144 propterea
1205 3070 1234 3124 in
1256 3067 1364 3126 chorali
1381 3076 1466 3125 cautu
1491 3067 1661 3144 plerumque
1683 3072 1712 3126 in

369 3160 428 3214 imo
452 3155 625 3229 desinimus,
648 3155 708 3215 illie
731 3156 818 3229 igitur
841 3158 897 3212 vdx
920 3154 1090 3231 languescit,
1115 3155 1163 3213 hic
1186 3157 1276 3229 viget.
1322 3157 1412 3229 Atqui
1428 3157 1515 3213 etiam
1537 3155 1567 3211 in
1583 3174 1714 3215 moerore

371 3244 492 3318 languet
512 3261 593 3303 mens
615 3260 774 3319 omnesque
798 3243 968 3313 functiones,
993 3244 1021 3299 in
1044 3241 1192 3301 hilaritate
1217 3244 1290 3299 vivit
1312 3251 1341 3300 11
1363 3251 1484 3301 actuosa
1506 3249 1559 3301 est.

458 3330 513 3389 ΠΙ.
539 3332 590 3389 list
612 3335 701 3389 etiam
723 3329 815 3388 saltus
839 3332 883 3386 vis
906 3346 1026 3404 magna,
1051 3332 1100 3404 qui
1123 3338 1168 3387 est
1190 3327 1281 3387 veluti
1303 3328 1470 3405 potentialis
1492 3347 1601 3405 agogc3
1628 3331 1720 3388 babet

373 3420 448 3476 enim
471 3421 673 3490 temeritatem,
697 3425 816 3487 motum,
841 3416 1002 3489 audaciam,
1027 3427 1072 3473 est
1094 3417 1236 3485 militaris,
1260 3416 1360 3489 virilis,
1383 3414 1545 3494 impudens,
1571 3420 1595 3475 11
1619 3419 1718 3476 creber

371 3509 417 3574 sit,
441 3507 610 3582 praesertim
634 3523 684 3581 per
707 3504 852 3580 diapente,
876 3504 959 3578 eujus
983 3496 1083 3579 ligura,
1108 3506 1248 3578 trigonus,
1271 3504 1364 3562 acutis
1388 3512 1501 3561 constat
1522 3504 1646 3579 augulis,
1669 3513 1718 3562 to-

372 3603 492 3667 tumque
522 3591 659 3651 circellum
687 3593 778 3649 tribus
810 3590 893 3650 lineis
922 3592 1057 3648 absumit.
1109 3590 1217 3649 Contra
1248 3589 1341 3648 saltus
1371 3608 1422 3667 per
1449 3598 1560 3648 sextam
1600 3591 1718 3649 mollem

372 3681 474 3738 unicus
504 3678 679 3747 ascendens,
716 3686 855 3753 sequente
886 3695 980 3754 agoge
1011 3678 1144 3736 deorsum
1173 3676 1402 3753 magnitudinem
1433 3675 1541 3735 doloris
1575 3681 1718 3754 exprimit,

371 3775 457 3843 aptus
480 3767 654 3843 ejulatibus,
678 3768 715 3825 ob
738 3764 956 3823 similitudinem
986 3767 1081 3838 vocis,
1109 3775 1142 3823 ut
1169 3768 1213 3821 in:
1247 3762 1286 3822 111
1308 3782 1355 3822 me
1377 3768 1562 3822 transierunt
1587 3763 1717 3824 (lelandi.

456 3854 512 3917 lv.
533 3854 658 3912 Multum
681 3856 767 3912 etiam
791 3856 917 3924 interest,
942 3862 1079 3929 quantam
1103 3850 1286 3923 altitudinem
1310 3853 1340 3917 iu
1362 3859 1483 3911 octavae
1498 3860 1655 3928 systemate
1680 3855 1720 3912 111

371 3944 430 4001 ima
451 3942 549 4001 radice
573 3950 674 4001 cantus
696 3943 848 4018 potissima
872 3959 939 4018 pars
962 3950 1092 4019 occupet.
1137 3939 1210 3998 Nam
1242 3941 1265 3997 si
1291 3946 1383 3998 totam
1406 3948 1540 3997 octavam
1560 3948 1719 4018 percurrat

371 4038 423 4089 ant
446 4029 576 4102 excedat,
601 4031 748 4088 animosus
772 4036 874 4086 cantus
897 4034 957 4101 est;
981 4031 1024 4084 siu
1049 4027 1229 4086 diatessaron
1253 4024 1367 4099 solum,
1390 4024 1538 4085 modestus
1561 4037 1591 4085 et
1610 4027 1719 4101 jucun-

372 4117 443 4192 dus3
468 4117 603 4193 diapente
627 4116 854 4192 mediocritatem
876 4115 979 4188 habet,
1009 4118 1094 4173 tertia
1118 4115 1213 4172 mollis
1238 4113 1443 4173 demissionem
1470 4123 1500 4172 et
1521 4114 1717 4191 pusillanimi-

372 4213 470 4264 tatem.
516 4204 581 4262 Hoc
604 4203 721 4279 quidam
743 4203 873 4261 tribuunt
895 4204 1044 4261 descensui
1068 4202 1141 4261 inira
1163 4200 1290 4261 radicem
1313 4219 1363 4278 per
1385 4201 1581 4272 diatessaron,
1613 4201 1719 4276 hujus·

373 4309 429 4368 que
452 4292 561 4351 formae
583 4300 668 4350 tonos
691 4288 839 4367 appellant
860 4289 974 4367 plegios
998 4307 1049 4348 seu
1071 4289 1203 4365 plagales
1226 4306 1344 4348 suorum
1366 4288 1579 4347 authentorum.

461 4379 497 4435 V.
521 4379 600 4437 Inter
623 4377 772 4453 generalia
793 4378 937 4436 elementa
960 4376 1108 4435 reserenda
1136 4385 1179 4436 est
1206 4379 1387 4455 potissimum
1416 4377 1504 4433 etiam
1527 4375 1660 4433 celeritas
1691 4384 1720 4435 11

372 4464 493 4524 tarditas
515 4466 642 4543 rhythmi
664 4483 716 4524 scu
739 4472 848 4525 tactus.
873 4482 997 4540 quarum
1019 4461 1069 4522 illa
1091 4467 1166 4542 irae,
1194 4466 1300 4536 motui,
1330 4463 1450 4539 pugnis,
1484 4461 1623 4521 hilaritati
1648 4472 1719 4539 apta

372 4563 425 4625 est,
447 4554 521 4613 haec
543 4554 751 4625 allectionibus,
776 4552 881 4628 quibus
904 4569 955 4628 per
977 4552 1102 4628 quietem
1126 4552 1253 4621 fruimur,
1275 4552 1408 4621 moerori,
1435 4552 1536 4621 amori,
1560 4548 1717 4624 desiderio,

374 4641 518 4721 voluptati
542 4659 577 4698 cx
601 4639 750 4717 potiundo.
1570 4644 1575 4653 ’

460 4728 511 4785 VI.
536 4727 620 4786 adde
644 4726 828 4795 atmodum,
862 4723 918 4783 hoc
946 4732 991 4782 est
1014 4723 1178 4801 rhythmum
1200 4724 1315 4801 ipsum,
1342 4723 1402 4782 alla
1428 4727 1504 4782 euim
1535 4724 1614 4802 tripli
1638 4721 1718 4799 dicti,

373 4816 431 4876 alia
454 4814 534 4893 dupli
557 4822 600 4875 est
623 4818 682 4888 vis,
705 4831 793 4890 quam
814 4813 886 4871 lorte
909 4812 1030 4869 multam
1054 4812 1140 4871 trahit
1163 4830 1199 4870 ex
1221 4812 1382 4870 imitatione
1405 4811 1576 4871 saltantium
1592 4812 1718 4871 chorea-

374 4921 453 4979 rum,
477 4916 553 4981 quae
576 4911 708 4961 motuum
731 4903 759 4959 iu
782 4902 818 4959 iis
840 4900 984 4959 alternata
1007 4902 1132 4959 varietus
1155 4916 1219 4957 cum
1242 4900 1378 4958 omnibus
1405 4907 1476 4959 nota
1497 4901 1550 4975 111,
1581 4898 1719 4960 admouet
