3872 5846
722 380 806 437 Liber
821 381 869 444 ιι.
887 380 975 452 Caput
990 380 1052 435 Vll.
1501 382 1564 443 ιιι

296 560 373 637 Quid
385 561 476 649 quod
499 569 529 620 et
550 578 653 621 sensns
676 561 796 637 qnidam
816 558 865 620 vel
888 565 984 619 tactus
1007 558 1056 618 vel
1078 555 1196 617 auditus
1212 557 1339 618 Telluris
1358 558 1450 635 globo
1473 558 1568 617 inesse
1600 568 1606 629 ι

210 648 342 722 videtur,
375 636 547 750 argumento
577 649 648 723 boc,
680 647 759 724 quod
786 649 932 707 constanti
954 647 1144 724 plurimarum
1166 649 1389 722 provinciarum
1413 634 1610 715 traditione

209 735 412 812 confirmatur,
441 741 466 795 si
496 738 561 812 quis
591 739 619 792 in
643 736 850 795 altissimorum
880 738 1026 795 montium
1050 735 1203 793 cacumina
1226 736 1347 808 enisus,
1378 732 1545 811 lapillum
1538 747 1567 789 ιιι
1607 752 1614 857 p

209 824 323 897 biatus,
354 841 429 900 quos
452 825 562 883 babent
585 822 627 881 illi
649 822 906 899 profundissimos,
930 819 1076 896 conjiciat,
1101 821 1177 879 unde
1199 821 1277 880 solet
1299 824 1421 880 excitari
1444 822 1567 892 sonitus,

210 919 261 970 aut
284 913 308 968 si
332 913 361 967 in
385 910 481 970 lacum
504 919 674 970 montanum
696 912 761 985 (qui
785 909 887 988 procul
906 907 998 967 dublo
1022 909 1130 1009 stipsi
1153 907 1243 966 tundo
1260 905 1385 990 carent),
1409 907 1567 982 evestigio

210 1006 400 1073 tempestates
423 1001 553 1057 excitari.
599 997 648 1057 Sic
677 1001 753 1056 enim
777 1006 807 1055 et
829 996 985 1067 animalia,
1016 998 1040 1053 si
1071 997 1137 1072 quis
1169 998 1199 1051 ιιι
1229 1003 1344 1055 teneros
1375 997 1491 1075 aurium
1512 1011 1568 1053 na·
1609 1008 1615 1047 t

209 1087 323 1143 rinmve
345 1093 459 1144 meatus
491 1084 613 1144 titillans
650 1084 762 1160 aliquid
785 1087 909 1156 inserat,
942 1083 1062 1142 herrore
1086 1091 1219 1159 correpta
1242 1093 1331 1160 caput
1353 1090 1495 1159 quassant
1516 1089 1568 1141 ιιι

210 1176 240 1231 ιι
264 1189 366 1233 ιιιιιι
388 1188 421 1231 ιι
443 1174 671 1274 praecipitant.

299 1260 374 1318 Sunt
396 1267 425 1318 et
447 1261 492 1318 sui
515 1262 599 1318 certis
622 1258 747 1317 Telluris
770 1258 912 1316 tractibus
935 1256 1092 1331 languores
1109 1263 1137 1314 et
1153 1226 1284 1315 internae
1308 1260 1453 1316 viscerum
1476 1242 1568 1315 vicis·

211 1344 371 1422 situdines3
393 1345 538 1406 interdum
561 1348 639 1406 enlm
653 1345 774 1404 humere
796 1347 886 1403 nimio
902 1343 1062 1414 abundant,
1086 1342 1230 1401 interdum
1254 1343 1397 1403 cruditate
1419 1352 1471 1403 aut
1495 1360 1568 1402 con·
1606 1346 1614 1387 t

213 1436 353 1493 ιιιιιιιιι
375 1434 594 1509 imperfectione
610 1434 766 1505 laborant,
795 1431 913 1507 quande
943 1430 1010 1490 loco
1043 1429 1210 1505 pluviarum
1234 1434 1475 1507 tempestivarum
1496 1433 1568 1489 meri

213 1524 293 1579 venti
316 1525 509 1596 proveniunt,
533 1520 678 1580 interdum
701 1520 791 1578 veluti
825 1536 915 1578 causa
945 1526 1079 1592 correpta
1110 1517 1182 1575 nibil
1206 1519 1349 1594 humoris,
1380 1519 1432 1579 sed
1457 1537 1508 1595 pro
1531 1534 1567 1578 ao
1605 1514 1612 1587 f

214 1608 387 1684 sulphureos
409 1607 518 1666 halitus
541 1618 596 1666 aut
614 1607 757 1668 madores
777 1606 949 1682 pestilentes
983 1604 1135 1664 exsudant.
1181 1605 1286 1681 ltaque
1315 1623 1390 1665 non·
1409 1606 1514 1682 iniuria
1536 1607 1567 1662 ln

213 1695 288 1755 libro
312 1695 347 1754 de
369 1695 456 1753 Nova
476 1694 570 1753 Stella
591 1694 641 1753 ιιι.
669 1697 738 1753 lte.
766 1697 807 1765 (ll.
826 1696 894 1763 721.)
921 1710 1021 1751 omues
1045 1694 1241 1751 concoctionis
1264 1692 1433 1766 facultates,
1458 1702 1569 1752 attrac-

215 1784 325 1856 tricem,
349 1786 539 1865 retentricern,
563 1780 743 1856 epultrieem,
765 1782 795 1837 in
819 1780 870 1838 illa
887 1779 1069 1855 quaerendas
1093 1779 1240 1855 admonm,
1265 1784 1374 1858 quippe
1397 1781 1499 1840 barum
1522 1780 1568 1840 ιιι-

215 1870 357 1929 lectiones
379 1877 448 1927 suut
468 1869 561 1927 morbi
584 1868 635 1926 illi.
1006 1916 1015 1936 ,

302 1955 380 2031 Quid
411 1972 480 2014 vero
511 1955 641 2013 similius·
661 1964 707 2014 est
734 1955 933 2029 respirationis
962 1951 1132 2016 animalium
1163 1954 1339 2013 terrestrium
1370 1962 1400 2013 et
1428 1956 1569 2032 imprimis

216 2045 452 2119 reciprocationis
475 2042 554 2100 illius
577 2045 715 2119 piscium,
747 2041 816 2098 dum
845 2040 963 2100 sorbent
993 2056 1087 2116 aquas
1116 2057 1165 2099 ore
1193 2042 1415 2118 exprimuntque
1438 2044 1568 2101 vicissim

215 2147 267 2205 per
290 2129 459 2203 branchias,
482 2147 571 2205 quam
595 2128 644 2189 ille
666 2128 808 2186 mirabilis
830 2126 925 2186 durus
948 2137 978 2186 et
1000 2127 1127 2185 refluxus
1151 2131 1253 2187 oceani
1275 2129 1486 2202 aemiliorum,
1516 2132 1567 2206 qni

217 2220 270 2277 etsi
294 2217 332 2275 ad
348 2216 450 2275 Lunae
461 2226 568 2275 motus
583 2232 615 2275 ιι
637 2213 847 2286 accommodat,
871 2217 913 2273 sic
935 2222 969 2272 ut
989 2215 1141 2291 probabile
1156 2215 1229 2273 mibi
1251 2218 1289 2275 sit
1311 2218 1410 2290 visam,
1429 2220 1457 2273 iu
1481 2234 1576 2294 prae-,

216 2306 325 2363 latione
348 2304 628 2363 Commentariorum
650 2302 769 2376 Martis,
798 2301 893 2360 undas
915 2320 933 2360 a
956 2302 1041 2360 Luna
1064 2302 1154 2374 trabi,
1183 2309 1217 2360 ut
1245 2303 1351 2362 ferrum
1381 2322 1401 2362 a
1422 2310 1567 2379 magnete,

217 2395 323 2450 virtute
346 2407 486 2467 corporea
504 2393 649 2448 unitionis
672 2406 836 2466 corporum,
860 2389 939 2466 quod
963 2399 993 2453 et
1014 2406 1106 2465 nuper
1128 2392 1157 2445 in
1161 2390 1397 2466 prolegomenis
1421 2390 1569 2467 preme-

216 2479 319 2549 ridum,
343 2496 402 2553 quo
425 2477 491 2537 loco
514 2477 640 2535 Davidis
655 2478 790 2537 Fabricii
819 2479 985 2553 opinionem
1008 2479 1150 2549 examino,
1174 2481 1277 2554 repetii
1301 2487 1341 2546 ιιι.
1359 2483 1446 2544 libo:
1469 2487 1568 2538 ιιιιιιι

216 2568 241 2624 ιι
264 2570 330 2641 quis
354 2566 496 2641 disputet,
520 2563 667 2623 Tellbreur
690 2564 729 2622 ad
752 2563 830 2623 Solis
853 2573 883 2622 et
904 2563 1007 2622 Lunae
1029 2571 1139 2623 metum
1163 2551 1384 2624 accommodare
1406 2583 1490 2624 suam
1513 2583 1568 2624 ve-

216 2652 269 2710 luti
293 2655 532 2731 respirationem,
557 2655 633 2710 sicut
655 2651 795 2710 animalia
816 2653 911 2719 somni
933 2650 1159 2726 vigiliarumque
1182 2652 1411 2717 vicissitudines
1411 2670 1486 2727 cum
1509 2651 1569 2711 dlel

217 2743 370 2815 noctisque
394 2739 504 2798 babent
526 2739 660 2805 easdem:
685 2739 763 2798 bunc
785 2754 841 2812 ego
862 2754 922 2796 non
944 2738 1051 2813 iniquis
1074 2738 1190 2797 auribus
1215 2738 1423 2797 audiendum
1416 2756 1445 2795 ιι
1468 2739 1568 2815 pbilo-

218 2827 323 2902 sophia
345 2828 515 2898 censuerim,
535 2817 709 2901 'praesertim
732 2828 757 2883 si
780 2824 932 2883 accederet
954 2823 1074 2899 aliquod
1090 2825 1228 2883 iudicium
1250 2826 1423 2885 deribilinm
1445 2828 1474 2882 in
1498 2842 1569 2902 pro·

217 2914 308 2972 fundo
331 2913 440 2973 Terrae
468 2916 609 2989 partium,
643 2926 719 2987 qnae
752 2915 844 2970 vicem
876 2914 1038 2971 sustineant
1068 2912 1240 2987 pulmonum
1269 2921 1322 2971 ιιι
1355 2913 1568 2971 branchiarum.

218 3000 292 3060 Nam
315 3002 341 3059 si
364 3000 431 3059 talis
454 3001 555 3076 aliqua
578 3007 683 3058 natura
706 3001 744 3058 sit
766 2998 899 3071 illarum,
928 2998 1024 3073 qualis
1053 3006 1099 3057 eat
1129 3003 1203 3058 airis
1227 3001 1327 3071 nostri,
1351 2999 1567 3059 condensabilis

99 3146 102 3155 ,
161 3107 163 3110 ⁴
218 3097 247 3156 et
267 3087 426 3158 extensilis,
446 3088 510 3162 Jam
533 3104 590 3147 non
615 3103 689 3162 opus
711 3088 767 3144 erit
787 3085 824 3144 ad
839 3085 914 3143 banc
927 3088 1148 3161 respirationem
1169 3096 1252 3144 motu
1274 3086 1437 3162 superficiei
1451 3087 1567 3158 Terrae,

218 3175 344 3251 analoga
367 3175 479 3234 scilicet
501 3176 592 3233 metui
614 3173 812 3233 musculorum
829 3172 1084 3250 ¹diaphragmatis,
1109 3174 1138 3230 in
1169 3191 1290 3250 corpore
1319 3174 1447 3233 humano
1474 3176 1569 3251 respi-

217 3270 309 3321 rante.
362 3260 444 3336 Quae
473 3280 543 3321 vero
572 3265 664 3338 possit
698 3262 798 3337 aptior.
821 3276 885 3318 esse
914 3263 988 3319 ratio
1018 3263 1195 3335 receptionis
1221 3278 1365 3337 aquarum
1392 3262 1579 3337 marinarum,

162 3348 169 3359 '
217 3351 372 3408 introrsum
394 3351 424 3405 in
448 3349 576 3407 culinam
597 3349 689 3408 veluti
711 3345 911 3431 metallorum,
944 3350 1001 3406 nisi
1024 3347 1097 3406 baec
1118 3350 1186 3424 ipsa
1211 3363 1263 3424 per
1286 3350 1402 3424 euripos
1425 3352 1498 3412 istos
1521 3366 1570 3408 se·

218 3437 379 3494 midlnrnos
401 3434 582 3512 perpetuos?
628 3434 705 3510 Quid
727 3434 808 3492 aliud
830 3436 972 3511 suspicari
994 3434 1065 3494 lauit
1086 3451 1173 3495 casus
1195 3435 1245 3495 ille
1267 3437 1428 3511 mirabilis,
1452 3436 1569 3513 quando

217 3525 319 3600 paucis
342 3525 427 3582 annis
449 3530 523 3583 aute.
540 3540 628 3597 quam
649 3524 813 3597 frequentia
842 3531 1035 3581 mercatorum
1058 3522 1248 3599 Antverpiam
1278 3519 1454 3597 desereret,
1468 3525 1564 3583 fluxus

218 3619 248 3670 et
269 3609 397 3669 refluxus
419 3626 560 3669 oceanum
583 3610 631 3668 die
653 3610 780 3685 quodam
805 3607 932 3668 deseruit
959 3608 1168 3689 (exterruitque
1200 3613 1350 3670 civitatem
1372 3629 1431 3670 uon
1454 3611 1569 3670 rnedio-
1627 3613 1631 3619 '

218 3693 331 3778 ariter),
354 3696 439 3755 Luna
461 3715 576 3756 cursum
598 3714 683 3755 suum
705 3714 762 3754 non
787 3695 938 3755 desernit?
970 3696 1113 3755 Nimirum
1135 3697 1225 3757 Terra
1247 3700 1313 3774 ipsa
1336 3716 1457 3776 compos
1479 3698 1568 3775 bujus
1653 3690 1663 3699 “

218 3786 472 3861 reciprocationis,
502 3784 571 3843 licet
593 3783 643 3842 illa
664 3789 745 3843 motu
775 3784 899 3843 naturali
932 3786 1103 3861 participet,
1134 3786 1277 3844 continuit
1298 3802 1386 3844 uuam
1409 3786 1488 3846 illius
1512 3786 1570 3846 diei

220 3873 449 3947 respirationem,
473 3872 549 3930 ιιιιιι
570 3874 732 3930 animantes
749 3868 892 3929 interdum
907 3873 1057 3930 continent
1071 3873 1207 3943 animam,
1231 3875 1367 3949 quamvis
1381 3882 1479 3932 motus
1503 3872 1570 3931 dia·

219 3959 399 4034 phragmatis
428 3961 492 4034 ipse
519 3959 607 4016 etlam
635 3958 762 4017 naturali
792 3960 898 4017 mixtus
928 3961 975 4017 sit
1000 3956 1197 4034 Quanquam
1218 3963 1325 4019 rectius
1347 3961 1421 4020 forte
1444 3962 1571 4036 respira-
1667 3964 1673 3975 “

219 4048 328 4105 tionem
353 4046 497 4120 aliquam,
521 4045 629 4103 Terrae
650 4048 855 4119 neeessariam,
878 4062 914 4105 er
936 4048 1052 4106 animae
1076 4050 1249 4123 praesentia,
1272 4064 1361 4155 quem
1383 4049 1512 4107 animam
1534 4060 1570 4107 ex

220 4136 419 4210 respiratione,
442 4133 670 4208 probaverimus
1546 4160 1551 4165 ·

306 4218 382 4279 Nam
405 4226 437 4277 ut
451 4225 515 4289 tam
539 4219 620 4278 velut
641 4237 672 4277 ιι
695 4227 789 4292 certa,
821 4220 900 4295 quod
923 4222 962 4278 sit
990 4223 1019 4277 in
1042 4220 1161 4281 Tellure
1185 4223 1296 4295 anima,
1326 4220 1364 4279 ad
1388 4221 1571 4299 contempla·

220 4308 329 4365 tionem
357 4306 421 4382 ejus
452 4308 596 4367 essentiae
626 4308 794 4381 veniamus,
828 4306 963 4382 equidem
992 4307 1042 4366 illa
1077 4324 1136 4367 uon
1164 4315 1276 4367 tantum
1307 4308 1407 4384 aliqua
1434 4308 1485 4369 lux
1516 4316 1570 4381 est,

221 4394 317 4469 qualis
339 4403 384 4453 est
406 4395 516 4469 ignium
539 4402 568 4454 et
591 4387 837 4468 cincindularum,
861 4412 880 4453 a
901 4412 934 4453 se
956 4396 1023 4470 ipsa
1044 4395 1188 4471 pendens,
1212 4408 1270 4454 non
1293 4396 1331 4454 ab
1352 4396 1569 4455 'illuminatione

221 4499 258 4541 ex
271 4481 348 4555 Sole,
372 4490 542 4557 argumento
565 4482 629 4554 boc,
654 4481 732 4558 qnod
755 4481 869 4540 lucidos
891 4482 1073 4560 planetarum
1088 4482 1187 4541 radies
1209 4482 1427 4558 quodammodo
1449 4500 1571 4560 paraen-

221 4570 322 4643 tiscat3
345 4568 397 4628 sed
420 4568 506 4645 plane
528 4564 645 4628 flamma
667 4567 811 4645 quaedam
833 4586 898 4629 csse
925 4569 1040 4629 videtur
1063 4565 1270 4650 (respiratione
1295 4570 1408 4629 scilicet
1430 4588 1481 4632 seu
1505 4587 1570 4630 ιιι-

135 4713 139 4728 ,
222 4655 332 4714 Ιιιιιιιι
354 4651 513 4735 fovenda),
544 4664 714 4731 argumento
738 4656 842 4716 caloris
865 4657 1046 4716 subterranei
1067 4659 1200 4733 perpetui
1223 4667 1253 4717 et
1275 4657 1437 4738 sensibilis,
1469 4658 1570 4732 cuius·

221 4741 386 4801 medisina
409 4744 508 4803 anima
522 4742 620 4801 nullus
642 4751 711 4806 actu
724 4745 753 4801 in
776 4747 898 4804 materia
912 4744 993 4804 nuda
1013 4752 1169 4820 ιιιιιιιις
1192 4750 1224 4802 ιι
1237 4760 1274 4803 ιι
1295 4748 1429 4821 potantia
1451 4744 1570 4822 quidem

221 4829 299 4889 inest
319 4831 349 4888 in
371 4830 459 4890 rebus
482 4829 521 4888 ab
543 4830 713 4891 animalium
734 4834 925 4929 stirpiumque
946 4831 1112 4891 substantia
1125 4831 1308 4907 exeuntibus,
1330 4834 1388 4894 uisi
1410 4833 1448 4895 ab
1470 4835 1570 4895 anima
