3940 5856
784 383 868 440 liber
883 385 917 440 V.
936 385 1026 453 orpus
1042 384 1094 439 ΠΙ,
1548 394 1611 454 app

1172 516 1177 541 i

261 580 295 623 ex
320 562 399 633 Sole,
423 564 475 624 sed
498 581 534 625 ex
557 563 648 623 Terra
670 561 887 638 spectantibus,
920 559 955 621 de
979 562 1086 637 quibus
1109 563 1173 637 egit
1194 562 1245 621 lib.
1269 562 1322 621 VI.
1345 562 1400 639 Ep.
1423 565 1502 625 Astr.
1527 565 1611 644 Cop,

255 654 281 710 is
303 652 395 724 sciat,
427 670 527 712 eorum
551 654 693 710 rationem
722 653 752 709 in
781 651 837 708 boc
859 652 978 724 negotio
1009 648 1097 724 plane
1126 650 1238 709 nullam
1266 649 1382 725 baberi3
1414 668 1485 711 sans
1516 672 1612 730 neque

257 738 359 809 debet,
393 756 459 798 curn
482 739 572 799 Terra
595 756 652 796 non
676 737 801 797 sitione
825 745 922 795 motus
946 739 1089 812 ipsorum,
1121 754 1215 812 neque
1238 747 1351 814 potest,
1381 755 1447 797 cum
1470 753 1567 799 motus
1590 745 1611 800 ii

258 844 317 885 nou
339 834 451 886 tanturn
476 830 505 884 in
528 845 637 885 rueram
661 828 789 899 qrrietem
812 842 864 882 seu
888 826 1044 882 stationem
1069 836 1266 901 apparentem,
1290 825 1341 883 sed
1363 825 1449 901 plane
1472 829 1500 883 in
1518 839 1611 888 retro-

256 913 467 991 gradationes,
492 924 636 992 quantum
657 911 695 970 ad
718 911 851 971 fallacem
867 914 1078 988 apparentiam,
1103 910 1289 987 degenerent,
1313 930 1372 989 qna
1390 915 1501 972 ratione
1517 919 1611 981 omnis

256 1005 477 1078 proportionum
500 1001 628 1060 infinitas
652 1000 787 1058 omnibus
811 996 936 1077 planetis
959 999 1046 1057 sinrul
1070 1007 1098 1057 et
1122 1016 1276 1075 exaequo
1301 1001 1445 1058 tribuitur.
1492 1000 1531 1061 Ut
1553 992 1611 1080 igiss

255 1098 301 1148 tur
324 1098 434 1148 certum
458 1078 635 1161 babeamus,
666 1085 769 1161 quales
791 1087 995 1162 proportiones
1025 1087 1157 1163 proprias
1186 1091 1365 1145 constituant
1394 1089 1489 1145 diurni
1512 1101 1609 1151 motus

254 1176 434 1251 singularum
459 1194 593 1237 verarum
617 1177 774 1234 orbitarum
798 1176 1023 1233 eccentricarum
1048 1168 1134 1254 (licet
1166 1183 1195 1232 et
1224 1177 1286 1251 ipsi⁴
1309 1175 1405 1234 adbuc
1435 1188 1610 1253 apparentes

254 1268 324 1343 sint,
347 1264 442 1347 veluti
461 1265 606 1341 spectanti
629 1281 665 1321 ex
688 1260 767 1336 Sole,
791 1261 871 1321 fonte
891 1256 1025 1343 motus),
1053 1261 1232 1321 removenda
1254 1266 1334 1338 prius
1358 1271 1402 1320 est
1424 1264 1461 1321 ab
1486 1267 1521 1321 iis
1543 1283 1610 1324 mo-

255 1353 334 1410 tibus
356 1355 481 1428 propriis
504 1351 578 1410 baec
599 1350 756 1425 phantasia
779 1351 941 1408 communis
964 1349 1098 1406 omnibus
1122 1354 1250 1423 quinque
1271 1358 1368 1407 motus
1384 1352 1472 1407 annui
1496 1352 1609 1411 adven-

256 1441 323 1509 titii,
347 1442 411 1513 sine
434 1438 484 1499 ille
507 1457 543 1497 ex
567 1441 659 1515 ipsius
682 1436 809 1496 Telluris
832 1444 913 1495 motu
937 1438 1048 1494 oriatur
1070 1436 1231 1495 secundum
1256 1437 1464 1513 Copernieum,
1487 1441 1550 1497 sive
1574 1458 1609 1500 ex

255 1536 336 1585 motu
359 1527 528 1603 systematis
552 1527 642 1585 totius
671 1539 769 1582 annno
789 1524 953 1595 secundum
977 1522 1147 1601 Tycbonem
1171 1522 1282 1595 brebe,
1317 1533 1472 1600 motusque
1503 1531 1622 1604 cuique„

257 1613 395 1690 planetas
418 1616 528 1690 proprii
554 1602 698 1672 enucle'ati
722 1612 777 1668 sub
800 1620 988 1691 conspectpm
1012 1610 1187 1685 subjiciendi
1212 1622 1288 1669 sunt.

241 1719 250 1730 ·
347 1698 473 1762 Octavo.
518 1699 671 1760 Hactenus
694 1701 806 1773 egimus
830 1698 866 1757 de
890 1697 1014 1756 diversis
1037 1702 1126 1756 moris
1151 1698 1197 1757 vel
1216 1701 1343 1757 arcubus
1367 1699 1505 1759 unisset
1529 1700 1610 1777 ejus·

257 1786 322 1848 dem
344 1787 489 1864 planetae.
535 1787 605 1847 Jam
621 1789 717 1849 etiam
741 1783 777 1844 de
801 1787 933 1844 binorum
957 1784 1140 1860 planetarum
1157 1787 1284 1845 motibus
1308 1786 1382 1846 inter
1400 1804 1432 1846 se
1456 1776 1610 1867 cdmpara-

256 1876 472 1954 tisagendum.
519 1873 576 1934 Ubi
600 1884 670 1933 nota
694 1872 891 1932 definitionem
916 1875 1113 1947 terminorum,
1137 1877 1269 1949 quisunt
1286 1874 1372 1932 nobis
1395 1876 1482 1932 iutnri
1506 1894 1610 1936 neces·

256 1965 334 2023 sarii.
380 1962 549 2039 Apsidss
580 1962 770 2039 proximas
801 1960 923 2018 duorum
952 1959 1139 2035 planetarum
1164 1960 1294 2019 dicemus
1322 1961 1495 2038 peribelium
1518 1981 1609 2040 supe-

256 2052 339 2111 rioris
362 2057 392 2110 et
414 2050 564 2126 apbelium
587 2050 738 2119 interioris,
763 2048 984 2120 nonobstante,
1009 2049 1088 2123 quod
1104 2047 1172 2106 illae
1188 2059 1314 2124 vergunt
1329 2052 1357 2105 in
1375 2048 1493 2123 plagam
1510 2051 1609 2109 mnndi

256 2155 313 2196 non
338 2136 476 2210 eandem,
506 2137 557 2197 sed
582 2137 712 2196 diversas
736 2142 765 2193 et
786 2135 860 2194 forte
884 2136 1051 2193 contrarias.
1098 2134 1130 2193 M
1138 2144 1223 2194 otus
1254 2140 1448 2195 extremos
1479 2136 1609 2215 intellige

255 2226 451 2284 tardissimum
475 2233 512 2285 et.
528 2225 743 2284 velocissimum
767 2225 857 2281 totius
882 2224 1018 2281 circuitus
1046 2221 1221 2298 planetartl;
1249 2232 1521 2298 conserpentes
1549 2243 1609 2284 ex-

255 2320 388 2373 tremos
410 2330 477 2372 seu
501 2324 728 2381 conversos,
760 2311 901 2384 quisunt
924 2311 952 2365 in
979 2310 1112 2368 binorum
1134 2311 1285 2386 apsidibus
1307 2314 1463 2385 proximis,
1495 2312 1609 2373 scilicet

258 2403 287 2458 in
310 2401 451 2477 peribelio
480 2401 638 2475 superioris
671 2405 699 2456 et
722 2396 838 2474 apbelio
865 2398 1023 2468 inferioris,
1057 2397 1295 2474 divergentes
1329 2397 1390 2456 vel
1421 2398 1607 2474 diversos,

257 2490 306 2563 qui
336 2490 364 2546 in
394 2487 546 2564 apsidibns
578 2487 733 2563 oppositis,
766 2485 878 2571 scilicet
908 2484 1026 2559 aphelio
1049 2487 1207 2561 superioris
1239 2494 1267 2543 et
1290 2484 1431 2561 peribelio
1455 2486 1607 2546 interioris.

165 2609 178 2619 -
254 2573 379 2633 Rursum
410 2577 499 2647 igitur
529 2574 577 2634 bic
605 2574 704 2649 aliqua
732 2589 801 2647 pars
833 2570 1054 2647 meillysterii
1079 2572 1335 2650 Cosmograpbici,
1365 2591 1509 2649 suspensa
1538 2585 1608 2636 ants

255 2664 295 2719 22
320 2680 422 2734 annos,
447 2664 516 2737 quia
538 2661 667 2720 nondum
690 2659 838 2734 liquebat,
863 2658 1047 2718 absolvenda
1069 2666 1098 2719 et
1121 2660 1178 2719 huc
1201 2660 1352 2720 inscrenda
1373 2668 1428 2719 est.
1473 2662 1606 2721 Inventis

254 2752 330 2809 enim
353 2753 430 2808 veris
454 2751 567 2808 orbium
589 2746 753 2807 intervallis
776 2762 826 2822 per
849 2748 1070 2805 observationes
1088 2747 1193 2806 Brabei
1218 2749 1335 2824 plurimi
1351 2750 1490 2824 temporis
1507 2749 1607 2810 labore

253 2840 400 2910 continuo,
425 2837 551 2910 tandem,
576 2837 694 2896 tandem
717 2836 845 2909 genuina
873 2836 1022 2912 proportio
1046 2842 1208 2910 temporum
1237 2832 1450 2912 periodlcorum
1472 2836 1511 2895 ad
1533 2854 1604 2914 pro·

252 2928 414 3001 portionem
439 2926 551 2984 orbium
599 2957 637 2969 -
684 2955 723 2966 -
779 2932 847 2979 seru
870 2921 991 2997 quidem
1013 2925 1307 2995 respexit-merram,

312 3004 315 3015 ’
506 3011 643 3088 Rcrpeait
665 3018 768 3068 tumen
790 3016 818 3066 et
839 3010 931 3084 tanao
947 3016 1018 3083 poet
1039 3015 1171 3083 ternpore
1195 3015 1293 3085 trenit3

252 3098 355 3172 saduc,
377 3100 403 3157 si
426 3102 564 3175 temporis
588 3096 727 3157 articulos
750 3098 834 3171 petis,
861 3097 887 3153 8.
913 3095 997 3156 Mart.
1021 3093 1108 3171 hujus
1131 3101 1199 3156 anni
1230 3096 1375 3157 millesimi
1399 3097 1604 3155 sexcentesimi

253 3185 357 3244 decimi
381 3189 477 3244 octavi
510 3189 607 3244 animo
637 3174 803 3258 concepta,
826 3181 877 3241 sed
911 3183 1063 3241 infeliciter
1093 3184 1130 3242 ad
1153 3184 1282 3244 calculos
1305 3190 1412 3243 uocata
1435 3200 1529 3259 eoque
1552 3201 1605 3261 pro

228 3272 328 3331 ‚falsa
350 3274 468 3349 rejecta,
493 3272 620 3347 deniqne
647 3274 692 3332 lb.
715 3269 789 3344 Maji
813 3286 939 3342 reversa,
963 3287 1041 3328 novo
1066 3281 1152 3349 capto
1170 3275 1278 3349 impetu
1303 3274 1483 3346 expugnavit
1498 3274 1605 3331 mentis

255 3378 338 3420 meae
361 3363 506 3431 tenebras,
530 3367 613 3419 tanta
636 3357 874 3435 comprobatione
898 3366 926 3417 et
949 3358 1057 3416 laboris
1078 3362 1134 3417 mei
1158 3356 1427 3436 septendecennalis
1449 3362 1480 3417 in
1502 3359 1605 3417 obser-

254 3449 424 3507 vationibus
447 3447 610 3506 Brabeanis
640 3452 670 3505 ct
691 3445 890 3504 meditationis
913 3445 1001 3520 bujus
1030 3448 1059 3502 in
1084 3463 1172 3505 unum
1196 3449 1437 3530 conspirantium,
1470 3453 1501 3504 ut
1523 3463 1605 3505 sorn-

253 3538 334 3594 niare
357 3553 403 3594 me
427 3542 456 3594 et
479 3552 662 3612 praesumere
685 3534 849 3608 quaesitum
880 3535 953 3591 inter
980 3535 1123 3609 principia
1152 3538 1245 3612 primo
1277 3535 1431 3595 crederem.
1477 3532 1535 3592 Sed
1559 3550 1604 3593 res

253 3624 746 3695 estcertissimaexactissimaque,
771 3619 849 3694 quod
874 3624 1088 3695 proportio,
1113 3640 1205 3697 quae
1229 3631 1284 3684 est
1306 3623 1406 3680 inter
1428 3621 1604 3680 binorum

254 3727 566 3785 quorumcunque
598 3709 835 3785 planetarum
877 3716 1053 3782 tempora
1091 3710 1300 3785 periodica,
1341 3710 1392 3767 sit
1430 3710 1603 3784 praecise

253 3797 509 3871 sesquialtera
538 3797 805 3873 proportionis
835 3796 1031 3853 mediarum
1063 3794 1352 3867 distantiarum,
1385 3794 1422 3852 id
1453 3804 1514 3854 est
1546 3811 1607 3863 or·¹

252 3884 351 3942 bium
375 3887 561 3961 ipsorum3
585 3891 697 3943 attento
721 3891 816 3941 tamen
832 3882 897 3954 boc,
922 3883 1002 3957 quod
1025 3882 1152 3942 medium
1176 3887 1389 3945 arithmeticum
1403 3884 1478 3941 inter
1492 3890 1602 3941 utram·

252 3989 312 4048 ,que
336 3972 509 4032 diametrum
532 3970 678 4047 ellipticse
701 3966 814 4028 orbitae
843 3972 882 4028 sit
903 3969 992 4045 paulo
1016 3973 1111 4028 minus
1140 3970 1272 4049 longiore
1302 3972 1454 4032 diametro.
1497 3970 1602 4044 ltaque

253 4062 277 4115 si
300 4061 366 4134 quis
389 4076 424 4117 ex
448 4059 577 4135 periodo,
604 4060 685 4117 verbi
709 4075 798 4116 cansa
820 4056 957 4135 Telluris,
980 4075 1056 4132 quae
1078 4066 1124 4116 cst
1145 4078 1240 4119 arrnus
1264 4078 1346 4134 unus,
1371 4056 1458 4118 etex
1481 4057 1601 4133 periodo

250 4145 367 4205 Saturni
389 4148 510 4215 ramata
533 4162 676 4205 annorum
698 4145 833 4203 sumserit
856 4148 972 4202 tertiam
995 4148 1190 4222 proportionis
1213 4157 1335 4224 partem,
1368 4145 1397 4204 id
1421 4153 1466 4204 est
1488 4143 1603 4204 radices

252 4235 381 4304 cubicas,
404 4241 434 4291 et
456 4234 544 4310 bujus
565 4234 761 4311 proportionis
785 4230 906 4307 duplum
928 4233 1038 4304 lecerit,
1062 4233 1210 4293 radicibus
1232 4236 1375 4312 quadrato
1390 4232 1600 4308 multiplicatis,

197 4370 202 4383 .
250 4322 276 4378 is
299 4321 389 4381 babet
410 4323 439 4378 in
462 4320 674 4397 prodeuntibus
695 4321 821 4377 numeris
847 4318 1066 4378 intervallorum
1091 4320 1198 4381 Terrae
1221 4333 1251 4381 et
1273 4323 1390 4382 Saturni
1414 4320 1515 4380 aSole
1538 4334 1604 4378 mes

213 4452 216 4457 ⁴
250 4409 363 4467 diorum
387 4411 605 4484 proportionem
623 4404 865 4489 j'ustissimamst)
909 4406 984 4465 Nam
1008 4409 1112 4467 cubica
1134 4409 1299 4473 radiadel
1326 4418 1371 4468 est
1390 4412 1415 4482 1,
1439 4408 1504 4483 ejus
1525 4423 1601 4482 qua·

249 4494 363 4554 dratum
391 4498 422 4571 13
455 4506 485 4555 et
507 4498 613 4556 cubica
635 4494 716 4553 radix
740 4494 776 4554 de
801 4495 841 4553 30
865 4501 910 4552 est
931 4494 1025 4569 major
1048 4513 1135 4570 quarn
1159 4499 1195 4569 3,
1228 4499 1291 4572 ejus
1315 4499 1404 4572 igitur
1426 4494 1601 4572 quadratum

250 4583 347 4658 majus
375 4600 463 4658 quam
489 4582 516 4641 9.
562 4582 778 4654 tristaremur,
810 4581 993 4641 mediocriter
1025 4583 1137 4642 distans
1165 4583 1292 4660 aSole,
1322 4583 1411 4660 paulo
1441 4584 1527 4644 altior
1556 4589 1601 4641 est

250 4736 416 4744 --—..-.--.-.‡
438 4738 456 4743 ⁴-

327 4821 353 4869 ⁴⁸)
368 4822 421 4860 Nsrn
436 4823 457 4861 in
466 4821 635 4862 Commentariis
649 4825 727 4863 Martis
742 4834 789 4873 esp.
799 4823 901 4863 XLVllI.
917 4823 957 4863 tol.
966 4825 1011 4863 aaa.
1026 4823 1081 4867 (ΙΙΙ.
1092 4822 1142 4873 353)
1157 4825 1257 4875 probavi,
1271 4825 1366 4867 medinm
1380 4827 1422 4867 boo
1435 4828 1600 4870 arithmeticum

249 4873 286 4911 vel
301 4873 371 4924 iprum
386 4885 440 4917 sess
454 4874 584 4916 diametrum
598 4877 685 4926 circuit,
700 4877 738 4929 qul
752 4877 893 4927 longitudine
905 4880 988 4927 uqnut
1000 4877 1123 4927 stlipticum
1137 4878 1239 4930 orbttsuu,
1258 4881 1295 4920 vel
1309 4890 1336 4921 cu
1349 4882 1449 4935 proxime
1463 4883 1545 4929 minan

1744 2256 1753 2286 Ι
