<?xml version="1.0" encoding="UTF-8"?>
<!DOCTYPE html PUBLIC "-//W3C//DTD XHTML 1.0 Transitional//EN"
    "http://www.w3.org/TR/xhtml1/DTD/xhtml1-transitional.dtd">
<html xmlns="http://www.w3.org/1999/xhtml" xml:lang="en" lang="en">
 <head>
  <title>
</title>
<meta http-equiv="Content-Type" content="text/html;charset=utf-8" />
  <meta name='ocr-system' content='tesseract 3.04.00' />
  <meta name='ocr-capabilities' content='ocr_page ocr_carea ocr_par ocr_line ocrx_word'/>
</head>
<body>
  <div class='ocr_page' id='page_1' title='image "./joanniskepleria29frisgoog/joanniskepleria29frisgoog_0488.png"; bbox 0 0 3822 5866; ppageno 0'>
   <div class='ocr_carea' id='block_1_1' title="bbox 812 348 1560 422">
    <p class='ocr_par' dir='ltr' id='par_1_1' title="bbox 812 348 1560 422">
     <span class='ocr_line' id='line_1_1' title="bbox 812 348 1560 422; baseline 0.001 -1"><span class='ocrx_word' id='word_1_1' title='bbox 812 348 953 422; x_wconf 58' lang='lat' dir='ltr'><strong>39⁰¹⁰ssib</strong></span> <span class='ocrx_word' id='word_1_2' title='bbox 1497 361 1560 422; x_wconf 68' lang='lat'><strong>46?</strong></span> 
     </span>
    </p>
   </div>
   <div class='ocr_carea' id='block_1_2' title="bbox 202 526 1598 3847">
    <p class='ocr_par' dir='ltr' id='par_1_2' title="bbox 205 526 1560 870">
     <span class='ocr_line' id='line_1_2' title="bbox 206 526 1560 613; baseline 0.004 -21"><span class='ocrx_word' id='word_1_3' title='bbox 206 552 227 592; x_wconf 85' lang='lat' dir='ltr'><strong>a</strong></span> <span class='ocrx_word' id='word_1_4' title='bbox 250 530 316 591; x_wconf 82' lang='lat' dir='ltr'><strong>Deo</strong></span> <span class='ocrx_word' id='word_1_5' title='bbox 338 532 522 607; x_wconf 69' lang='lat' dir='ltr'><strong><em>sapientiam</em></strong></span> <span class='ocrx_word' id='word_1_6' title='bbox 545 530 731 606; x_wconf 77' lang='lat' dir='ltr'><strong>mbsumqut</strong></span> <span class='ocrx_word' id='word_1_7' title='bbox 751 530 896 605; x_wconf 79' lang='lat' dir='ltr'><strong>spiritum</strong></span> <span class='ocrx_word' id='word_1_8' title='bbox 918 533 983 605; x_wconf 81' lang='lat' dir='ltr'><strong>ejus</strong></span> <span class='ocrx_word' id='word_1_9' title='bbox 1004 549 1020 589; x_wconf 88' lang='lat' dir='ltr'><strong>e</strong></span> <span class='ocrx_word' id='word_1_10' title='bbox 1041 526 1160 590; x_wconf 62' lang='lat' dir='ltr'><strong>ianm·</strong></span> <span class='ocrx_word' id='word_1_11' title='bbox 1175 530 1283 599; x_wconf 75' lang='lat' dir='ltr'><strong>cosini</strong></span> <span class='ocrx_word' id='word_1_12' title='bbox 1324 531 1390 594; x_wconf 82' lang='lat' dir='ltr'><strong>Non</strong></span> <span class='ocrx_word' id='word_1_13' title='bbox 1414 534 1510 613; x_wconf 84' lang='lat' dir='ltr'><strong>igitur,</strong></span> <span class='ocrx_word' id='word_1_14' title='bbox 1534 534 1560 598; x_wconf 77' lang='lat' dir='ltr'><strong>‘si</strong></span> 
     </span>
     <span class='ocr_line' id='line_1_3' title="bbox 205 616 1560 723; baseline 0.002 -43"><span class='ocrx_word' id='word_1_15' title='bbox 205 620 340 723; x_wconf 69' lang='lat' dir='ltr'><strong>difficiles</strong></span> <span class='ocrx_word' id='word_1_16' title='bbox 368 635 450 679; x_wconf 86' lang='lat' dir='ltr'><strong>meae</strong></span> <span class='ocrx_word' id='word_1_17' title='bbox 479 618 758 690; x_wconf 75' lang='lat' dir='ltr'><strong>demonstrationes,</strong></span> <span class='ocrx_word' id='word_1_18' title='bbox 789 624 944 694; x_wconf 85' lang='lat' dir='ltr'><strong>propterea</strong></span> <span class='ocrx_word' id='word_1_19' title='bbox 971 622 1001 676; x_wconf 92' lang='lat' dir='ltr'><strong>et</strong></span> <span class='ocrx_word' id='word_1_20' title='bbox 1030 619 1197 693; x_wconf 77' lang='lat' dir='ltr'><strong>tentabiles,</strong></span> <span class='ocrx_word' id='word_1_21' title='bbox 1232 616 1287 680; x_wconf 83' lang='lat' dir='ltr'><strong>ne&#39;c</strong></span> <span class='ocrx_word' id='word_1_22' title='bbox 1315 620 1341 679; x_wconf 91' lang='lat' dir='ltr'><strong>sl</strong></span> <span class='ocrx_word' id='word_1_23' title='bbox 1367 623 1417 682; x_wconf 82' lang='lat' dir='ltr'><strong>val</strong></span> <span class='ocrx_word' id='word_1_24' title='bbox 1447 626 1478 681; x_wconf 90' lang='lat' dir='ltr'><strong>tu</strong></span> <span class='ocrx_word' id='word_1_25' title='bbox 1511 622 1560 685; x_wconf 88' lang='lat' dir='ltr'><strong>vel</strong></span> 
     </span>
     <span class='ocr_line' id='line_1_4' title="bbox 205 704 1559 810; baseline 0.005 -46"><span class='ocrx_word' id='word_1_26' title='bbox 205 710 362 810; x_wconf 76' lang='lat' dir='ltr'><strong>qnisquam</strong></span> <span class='ocrx_word' id='word_1_27' title='bbox 384 705 460 765; x_wconf 88' lang='lat' dir='ltr'><strong>alius</strong></span> <span class='ocrx_word' id='word_1_28' title='bbox 482 723 541 765; x_wconf 92' lang='lat' dir='ltr'><strong>non</strong></span> <span class='ocrx_word' id='word_1_29' title='bbox 565 706 641 766; x_wconf 76' lang='lat' dir='ltr'><strong>ultra</strong></span> <span class='ocrx_word' id='word_1_30' title='bbox 663 707 885 780; x_wconf 72' lang='lat' dir='ltr'><em>opinationem,</em></span> <span class='ocrx_word' id='word_1_31' title='bbox 915 704 1041 782; x_wconf 84' lang='lat' dir='ltr'><strong>legendo</strong></span> <span class='ocrx_word' id='word_1_32' title='bbox 1063 723 1161 766; x_wconf 88' lang='lat' dir='ltr'><strong>mcum</strong></span> <span class='ocrx_word' id='word_1_33' title='bbox 1185 721 1272 783; x_wconf 88' lang='lat' dir='ltr'><strong>opus,</strong></span> <span class='ocrx_word' id='word_1_34' title='bbox 1305 709 1444 788; x_wconf 72' lang='lat' dir='ltr'><strong>profecit,</strong></span> <span class='ocrx_word' id='word_1_35' title='bbox 1467 728 1559 790; x_wconf 90' lang='lat' dir='ltr'><strong>prop·</strong></span> 
     </span>
     <span class='ocr_line' id='line_1_5' title="bbox 205 791 1114 891; baseline -0.003 -37"><span class='ocrx_word' id='word_1_36' title='bbox 205 802 284 855; x_wconf 86' lang='lat' dir='ltr'><strong>terea</strong></span> <span class='ocrx_word' id='word_1_37' title='bbox 305 798 351 853; x_wconf 83' lang='lat' dir='ltr'><strong>rei</strong></span> <span class='ocrx_word' id='word_1_38' title='bbox 373 797 499 854; x_wconf 66' lang='lat' dir='ltr'><strong>vesun</strong></span> <span class='ocrx_word' id='word_1_39' title='bbox 519 811 584 856; x_wconf 87' lang='lat' dir='ltr'><strong>non</strong></span> <span class='ocrx_word' id='word_1_40' title='bbox 595 792 819 891; x_wconf 74' lang='lat' dir='ltr'><strong>confirmatum</strong></span> <span class='ocrx_word' id='word_1_41' title='bbox 841 791 872 851; x_wconf 87' lang='lat' dir='ltr'><strong>lrl</strong></span> <span class='ocrx_word' id='word_1_42' title='bbox 893 791 996 852; x_wconf 85' lang='lat' dir='ltr'><strong>haberi</strong></span> <span class='ocrx_word' id='word_1_43' title='bbox 1017 793 1114 854; x_wconf 90' lang='lat' dir='ltr'><strong>debet</strong></span> 
     </span>
    </p>

    <p class='ocr_par' dir='ltr' id='par_1_3' title="bbox 204 870 1598 2011">
     <span class='ocr_line' id='line_1_6' title="bbox 294 870 1559 959; baseline 0.006 -19"><span class='ocrx_word' id='word_1_44' title='bbox 294 880 378 957; x_wconf 86' lang='lat' dir='ltr'><strong>Quid</strong></span> <span class='ocrx_word' id='word_1_45' title='bbox 394 899 463 941; x_wconf 87' lang='lat' dir='ltr'><strong>vero</strong></span> <span class='ocrx_word' id='word_1_46' title='bbox 487 870 613 959; x_wconf 81' lang='lat' dir='ltr'><strong>deniqu&#39;e</strong></span> <span class='ocrx_word' id='word_1_47' title='bbox 635 890 665 940; x_wconf 90' lang='lat' dir='ltr'><strong>te</strong></span> <span class='ocrx_word' id='word_1_48' title='bbox 683 882 799 951; x_wconf 77' lang='lat' dir='ltr'><strong>e&#39;truere</strong></span> <span class='ocrx_word' id='word_1_49' title='bbox 822 878 926 955; x_wconf 87' lang='lat' dir='ltr'><strong>dicam,</strong></span> <span class='ocrx_word' id='word_1_50' title='bbox 950 880 1028 956; x_wconf 93' lang='lat' dir='ltr'><strong>quod</strong></span> <span class='ocrx_word' id='word_1_51' title='bbox 1052 881 1242 958; x_wconf 73' lang='lat' dir='ltr'><strong>astrologiam</strong></span> <span class='ocrx_word' id='word_1_52' title='bbox 1264 881 1345 941; x_wconf 88' lang='lat' dir='ltr'><strong>illam</strong></span> <span class='ocrx_word' id='word_1_53' title='bbox 1371 902 1477 946; x_wconf 82' lang='lat' dir='ltr'><strong>vanam</strong></span> <span class='ocrx_word' id='word_1_54' title='bbox 1493 886 1559 948; x_wconf 85' lang='lat' dir='ltr'><strong>alre</strong></span> 
     </span>
     <span class='ocr_line' id='line_1_7' title="bbox 206 968 1556 1053; baseline 0.003 -24"><span class='ocrx_word' id='word_1_55' title='bbox 206 973 264 1029; x_wconf 87' lang='lat' dir='ltr'><strong>tuis</strong></span> <span class='ocrx_word' id='word_1_56' title='bbox 287 972 351 1028; x_wconf 84' lang='lat' dir='ltr'><strong>sire</strong></span> <span class='ocrx_word' id='word_1_57' title='bbox 374 968 572 1053; x_wconf 82' lang='lat' dir='ltr'><strong>Miranduiani</strong></span> <span class='ocrx_word' id='word_1_58' title='bbox 605 968 702 1028; x_wconf 81' lang='lat' dir='ltr'><strong>rerhle</strong></span> <span class='ocrx_word' id='word_1_59' title='bbox 726 984 857 1041; x_wconf 83' lang='lat' dir='ltr'><strong>vexas,</strong></span> <span class='ocrx_word' id='word_1_60' title='bbox 868 982 957 1044; x_wconf 87' lang='lat' dir='ltr'><strong>qnam</strong></span> <span class='ocrx_word' id='word_1_61' title='bbox 985 985 1040 1044; x_wconf 87' lang='lat' dir='ltr'><strong>ego</strong></span> <span class='ocrx_word' id='word_1_62' title='bbox 1074 968 1169 1028; x_wconf 90' lang='lat' dir='ltr'><strong>libro&#39;</strong></span> <span class='ocrx_word' id='word_1_63' title='bbox 1172 986 1239 1028; x_wconf 90' lang='lat' dir='ltr'><strong>meo</strong></span> <span class='ocrx_word' id='word_1_64' title='bbox 1265 972 1362 1045; x_wconf 88' lang='lat' dir='ltr'><strong>operis</strong></span> <span class='ocrx_word' id='word_1_65' title='bbox 1385 970 1556 1034; x_wconf 86' lang='lat' dir='ltr'><strong>Harmonicl</strong></span> 
     </span>
     <span class='ocr_line' id='line_1_8' title="bbox 208 1041 1559 1139; baseline 0.004 -23"><span class='ocrx_word' id='word_1_66' title='bbox 208 1066 312 1134; x_wconf 88' lang='lat' dir='ltr'><strong>quarto</strong></span> <span class='ocrx_word' id='word_1_67' title='bbox 342 1056 467 1138; x_wconf 88' lang='lat' dir='ltr'><strong>(utnon</strong></span> <span class='ocrx_word' id='word_1_68' title='bbox 498 1041 592 1134; x_wconf 69' lang='lat' dir='ltr'><strong>dicam</strong></span> <span class='ocrx_word' id='word_1_69' title='bbox 622 1055 658 1116; x_wconf 92' lang='lat' dir='ltr'><strong>de</strong></span> <span class='ocrx_word' id='word_1_70' title='bbox 681 1055 749 1116; x_wconf 88' lang='lat' dir='ltr'><strong>allis</strong></span> <span class='ocrx_word' id='word_1_71' title='bbox 771 1057 845 1114; x_wconf 90' lang='lat' dir='ltr'><strong>meis</strong></span> <span class='ocrx_word' id='word_1_72' title='bbox 866 1054 961 1135; x_wconf 89' lang='lat' dir='ltr'><strong>libris)</strong></span> <span class='ocrx_word' id='word_1_73' title='bbox 994 1058 1147 1116; x_wconf 83' lang='lat' dir='ltr'><strong>aslncera</strong></span> <span class='ocrx_word' id='word_1_74' title='bbox 1175 1054 1362 1134; x_wconf 84' lang='lat' dir='ltr'><strong>philosophia</strong></span> <span class='ocrx_word' id='word_1_75' title='bbox 1388 1059 1559 1139; x_wconf 84' lang='lat' dir='ltr'><strong>longissime</strong></span> 
     </span>
     <span class='ocr_line' id='line_1_9' title="bbox 205 1143 1556 1225; baseline 0.003 -21"><span class='ocrx_word' id='word_1_76' title='bbox 205 1146 333 1218; x_wconf 83' lang='lat' dir='ltr'><strong>secrevi,</strong></span> <span class='ocrx_word' id='word_1_77' title='bbox 363 1152 451 1222; x_wconf 84' lang='lat' dir='ltr'><strong>quam</strong></span> <span class='ocrx_word' id='word_1_78' title='bbox 480 1151 512 1201; x_wconf 90' lang='lat' dir='ltr'><strong>tu</strong></span> <span class='ocrx_word' id='word_1_79' title='bbox 540 1154 654 1217; x_wconf 83' lang='grc' dir='ltr'>ιιιιιιιι,</span> <span class='ocrx_word' id='word_1_80' title='bbox 684 1145 871 1203; x_wconf 88' lang='lat' dir='ltr'><strong>comitatam</strong></span> <span class='ocrx_word' id='word_1_81' title='bbox 882 1143 1074 1203; x_wconf 87' lang='lat' dir='ltr'><strong>chiromantla</strong></span> <span class='ocrx_word' id='word_1_82' title='bbox 1105 1150 1134 1203; x_wconf 82' lang='lat' dir='ltr'><strong>st</strong></span> <span class='ocrx_word' id='word_1_83' title='bbox 1161 1148 1331 1220; x_wconf 86' lang='lat' dir='ltr'><strong>geomantia</strong></span> <span class='ocrx_word' id='word_1_84' title='bbox 1362 1147 1556 1225; x_wconf 78' lang='lat' dir='ltr'><strong>pedissequis,</strong></span> 
     </span>
     <span class='ocr_line' id='line_1_10' title="bbox 205 1228 1556 1311; baseline 0.004 -20"><span class='ocrx_word' id='word_1_85' title='bbox 205 1250 342 1308; x_wconf 80' lang='lat' dir='ltr'><strong>magnam</strong></span> <span class='ocrx_word' id='word_1_86' title='bbox 366 1235 462 1309; x_wconf 86' lang='lat' dir='ltr'><strong>operis</strong></span> <span class='ocrx_word' id='word_1_87' title='bbox 483 1231 527 1289; x_wconf 91' lang='lat' dir='ltr'><strong>tui</strong></span> <span class='ocrx_word' id='word_1_88' title='bbox 548 1228 664 1310; x_wconf 86' lang='lat' dir='ltr'><strong>partam</strong></span> <span class='ocrx_word' id='word_1_89' title='bbox 686 1233 793 1303; x_wconf 88' lang='lat' dir='ltr'><strong>iecisti,</strong></span> <span class='ocrx_word' id='word_1_90' title='bbox 818 1246 906 1306; x_wconf 88' lang='lat' dir='ltr'><strong>quem</strong></span> <span class='ocrx_word' id='word_1_91' title='bbox 928 1247 986 1289; x_wconf 93' lang='lat' dir='ltr'><strong>non</strong></span> <span class='ocrx_word' id='word_1_92' title='bbox 1009 1248 1067 1290; x_wconf 91' lang='lat' dir='ltr'><strong>nno</strong></span> <span class='ocrx_word' id='word_1_93' title='bbox 1089 1230 1155 1290; x_wconf 89' lang='lat' dir='ltr'><strong>loeo</strong></span> <span class='ocrx_word' id='word_1_94' title='bbox 1182 1231 1269 1308; x_wconf 90' lang='lat' dir='ltr'><strong>hujus</strong></span> <span class='ocrx_word' id='word_1_95' title='bbox 1293 1235 1386 1311; x_wconf 89' lang='lat' dir='ltr'><strong>ipsius</strong></span> <span class='ocrx_word' id='word_1_96' title='bbox 1409 1242 1479 1295; x_wconf 84' lang='lat' dir='ltr'><strong>tuae</strong></span> <span class='ocrx_word' id='word_1_97' title='bbox 1503 1236 1556 1296; x_wconf 88' lang='lat' dir='ltr'><strong>de-</strong></span> 
     </span>
     <span class='ocr_line' id='line_1_11' title="bbox 208 1316 1558 1398; baseline 0.004 -19"><span class='ocrx_word' id='word_1_98' title='bbox 208 1321 377 1379; x_wconf 85' lang='lat' dir='ltr'><strong>clarationis</strong></span> <span class='ocrx_word' id='word_1_99' title='bbox 399 1336 452 1378; x_wconf 89' lang='lat' dir='ltr'><strong>eeu</strong></span> <span class='ocrx_word' id='word_1_100' title='bbox 475 1324 553 1379; x_wconf 87' lang='lat' dir='ltr'><strong>veris</strong></span> <span class='ocrx_word' id='word_1_101' title='bbox 576 1334 629 1377; x_wconf 89' lang='lat' dir='ltr'><strong>seu</strong></span> <span class='ocrx_word' id='word_1_102' title='bbox 652 1318 733 1378; x_wconf 82' lang='lat' dir='ltr'><strong>falsis</strong></span> <span class='ocrx_word' id='word_1_103' title='bbox 760 1316 898 1377; x_wconf 86' lang='lat' dir='ltr'><strong>laudibus</strong></span> <span class='ocrx_word' id='word_1_104' title='bbox 930 1320 1123 1378; x_wconf 86' lang='lat' dir='ltr'><strong>ebuccinasti:</strong></span> <span class='ocrx_word' id='word_1_105' title='bbox 1155 1322 1356 1398; x_wconf 87' lang='lat' dir='ltr'><strong>oppositiones</strong></span> <span class='ocrx_word' id='word_1_106' title='bbox 1379 1322 1502 1383; x_wconf 84' lang='lat' dir='ltr'><strong>lethales</strong></span> <span class='ocrx_word' id='word_1_107' title='bbox 1517 1332 1558 1384; x_wconf 87' lang='lat' dir='ltr'><strong>ct</strong></span> 
     </span>
     <span class='ocr_line' id='line_1_12' title="bbox 205 1405 1555 1488; baseline 0.004 -22"><span class='ocrx_word' id='word_1_108' title='bbox 205 1408 351 1466; x_wconf 83' lang='lat' dir='ltr'><strong>violentas</strong></span> <span class='ocrx_word' id='word_1_109' title='bbox 381 1407 595 1483; x_wconf 79' lang='lat' dir='ltr'><strong>pronunciasti,</strong></span> <span class='ocrx_word' id='word_1_110' title='bbox 625 1408 740 1466; x_wconf 85' lang='lat' dir='ltr'><strong>animae</strong></span> <span class='ocrx_word' id='word_1_111' title='bbox 768 1405 869 1464; x_wconf 91' lang='lat' dir='ltr'><strong>mundi</strong></span> <span class='ocrx_word' id='word_1_112' title='bbox 898 1409 996 1465; x_wconf 81' lang='lat' dir='ltr'><strong>varios</strong></span> <span class='ocrx_word' id='word_1_113' title='bbox 1027 1406 1146 1466; x_wconf 81' lang='lat' dir='ltr'><strong>effeetus</strong></span> <span class='ocrx_word' id='word_1_114' title='bbox 1176 1407 1366 1486; x_wconf 79' lang='lat' dir='ltr'><strong>astrologicae</strong></span> <span class='ocrx_word' id='word_1_115' title='bbox 1390 1414 1555 1488; x_wconf 88' lang='lat' dir='ltr'><strong>permisisti,</strong></span> 
     </span>
     <span class='ocr_line' id='line_1_13' title="bbox 205 1492 1555 1576; baseline 0.004 -24"><span class='ocrx_word' id='word_1_116' title='bbox 205 1502 320 1553; x_wconf 87' lang='lat' dir='ltr'><strong>vetares</strong></span> <span class='ocrx_word' id='word_1_117' title='bbox 344 1512 362 1553; x_wconf 87' lang='lat' dir='ltr'><strong>a</strong></span> <span class='ocrx_word' id='word_1_118' title='bbox 386 1492 559 1554; x_wconf 79' lang='lat' dir='ltr'><strong>certitudine</strong></span> <span class='ocrx_word' id='word_1_119' title='bbox 582 1492 815 1573; x_wconf 80' lang='lat' dir='ltr'><strong>praedictionum</strong></span> <span class='ocrx_word' id='word_1_120' title='bbox 837 1492 1080 1570; x_wconf 85' lang='lat' dir='ltr'><strong>astrologicarum</strong></span> <span class='ocrx_word' id='word_1_121' title='bbox 1101 1494 1327 1570; x_wconf 87' lang='lat' dir='ltr'><strong>commendasti,</strong></span> <span class='ocrx_word' id='word_1_122' title='bbox 1358 1496 1415 1557; x_wconf 90' lang='lat' dir='ltr'><strong>hoc</strong></span> <span class='ocrx_word' id='word_1_123' title='bbox 1437 1502 1502 1576; x_wconf 79' lang='lat' dir='ltr'><strong>ipso</strong></span> <span class='ocrx_word' id='word_1_124' title='bbox 1525 1502 1555 1558; x_wconf 92' lang='lat' dir='ltr'><strong>in</strong></span> 
     </span>
     <span class='ocr_line' id='line_1_14' title="bbox 204 1580 1555 1669; baseline 0.004 -29"><span class='ocrx_word' id='word_1_125' title='bbox 204 1582 291 1640; x_wconf 86' lang='lat' dir='ltr'><strong>titulo</strong></span> <span class='ocrx_word' id='word_1_126' title='bbox 314 1581 403 1658; x_wconf 87' lang='lat' dir='ltr'><strong>paulo</strong></span> <span class='ocrx_word' id='word_1_127' title='bbox 427 1582 561 1669; x_wconf 84' lang='lat' dir='ltr'><strong>superius</strong></span> <span class='ocrx_word' id='word_1_128' title='bbox 584 1583 759 1643; x_wconf 88' lang='lat' dir='ltr'><strong>electionum</strong></span> <span class='ocrx_word' id='word_1_129' title='bbox 782 1580 1024 1657; x_wconf 78' lang='lat' dir='ltr'><strong>astrologicarnm</strong></span> <span class='ocrx_word' id='word_1_130' title='bbox 1048 1581 1198 1659; x_wconf 80' lang='lat' dir='ltr'><strong>sortilegis</strong></span> <span class='ocrx_word' id='word_1_131' title='bbox 1220 1582 1258 1642; x_wconf 89' lang='lat' dir='ltr'><strong>ad</strong></span> <span class='ocrx_word' id='word_1_132' title='bbox 1281 1586 1388 1645; x_wconf 86' lang='lat' dir='ltr'><strong>tributu</strong></span> <span class='ocrx_word' id='word_1_133' title='bbox 1403 1586 1555 1647; x_wconf 89' lang='lat' dir='ltr'><strong>Issaschar</strong></span> 
     </span>
     <span class='ocr_line' id='line_1_15' title="bbox 206 1668 1553 1749; baseline 0.004 -21"><span class='ocrx_word' id='word_1_134' title='bbox 206 1668 334 1746; x_wconf 91' lang='lat' dir='ltr'><strong>adque</strong></span> <span class='ocrx_word' id='word_1_135' title='bbox 326 1686 406 1745; x_wconf 88' lang='lat' dir='ltr'><strong>rpeas</strong></span> <span class='ocrx_word' id='word_1_136' title='bbox 429 1673 587 1746; x_wconf 88' lang='lat' dir='ltr'><strong>scripturas</strong></span> <span class='ocrx_word' id='word_1_137' title='bbox 611 1670 743 1729; x_wconf 84' lang='lat' dir='ltr'><strong>retulisti.</strong></span> <span class='ocrx_word' id='word_1_138' title='bbox 790 1671 835 1726; x_wconf 87' lang='grc' dir='ltr'><strong>Αιι</strong></span> <span class='ocrx_word' id='word_1_139' title='bbox 859 1685 914 1745; x_wconf 87' lang='lat' dir='ltr'><strong>ego</strong></span> <span class='ocrx_word' id='word_1_140' title='bbox 937 1678 966 1728; x_wconf 84' lang='lat' dir='ltr'><strong>te</strong></span> <span class='ocrx_word' id='word_1_141' title='bbox 990 1672 1135 1728; x_wconf 84' lang='lat' dir='ltr'><strong>somniare</strong></span> <span class='ocrx_word' id='word_1_142' title='bbox 1158 1687 1195 1729; x_wconf 91' lang='lat' dir='ltr'><strong>an</strong></span> <span class='ocrx_word' id='word_1_143' title='bbox 1218 1673 1328 1747; x_wconf 85' lang='lat' dir='ltr'><strong>potius</strong></span> <span class='ocrx_word' id='word_1_144' title='bbox 1339 1672 1433 1734; x_wconf 78' lang='lat' dir='ltr'><strong>{urere</strong></span> <span class='ocrx_word' id='word_1_145' title='bbox 1450 1674 1553 1749; x_wconf 89' lang='lat' dir='ltr'><strong>dicam,</strong></span> 
     </span>
     <span class='ocr_line' id='line_1_16' title="bbox 206 1755 1554 1836; baseline 0.007 -22"><span class='ocrx_word' id='word_1_146' title='bbox 206 1759 258 1834; x_wconf 88' lang='lat' dir='ltr'><strong>qul</strong></span> <span class='ocrx_word' id='word_1_147' title='bbox 280 1766 312 1815; x_wconf 85' lang='lat' dir='ltr'><strong>ut</strong></span> <span class='ocrx_word' id='word_1_148' title='bbox 334 1773 381 1816; x_wconf 89' lang='lat' dir='ltr'><strong>me</strong></span> <span class='ocrx_word' id='word_1_149' title='bbox 404 1772 579 1836; x_wconf 89' lang='lat' dir='ltr'><strong>quacunque</strong></span> <span class='ocrx_word' id='word_1_150' title='bbox 600 1761 713 1818; x_wconf 89' lang='lat' dir='ltr'><strong>ratione</strong></span> <span class='ocrx_word' id='word_1_151' title='bbox 735 1755 902 1830; x_wconf 88' lang='lat' dir='ltr'><strong>ulciscaris,</strong></span> <span class='ocrx_word' id='word_1_152' title='bbox 931 1764 984 1816; x_wconf 87' lang='lat' dir='ltr'><strong>tua</strong></span> <span class='ocrx_word' id='word_1_153' title='bbox 1005 1757 1076 1815; x_wconf 87' lang='lat' dir='ltr'><strong>mihi</strong></span> <span class='ocrx_word' id='word_1_154' title='bbox 1100 1759 1219 1817; x_wconf 88' lang='lat' dir='ltr'><strong>crimina</strong></span> <span class='ocrx_word' id='word_1_155' title='bbox 1243 1760 1423 1835; x_wconf 74' lang='lat' dir='ltr'><strong>exprobras?</strong></span> <span class='ocrx_word' id='word_1_156' title='bbox 1469 1764 1554 1823; x_wconf 81' lang='lat' dir='ltr'><strong>Anne</strong></span> 
     </span>
     <span class='ocr_line' id='line_1_17' title="bbox 208 1842 1598 1925; baseline 0.004 -21"><span class='ocrx_word' id='word_1_157' title='bbox 208 1847 296 1904; x_wconf 90' lang='lat' dir='ltr'><strong>etiam</strong></span> <span class='ocrx_word' id='word_1_158' title='bbox 327 1847 549 1905; x_wconf 82' lang='lat' dir='ltr'><strong>excusationem</strong></span> <span class='ocrx_word' id='word_1_159' title='bbox 581 1845 659 1925; x_wconf 87' lang='lat' dir='ltr'><strong>apud</strong></span> <span class='ocrx_word' id='word_1_160' title='bbox 690 1842 825 1903; x_wconf 90' lang='lat' dir='ltr'><strong>cordatos</strong></span> <span class='ocrx_word' id='word_1_161' title='bbox 857 1860 921 1903; x_wconf 89' lang='lat' dir='ltr'><strong>sum</strong></span> <span class='ocrx_word' id='word_1_162' title='bbox 944 1846 1129 1913; x_wconf 82' lang='lat' dir='ltr'><strong>inventurus,</strong></span> <span class='ocrx_word' id='word_1_163' title='bbox 1162 1844 1243 1922; x_wconf 86' lang='lat' dir='ltr'><strong>quad</strong></span> <span class='ocrx_word' id='word_1_164' title='bbox 1271 1848 1473 1908; x_wconf 76' lang='lat' dir='ltr'><strong>examinandis</strong></span> <span class='ocrx_word' id='word_1_165' title='bbox 1495 1853 1556 1910; x_wconf 89' lang='lat' dir='ltr'><strong>tuis</strong></span> <span class='ocrx_word' id='word_1_166' title='bbox 1592 1910 1598 1921; x_wconf 60' lang='grc'>,</span> 
     </span>
     <span class='ocr_line' id='line_1_18' title="bbox 207 1930 1474 2011; baseline 0.002 -19"><span class='ocrx_word' id='word_1_167' title='bbox 207 1933 395 2011; x_wconf 81' lang='lat' dir='ltr'><strong>analysibue,</strong></span> <span class='ocrx_word' id='word_1_168' title='bbox 418 1930 527 2011; x_wconf 89' lang='lat' dir='ltr'><strong>oppido</strong></span> <span class='ocrx_word' id='word_1_169' title='bbox 551 1949 639 2009; x_wconf 91' lang='lat' dir='ltr'><strong>quam</strong></span> <span class='ocrx_word' id='word_1_170' title='bbox 661 1931 811 1993; x_wconf 88' lang='lat' dir='ltr'><strong>dissolutis</strong></span> <span class='ocrx_word' id='word_1_171' title='bbox 835 1939 864 1990; x_wconf 89' lang='lat' dir='ltr'><strong>et</strong></span> <span class='ocrx_word' id='word_1_172' title='bbox 886 1932 1030 2005; x_wconf 88' lang='lat' dir='ltr'><strong>conluels,</strong></span> <span class='ocrx_word' id='word_1_173' title='bbox 1055 1932 1169 2007; x_wconf 83' lang='lat' dir='ltr'><strong>tdmpns</strong></span> <span class='ocrx_word' id='word_1_174' title='bbox 1193 1932 1314 2008; x_wconf 90' lang='lat' dir='ltr'><strong>aliquod</strong></span> <span class='ocrx_word' id='word_1_175' title='bbox 1336 1935 1474 2011; x_wconf 78' lang='lat' dir='ltr'><strong>perdidi?</strong></span> 
     </span>
    </p>

    <p class='ocr_par' dir='ltr' id='par_1_4' title="bbox 203 2018 1553 2795">
     <span class='ocr_line' id='line_1_19' title="bbox 294 2018 1551 2099; baseline 0.004 -20"><span class='ocrx_word' id='word_1_176' title='bbox 294 2019 352 2079; x_wconf 85' lang='lat' dir='ltr'><strong>Sed</strong></span> <span class='ocrx_word' id='word_1_177' title='bbox 381 2036 447 2080; x_wconf 87' lang='lat' dir='ltr'><strong>ecce</strong></span> <span class='ocrx_word' id='word_1_178' title='bbox 476 2037 590 2080; x_wconf 89' lang='lat' dir='ltr'><strong>rursum</strong></span> <span class='ocrx_word' id='word_1_179' title='bbox 619 2037 741 2081; x_wconf 84' lang='lat' dir='ltr'><strong>excusso</strong></span> <span class='ocrx_word' id='word_1_180' title='bbox 772 2033 875 2078; x_wconf 91' lang='lat' dir='ltr'><strong>somno</strong></span> <span class='ocrx_word' id='word_1_181' title='bbox 898 2018 935 2077; x_wconf 89' lang='lat' dir='ltr'><strong>ed</strong></span> <span class='ocrx_word' id='word_1_182' title='bbox 957 2018 1152 2093; x_wconf 88' lang='lat' dir='ltr'><strong>objectionem</strong></span> <span class='ocrx_word' id='word_1_183' title='bbox 1176 2018 1363 2096; x_wconf 73' lang='lat' dir='ltr'><strong>difficultatis</strong></span> <span class='ocrx_word' id='word_1_184' title='bbox 1390 2028 1551 2099; x_wconf 82' lang='lat' dir='ltr'><strong>reverteris,</strong></span> 
     </span>
     <span class='ocr_line' id='line_1_20' title="bbox 207 2105 1553 2183; baseline 0.004 -18"><span class='ocrx_word' id='word_1_185' title='bbox 207 2109 446 2183; x_wconf 82' lang='lat' dir='ltr'><strong>exprobrationes</strong></span> <span class='ocrx_word' id='word_1_186' title='bbox 468 2110 650 2183; x_wconf 86' lang='lat' dir='ltr'><strong>ignorantiae</strong></span> <span class='ocrx_word' id='word_1_187' title='bbox 671 2108 817 2167; x_wconf 86' lang='lat' dir='ltr'><strong>humanae</strong></span> <span class='ocrx_word' id='word_1_188' title='bbox 839 2123 875 2165; x_wconf 83' lang='lat' dir='ltr'><strong>ex</strong></span> <span class='ocrx_word' id='word_1_189' title='bbox 897 2105 985 2166; x_wconf 86' lang='lat' dir='ltr'><strong>Jobis</strong></span> <span class='ocrx_word' id='word_1_190' title='bbox 1009 2106 1060 2165; x_wconf 84' lang='lat'><strong>38.</strong></span> <span class='ocrx_word' id='word_1_191' title='bbox 1085 2108 1137 2167; x_wconf 84' lang='lat'><strong>39.</strong></span> <span class='ocrx_word' id='word_1_192' title='bbox 1160 2122 1223 2182; x_wconf 87' lang='lat' dir='ltr'><strong>cap.</strong></span> <span class='ocrx_word' id='word_1_193' title='bbox 1250 2106 1352 2169; x_wconf 90' lang='lat' dir='ltr'><strong>ultimo</strong></span> <span class='ocrx_word' id='word_1_194' title='bbox 1376 2119 1483 2171; x_wconf 86' lang='lat' dir='ltr'><strong>conatu</strong></span> <span class='ocrx_word' id='word_1_195' title='bbox 1505 2116 1553 2171; x_wconf 92' lang='lat' dir='ltr'><strong>in·</strong></span> 
     </span>
     <span class='ocr_line' id='line_1_21' title="bbox 205 2193 1552 2271; baseline 0.004 -18"><span class='ocrx_word' id='word_1_196' title='bbox 205 2197 345 2271; x_wconf 90' lang='lat' dir='ltr'><strong>geminae,</strong></span> <span class='ocrx_word' id='word_1_197' title='bbox 369 2212 424 2254; x_wconf 90' lang='lat' dir='ltr'><strong>nec</strong></span> <span class='ocrx_word' id='word_1_198' title='bbox 446 2196 665 2269; x_wconf 68' lang='lat' dir='ltr'><strong>animaduertis,</strong></span> <span class='ocrx_word' id='word_1_199' title='bbox 688 2196 745 2254; x_wconf 91' lang='lat' dir='ltr'><strong>hoo</strong></span> <span class='ocrx_word' id='word_1_200' title='bbox 767 2193 870 2254; x_wconf 90' lang='lat' dir='ltr'><strong>eodem</strong></span> <span class='ocrx_word' id='word_1_201' title='bbox 894 2195 1034 2253; x_wconf 91' lang='lat' dir='ltr'><strong>orationis</strong></span> <span class='ocrx_word' id='word_1_202' title='bbox 1057 2200 1124 2254; x_wconf 90' lang='lat' dir='ltr'><strong>tuae</strong></span> <span class='ocrx_word' id='word_1_203' title='bbox 1147 2201 1274 2254; x_wconf 90' lang='lat' dir='ltr'><strong>torrente</strong></span> <span class='ocrx_word' id='word_1_204' title='bbox 1296 2212 1412 2256; x_wconf 89' lang='lat' dir='ltr'><strong>omnem</strong></span> <span class='ocrx_word' id='word_1_205' title='bbox 1436 2199 1552 2259; x_wconf 84' lang='lat' dir='ltr'><strong>Aristo·</strong></span> 
     </span>
     <span class='ocr_line' id='line_1_22' title="bbox 205 2280 1552 2360; baseline 0.005 -20"><span class='ocrx_word' id='word_1_206' title='bbox 205 2281 272 2341; x_wconf 90' lang='lat' dir='ltr'><strong>telis</strong></span> <span class='ocrx_word' id='word_1_207' title='bbox 295 2282 524 2359; x_wconf 88' lang='lat' dir='ltr'><strong>disputationem</strong></span> <span class='ocrx_word' id='word_1_208' title='bbox 554 2283 590 2344; x_wconf 89' lang='lat' dir='ltr'><strong>de</strong></span> <span class='ocrx_word' id='word_1_209' title='bbox 620 2289 716 2359; x_wconf 91' lang='lat' dir='ltr'><strong>motu,</strong></span> <span class='ocrx_word' id='word_1_210' title='bbox 750 2282 786 2341; x_wconf 91' lang='lat' dir='ltr'><strong>de</strong></span> <span class='ocrx_word' id='word_1_211' title='bbox 817 2281 917 2354; x_wconf 88' lang='lat' dir='ltr'><strong>coelo,</strong></span> <span class='ocrx_word' id='word_1_212' title='bbox 951 2280 987 2341; x_wconf 90' lang='lat' dir='ltr'><strong>de</strong></span> <span class='ocrx_word' id='word_1_213' title='bbox 1014 2283 1201 2358; x_wconf 84' lang='lat' dir='ltr'><strong>generatione</strong></span> <span class='ocrx_word' id='word_1_214' title='bbox 1232 2289 1261 2341; x_wconf 88' lang='lat' dir='ltr'><strong>et</strong></span> <span class='ocrx_word' id='word_1_215' title='bbox 1284 2288 1482 2360; x_wconf 87' lang='lat' dir='ltr'><strong>corruptione,</strong></span> <span class='ocrx_word' id='word_1_216' title='bbox 1516 2287 1552 2348; x_wconf 89' lang='lat' dir='ltr'><strong>ds</strong></span> 
     </span>
     <span class='ocr_line' id='line_1_23' title="bbox 203 2360 1552 2450; baseline 0.005 -23"><span class='ocrx_word' id='word_1_217' title='bbox 203 2372 357 2443; x_wconf 83' lang='lat' dir='ltr'><strong>metensis,</strong></span> <span class='ocrx_word' id='word_1_218' title='bbox 390 2368 426 2430; x_wconf 89' lang='lat' dir='ltr'><strong>de</strong></span> <span class='ocrx_word' id='word_1_219' title='bbox 456 2374 568 2443; x_wconf 90' lang='lat' dir='ltr'><strong>anima,</strong></span> <span class='ocrx_word' id='word_1_220' title='bbox 602 2369 638 2430; x_wconf 91' lang='lat' dir='ltr'><strong>de</strong></span> <span class='ocrx_word' id='word_1_221' title='bbox 669 2370 793 2428; x_wconf 89' lang='lat' dir='ltr'><strong>historia</strong></span> <span class='ocrx_word' id='word_1_222' title='bbox 822 2360 1006 2441; x_wconf 83' lang='lat' dir='ltr'><strong>animalium,</strong></span> <span class='ocrx_word' id='word_1_223' title='bbox 1040 2386 1141 2429; x_wconf 89' lang='lat' dir='ltr'><strong>omnes</strong></span> <span class='ocrx_word' id='word_1_224' title='bbox 1174 2367 1342 2445; x_wconf 89' lang='lat' dir='ltr'><strong>Hermetes,</strong></span> <span class='ocrx_word' id='word_1_225' title='bbox 1378 2379 1429 2432; x_wconf 88' lang='lat' dir='ltr'><strong>tua</strong></span> <span class='ocrx_word' id='word_1_226' title='bbox 1460 2376 1552 2450; x_wconf 91' lang='lat' dir='ltr'><strong>ipsius</strong></span> 
     </span>
     <span class='ocr_line' id='line_1_24' title="bbox 205 2455 1552 2537; baseline 0.003 -20"><span class='ocrx_word' id='word_1_227' title='bbox 205 2480 390 2536; x_wconf 80' lang='grc' dir='ltr'><strong><em>καυχηματα,</em></strong></span> <span class='ocrx_word' id='word_1_228' title='bbox 423 2473 524 2520; x_wconf 84' lang='lat' dir='ltr'><strong>omnes</strong></span> <span class='ocrx_word' id='word_1_229' title='bbox 547 2458 686 2517; x_wconf 89' lang='lat' dir='ltr'><strong>Platones</strong></span> <span class='ocrx_word' id='word_1_230' title='bbox 716 2459 870 2533; x_wconf 90' lang='lat' dir='ltr'><strong>ipsumque</strong></span> <span class='ocrx_word' id='word_1_231' title='bbox 902 2455 976 2516; x_wconf 90' lang='lat' dir='ltr'><strong>adso</strong></span> <span class='ocrx_word' id='word_1_232' title='bbox 1007 2464 1088 2514; x_wconf 91' lang='lat' dir='ltr'><strong>tunm</strong></span> <span class='ocrx_word' id='word_1_233' title='bbox 1116 2465 1176 2516; x_wconf 85' lang='lat' dir='ltr'><strong>tam</strong></span> <span class='ocrx_word' id='word_1_234' title='bbox 1198 2456 1433 2519; x_wconf 90' lang='lat' dir='ltr'><strong>Macrocosmum</strong></span> <span class='ocrx_word' id='word_1_235' title='bbox 1464 2479 1552 2537; x_wconf 87' lang='lat' dir='ltr'><strong>qnam</strong></span> 
     </span>
     <span class='ocr_line' id='line_1_25' title="bbox 204 2543 1551 2626; baseline 0.004 -23"><span class='ocrx_word' id='word_1_236' title='bbox 204 2544 440 2617; x_wconf 86' lang='lat' dir='ltr'><strong>Microcoemum,</strong></span> <span class='ocrx_word' id='word_1_237' title='bbox 463 2552 524 2606; x_wconf 90' lang='lat' dir='ltr'><strong>tam</strong></span> <span class='ocrx_word' id='word_1_238' title='bbox 547 2552 680 2604; x_wconf 89' lang='lat' dir='ltr'><strong>naturam</strong></span> <span class='ocrx_word' id='word_1_239' title='bbox 703 2553 800 2618; x_wconf 91' lang='lat' dir='ltr'><strong>tuam,</strong></span> <span class='ocrx_word' id='word_1_240' title='bbox 831 2560 920 2621; x_wconf 88' lang='lat' dir='ltr'><strong>quam</strong></span> <span class='ocrx_word' id='word_1_241' title='bbox 942 2543 1117 2604; x_wconf 86' lang='lat' dir='ltr'><strong>insidentem</strong></span> <span class='ocrx_word' id='word_1_242' title='bbox 1138 2543 1180 2602; x_wconf 87' lang='lat' dir='ltr'><strong>illl</strong></span> <span class='ocrx_word' id='word_1_243' title='bbox 1205 2547 1335 2620; x_wconf 88' lang='lat' dir='ltr'><strong>simiam,</strong></span> <span class='ocrx_word' id='word_1_244' title='bbox 1359 2564 1418 2607; x_wconf 92' lang='lat' dir='ltr'><strong>uno</strong></span> <span class='ocrx_word' id='word_1_245' title='bbox 1441 2551 1551 2626; x_wconf 88' lang='lat' dir='ltr'><strong>impetu</strong></span> 
     </span>
     <span class='ocr_line' id='line_1_26' title="bbox 204 2628 1552 2710; baseline 0.004 -21"><span class='ocrx_word' id='word_1_246' title='bbox 204 2636 276 2709; x_wconf 88' lang='lat' dir='ltr'><strong>rapi,</strong></span> <span class='ocrx_word' id='word_1_247' title='bbox 300 2628 491 2709; x_wconf 59' lang='lat' dir='ltr'><strong>provolvi,</strong></span> <span class='ocrx_word' id='word_1_248' title='bbox 481 2652 513 2692; x_wconf 88' lang='grc' dir='ltr'><strong>ιιι</strong></span> <span class='ocrx_word' id='word_1_249' title='bbox 536 2634 674 2710; x_wconf 85' lang='lat' dir='ltr'><strong>abyssum</strong></span> <span class='ocrx_word' id='word_1_250' title='bbox 698 2632 835 2709; x_wconf 83' lang='lat' dir='ltr'><strong>demergi</strong></span> <span class='ocrx_word' id='word_1_251' title='bbox 880 2631 1046 2691; x_wconf 81' lang='lat' dir='ltr'><strong>Audiamus</strong></span> <span class='ocrx_word' id='word_1_252' title='bbox 1067 2633 1166 2709; x_wconf 89' lang='lat' dir='ltr'><strong>potius</strong></span> <span class='ocrx_word' id='word_1_253' title='bbox 1193 2634 1364 2710; x_wconf 88' lang='lat' dir='ltr'><strong>interpretes</strong></span> <span class='ocrx_word' id='word_1_254' title='bbox 1394 2634 1452 2695; x_wconf 84' lang='lat' dir='ltr'><strong>loci</strong></span> <span class='ocrx_word' id='word_1_255' title='bbox 1473 2637 1552 2696; x_wconf 89' lang='lat' dir='ltr'><strong>illius</strong></span> 
     </span>
     <span class='ocr_line' id='line_1_27' title="bbox 203 2718 502 2795; baseline 0.003 -18"><span class='ocrx_word' id='word_1_256' title='bbox 203 2718 327 2795; x_wconf 86' lang='lat' dir='ltr'><strong>legitimi</strong></span> <span class='ocrx_word' id='word_1_257' title='bbox 351 2727 380 2778; x_wconf 92' lang='lat' dir='ltr'><strong>et</strong></span> <span class='ocrx_word' id='word_1_258' title='bbox 402 2720 502 2780; x_wconf 91' lang='lat' dir='ltr'><strong>sobrii</strong></span> 
     </span>
    </p>

    <p class='ocr_par' dir='ltr' id='par_1_5' title="bbox 202 2794 1550 3759">
     <span class='ocr_line' id='line_1_28' title="bbox 291 2794 1550 2887; baseline 0.005 -22"><span class='ocrx_word' id='word_1_259' title='bbox 291 2807 357 2865; x_wconf 88' lang='lat' dir='ltr'><strong>Non</strong></span> <span class='ocrx_word' id='word_1_260' title='bbox 386 2824 422 2866; x_wconf 76' lang='lat' dir='ltr'><strong>ea</strong></span> <span class='ocrx_word' id='word_1_261' title='bbox 448 2811 521 2868; x_wconf 66' lang='lat' dir='ltr'><strong>mna</strong></span> <span class='ocrx_word' id='word_1_262' title='bbox 543 2808 629 2866; x_wconf 79' lang='lat' dir='ltr'><strong>lineis</strong></span> <span class='ocrx_word' id='word_1_263' title='bbox 652 2809 880 2883; x_wconf 78' lang='lat' dir='ltr'><strong>quantitativie,</strong></span> <span class='ocrx_word' id='word_1_264' title='bbox 913 2805 1059 2878; x_wconf 89' lang='lat' dir='ltr'><strong>Roberte,</strong></span> <span class='ocrx_word' id='word_1_265' title='bbox 1092 2805 1144 2865; x_wconf 92' lang='lat' dir='ltr'><strong>sed</strong></span> <span class='ocrx_word' id='word_1_266' title='bbox 1176 2823 1211 2864; x_wconf 83' lang='lat' dir='ltr'><strong>ex</strong></span> <span class='ocrx_word' id='word_1_267' title='bbox 1233 2803 1358 2887; x_wconf 70' lang='lat' dir='ltr'><strong>{aeterno</strong></span> <span class='ocrx_word' id='word_1_268' title='bbox 1388 2794 1550 2885; x_wconf 78' lang='lat' dir='ltr'><strong>sapientiae</strong></span> 
     </span>
     <span class='ocr_line' id='line_1_29' title="bbox 208 2893 1550 2971; baseline 0.004 -18"><span class='ocrx_word' id='word_1_269' title='bbox 208 2911 286 2971; x_wconf 88' lang='lat' dir='ltr'><strong>penu</strong></span> <span class='ocrx_word' id='word_1_270' title='bbox 310 2893 462 2970; x_wconf 83' lang='lat' dir='ltr'><strong>depromta</strong></span> <span class='ocrx_word' id='word_1_271' title='bbox 483 2902 551 2955; x_wconf 88' lang='grc' dir='ltr'>ιιιιιι</span> <span class='ocrx_word' id='word_1_272' title='bbox 574 2896 625 2954; x_wconf 89' lang='lat' dir='ltr'><strong>illa</strong></span> <span class='ocrx_word' id='word_1_273' title='bbox 649 2896 667 2954; x_wconf 86' lang='lat' dir='ltr'><strong>b</strong></span> <span class='ocrx_word' id='word_1_274' title='bbox 691 2911 826 2971; x_wconf 85' lang='lat' dir='ltr'><strong>corpora,</strong></span> <span class='ocrx_word' id='word_1_275' title='bbox 860 2894 966 2970; x_wconf 92' lang='lat' dir='ltr'><strong>quibus</strong></span> <span class='ocrx_word' id='word_1_276' title='bbox 995 2893 1142 2951; x_wconf 89' lang='lat' dir='ltr'><strong>coelorum</strong></span> <span class='ocrx_word' id='word_1_277' title='bbox 1166 2893 1233 2953; x_wconf 89' lang='lat' dir='ltr'><strong>idea</strong></span> <span class='ocrx_word' id='word_1_278' title='bbox 1254 2901 1386 2970; x_wconf 86' lang='lat' dir='ltr'><strong>constat,</strong></span> <span class='ocrx_word' id='word_1_279' title='bbox 1414 2913 1468 2956; x_wconf 87' lang='lat' dir='ltr'><strong>nec</strong></span> <span class='ocrx_word' id='word_1_280' title='bbox 1496 2915 1550 2958; x_wconf 89' lang='lat' dir='ltr'><strong>ne-</strong></span> 
     </span>
     <span class='ocr_line' id='line_1_30' title="bbox 206 2979 1550 3061; baseline 0.001 -21"><span class='ocrx_word' id='word_1_281' title='bbox 206 2983 300 3059; x_wconf 87' lang='lat' dir='ltr'><strong>gabis,</strong></span> <span class='ocrx_word' id='word_1_282' title='bbox 325 2990 458 3042; x_wconf 81' lang='lat' dir='ltr'><strong>aeternae</strong></span> <span class='ocrx_word' id='word_1_283' title='bbox 481 3001 545 3044; x_wconf 88' lang='lat' dir='ltr'><strong>cese</strong></span> <span class='ocrx_word' id='word_1_284' title='bbox 568 2984 695 3042; x_wconf 87' lang='lat' dir='ltr'><strong>rationes</strong></span> <span class='ocrx_word' id='word_1_285' title='bbox 718 2983 944 3058; x_wconf 61' lang='lat' dir='ltr'><strong>geometricam·</strong></span> <span class='ocrx_word' id='word_1_286' title='bbox 948 2983 1042 3055; x_wconf 91' lang='lat' dir='ltr'><strong>ipsum</strong></span> <span class='ocrx_word' id='word_1_287' title='bbox 1064 2979 1177 3038; x_wconf 84' lang='lat' dir='ltr'><strong>scilicet</strong></span> <span class='ocrx_word' id='word_1_288' title='bbox 1200 2982 1290 3061; x_wconf 70' lang='grc' dir='ltr'><em>λογον,</em></span> <span class='ocrx_word' id='word_1_289' title='bbox 1314 2982 1397 3058; x_wconf 77' lang='lat' dir='ltr'><strong>eujus</strong></span> <span class='ocrx_word' id='word_1_290' title='bbox 1421 2985 1550 3060; x_wconf 87' lang='lat' dir='ltr'><strong>imagini,</strong></span> 
     </span>
     <span class='ocr_line' id='line_1_31' title="bbox 204 3067 1549 3146; baseline 0.002 -19"><span class='ocrx_word' id='word_1_291' title='bbox 204 3077 238 3127; x_wconf 91' lang='lat' dir='ltr'><strong>ut</strong></span> <span class='ocrx_word' id='word_1_292' title='bbox 260 3087 348 3146; x_wconf 79' lang='lat' dir='ltr'><strong>saepe</strong></span> <span class='ocrx_word' id='word_1_293' title='bbox 372 3069 496 3142; x_wconf 88' lang='lat' dir='ltr'><strong>dictum,</strong></span> <span class='ocrx_word' id='word_1_294' title='bbox 526 3086 580 3129; x_wconf 92' lang='lat' dir='ltr'><strong>noe</strong></span> <span class='ocrx_word' id='word_1_295' title='bbox 603 3070 735 3129; x_wconf 85' lang='lat' dir='ltr'><strong>homines</strong></span> <span class='ocrx_word' id='word_1_296' title='bbox 758 3086 873 3128; x_wconf 89' lang='lat' dir='ltr'><strong>omnem</strong></span> <span class='ocrx_word' id='word_1_297' title='bbox 903 3078 1031 3126; x_wconf 87' lang='lat' dir='ltr'><strong>nostram</strong></span> <span class='ocrx_word' id='word_1_298' title='bbox 1054 3068 1142 3125; x_wconf 88' lang='lat' dir='ltr'><strong>animi</strong></span> <span class='ocrx_word' id='word_1_299' title='bbox 1165 3067 1327 3129; x_wconf 88' lang='lat' dir='ltr'><strong>naturalem</strong></span> <span class='ocrx_word' id='word_1_300' title='bbox 1356 3070 1549 3146; x_wconf 88' lang='lat' dir='ltr'><strong>aptitudinem</strong></span> 
     </span>
     <span class='ocr_line' id='line_1_32' title="bbox 204 3156 1549 3235; baseline 0.002 -20"><span class='ocrx_word' id='word_1_301' title='bbox 204 3156 243 3215; x_wconf 90' lang='lat' dir='ltr'><strong>ad</strong></span> <span class='ocrx_word' id='word_1_302' title='bbox 268 3157 455 3232; x_wconf 89' lang='lat' dir='ltr'><strong>percipienda</strong></span> <span class='ocrx_word' id='word_1_303' title='bbox 478 3160 663 3235; x_wconf 89' lang='lat' dir='ltr'><strong>geometrica,</strong></span> <span class='ocrx_word' id='word_1_304' title='bbox 687 3173 788 3216; x_wconf 92' lang='lat' dir='ltr'><strong>omnes</strong></span> <span class='ocrx_word' id='word_1_305' title='bbox 809 3158 929 3216; x_wconf 91' lang='lat' dir='ltr'><strong>notitias</strong></span> <span class='ocrx_word' id='word_1_306' title='bbox 952 3162 1120 3214; x_wconf 82' lang='lat' dir='ltr'><strong>concreatae</strong></span> <span class='ocrx_word' id='word_1_307' title='bbox 1143 3163 1280 3233; x_wconf 85' lang='lat' dir='ltr'><strong>acceptae</strong></span> <span class='ocrx_word' id='word_1_308' title='bbox 1302 3159 1406 3216; x_wconf 88' lang='lat' dir='ltr'><strong>merito</strong></span> <span class='ocrx_word' id='word_1_309' title='bbox 1421 3160 1549 3219; x_wconf 86' lang='lat' dir='ltr'><strong>ierimus.</strong></span> 
     </span>
     <span class='ocr_line' id='line_1_33' title="bbox 205 3241 1548 3322; baseline 0.003 -20"><span class='ocrx_word' id='word_1_310' title='bbox 205 3243 272 3303; x_wconf 90' lang='lat' dir='ltr'><strong>Non</strong></span> <span class='ocrx_word' id='word_1_311' title='bbox 297 3246 384 3322; x_wconf 87' lang='lat' dir='ltr'><strong>igitur</strong></span> <span class='ocrx_word' id='word_1_312' title='bbox 407 3245 472 3305; x_wconf 90' lang='lat' dir='ltr'><strong>ideo</strong></span> <span class='ocrx_word' id='word_1_313' title='bbox 495 3245 603 3317; x_wconf 76' lang='lat' dir='ltr'><strong>debilia</strong></span> <span class='ocrx_word' id='word_1_314' title='bbox 626 3254 711 3317; x_wconf 91' lang='lat' dir='ltr'><strong>sunt,</strong></span> <span class='ocrx_word' id='word_1_315' title='bbox 734 3251 786 3302; x_wconf 89' lang='lat' dir='ltr'><strong>aut</strong></span> <span class='ocrx_word' id='word_1_316' title='bbox 805 3244 876 3321; x_wconf 76' lang='lat' dir='ltr'><strong>{icta</strong></span> <span class='ocrx_word' id='word_1_317' title='bbox 897 3241 1085 3302; x_wconf 76' lang='lat' dir='ltr'><strong>laniamenta</strong></span> <span class='ocrx_word' id='word_1_318' title='bbox 1111 3242 1340 3318; x_wconf 88' lang='lat' dir='ltr'><strong>disputationum</strong></span> <span class='ocrx_word' id='word_1_319' title='bbox 1362 3248 1548 3321; x_wconf 81' lang='lat' dir='ltr'><strong>geometriae,</strong></span> 
     </span>
     <span class='ocr_line' id='line_1_34' title="bbox 204 3330 1549 3408; baseline 0.003 -19"><span class='ocrx_word' id='word_1_320' title='bbox 204 3333 277 3407; x_wconf 91' lang='lat' dir='ltr'><strong>quia</strong></span> <span class='ocrx_word' id='word_1_321' title='bbox 299 3334 327 3388; x_wconf 92' lang='lat' dir='ltr'><strong>in</strong></span> <span class='ocrx_word' id='word_1_322' title='bbox 350 3342 448 3393; x_wconf 91' lang='lat' dir='ltr'><strong>mente</strong></span> <span class='ocrx_word' id='word_1_323' title='bbox 469 3332 610 3406; x_wconf 88' lang='lat' dir='ltr'><strong>hominis,</strong></span> <span class='ocrx_word' id='word_1_324' title='bbox 633 3330 685 3392; x_wconf 91' lang='lat' dir='ltr'><strong>sed</strong></span> <span class='ocrx_word' id='word_1_325' title='bbox 708 3331 804 3403; x_wconf 84' lang='lat' dir='ltr'><strong>firma,</strong></span> <span class='ocrx_word' id='word_1_326' title='bbox 828 3333 898 3408; x_wconf 89' lang='lat' dir='ltr'><strong>quia</strong></span> <span class='ocrx_word' id='word_1_327' title='bbox 921 3348 956 3390; x_wconf 83' lang='lat' dir='ltr'><strong>ex</strong></span> <span class='ocrx_word' id='word_1_328' title='bbox 979 3331 1114 3405; x_wconf 73' lang='lat' dir='ltr'><strong>imaginis</strong></span> <span class='ocrx_word' id='word_1_329' title='bbox 1137 3331 1192 3389; x_wconf 87' lang='lat' dir='ltr'><strong>Dei</strong></span> <span class='ocrx_word' id='word_1_330' title='bbox 1215 3332 1438 3407; x_wconf 85' lang='lat' dir='ltr'><strong>participatione</strong></span> <span class='ocrx_word' id='word_1_331' title='bbox 1461 3341 1549 3393; x_wconf 88' lang='lat' dir='ltr'><strong>netu·</strong></span> 
     </span>
     <span class='ocr_line' id='line_1_35' title="bbox 204 3417 1547 3496; baseline 0.002 -20"><span class='ocrx_word' id='word_1_332' title='bbox 204 3419 261 3477; x_wconf 87' lang='lat' dir='ltr'><strong>reli</strong></span> <span class='ocrx_word' id='word_1_333' title='bbox 284 3417 462 3496; x_wconf 73' lang='lat' dir='ltr'><strong>dependent,</strong></span> <span class='ocrx_word' id='word_1_334' title='bbox 493 3437 547 3480; x_wconf 88' lang='lat' dir='ltr'><strong>nec</strong></span> <span class='ocrx_word' id='word_1_335' title='bbox 569 3422 594 3478; x_wconf 91' lang='lat' dir='ltr'><strong>si</strong></span> <span class='ocrx_word' id='word_1_336' title='bbox 615 3418 704 3478; x_wconf 90' lang='lat' dir='ltr'><strong>homo</strong></span> <span class='ocrx_word' id='word_1_337' title='bbox 727 3421 917 3477; x_wconf 86' lang='lat' dir='ltr'><strong>ratiocinatur</strong></span> <span class='ocrx_word' id='word_1_338' title='bbox 943 3435 978 3476; x_wconf 83' lang='lat' dir='ltr'><strong>ex</strong></span> <span class='ocrx_word' id='word_1_339' title='bbox 1007 3418 1116 3481; x_wconf 87' lang='lat' dir='ltr'><strong>lumine</strong></span> <span class='ocrx_word' id='word_1_340' title='bbox 1139 3425 1274 3492; x_wconf 88' lang='lat' dir='ltr'><strong>naturae,</strong></span> <span class='ocrx_word' id='word_1_341' title='bbox 1305 3419 1376 3495; x_wconf 90' lang='lat' dir='ltr'><strong>quid</strong></span> <span class='ocrx_word' id='word_1_342' title='bbox 1401 3420 1547 3480; x_wconf 86' lang='lat' dir='ltr'><strong>coelorum</strong></span> 
     </span>
     <span class='ocr_line' id='line_1_36' title="bbox 202 3500 1545 3585; baseline 0.001 -20"><span class='ocrx_word' id='word_1_343' title='bbox 202 3505 336 3566; x_wconf 87' lang='lat' dir='ltr'><strong>aedificio</strong></span> <span class='ocrx_word' id='word_1_344' title='bbox 359 3500 530 3581; x_wconf 83' lang='lat' dir='ltr'><strong>conveniat,</strong></span> <span class='ocrx_word' id='word_1_345' title='bbox 560 3516 714 3585; x_wconf 85' lang='lat' dir='ltr'><strong>propterea</strong></span> <span class='ocrx_word' id='word_1_346' title='bbox 737 3505 884 3566; x_wconf 89' lang='lat' dir='ltr'><strong>coelorum</strong></span> <span class='ocrx_word' id='word_1_347' title='bbox 906 3504 1081 3564; x_wconf 88' lang='lat' dir='ltr'><strong>architectus</strong></span> <span class='ocrx_word' id='word_1_348' title='bbox 1105 3504 1247 3564; x_wconf 89' lang='lat' dir='ltr'><strong>humanae</strong></span> <span class='ocrx_word' id='word_1_349' title='bbox 1276 3509 1394 3583; x_wconf 90' lang='lat' dir='ltr'><strong>respicit</strong></span> <span class='ocrx_word' id='word_1_350' title='bbox 1419 3509 1545 3585; x_wconf 86' lang='lat' dir='ltr'><strong>regulae,</strong></span> 
     </span>
     <span class='ocr_line' id='line_1_37' title="bbox 203 3591 1547 3672; baseline 0.002 -20"><span class='ocrx_word' id='word_1_351' title='bbox 203 3592 255 3653; x_wconf 87' lang='lat' dir='ltr'><strong>esd</strong></span> <span class='ocrx_word' id='word_1_352' title='bbox 279 3595 349 3669; x_wconf 87' lang='lat' dir='ltr'><strong>quia</strong></span> <span class='ocrx_word' id='word_1_353' title='bbox 370 3594 445 3656; x_wconf 89' lang='lat' dir='ltr'><strong>tales</strong></span> <span class='ocrx_word' id='word_1_354' title='bbox 474 3597 539 3671; x_wconf 89' lang='lat' dir='ltr'><strong>ipse</strong></span> <span class='ocrx_word' id='word_1_355' title='bbox 560 3594 676 3670; x_wconf 87' lang='lat' dir='ltr'><strong>regulas</strong></span> <span class='ocrx_word' id='word_1_356' title='bbox 708 3612 743 3655; x_wconf 86' lang='lat' dir='ltr'><strong>ex</strong></span> <span class='ocrx_word' id='word_1_357' title='bbox 772 3611 803 3653; x_wconf 91' lang='lat' dir='ltr'><strong>ee</strong></span> <span class='ocrx_word' id='word_1_358' title='bbox 825 3597 890 3670; x_wconf 88' lang='lat' dir='ltr'><strong>ipso</strong></span> <span class='ocrx_word' id='word_1_359' title='bbox 918 3592 1059 3652; x_wconf 90' lang='lat' dir='ltr'><strong>desumeit</strong></span> <span class='ocrx_word' id='word_1_360' title='bbox 1086 3591 1216 3651; x_wconf 88' lang='lat' dir='ltr'><strong>struendi</strong></span> <span class='ocrx_word' id='word_1_361' title='bbox 1240 3592 1364 3670; x_wconf 79' lang='lat' dir='ltr'><strong>mundi,</strong></span> <span class='ocrx_word' id='word_1_362' title='bbox 1390 3603 1547 3672; x_wconf 87' lang='lat' dir='ltr'><strong>propterea</strong></span> 
     </span>
     <span class='ocr_line' id='line_1_38' title="bbox 205 3681 1340 3759; baseline 0.001 -21"><span class='ocrx_word' id='word_1_363' title='bbox 205 3682 305 3759; x_wconf 86' lang='lat' dir='ltr'><strong>imago</strong></span> <span class='ocrx_word' id='word_1_364' title='bbox 330 3684 422 3759; x_wconf 90' lang='lat' dir='ltr'><strong>ipsius</strong></span> <span class='ocrx_word' id='word_1_365' title='bbox 444 3681 644 3742; x_wconf 89' lang='lat' dir='ltr'><strong>ratiocinando</strong></span> <span class='ocrx_word' id='word_1_366' title='bbox 666 3698 725 3739; x_wconf 93' lang='lat' dir='ltr'><strong>non</strong></span> <span class='ocrx_word' id='word_1_367' title='bbox 748 3682 822 3757; x_wconf 80' lang='lat' dir='ltr'><strong>aliae</strong></span> <span class='ocrx_word' id='word_1_368' title='bbox 844 3682 965 3739; x_wconf 80' lang='lat' dir='ltr'><strong>invenit</strong></span> <span class='ocrx_word' id='word_1_369' title='bbox 1331 3702 1340 3719; x_wconf 91' lang='lat'><strong>·</strong></span> 
     </span>
    </p>

    <p class='ocr_par' dir='ltr' id='par_1_6' title="bbox 291 3765 1545 3847">
     <span class='ocr_line' id='line_1_39' title="bbox 291 3765 1545 3847; baseline -0.001 -19"><span class='ocrx_word' id='word_1_370' title='bbox 291 3768 342 3829; x_wconf 79' lang='lat' dir='ltr'><strong>nd</strong></span> <span class='ocrx_word' id='word_1_371' title='bbox 373 3771 592 3830; x_wconf 89' lang='lat' dir='ltr'><strong>testimonia</strong></span> <span class='ocrx_word' id='word_1_372' title='bbox 620 3786 682 3847; x_wconf 92' lang='lat' dir='ltr'><strong>pro</strong></span> <span class='ocrx_word' id='word_1_373' title='bbox 710 3769 913 3829; x_wconf 88' lang='lat' dir='ltr'><strong>harmoniis</strong></span> <span class='ocrx_word' id='word_1_374' title='bbox 936 3767 1090 3827; x_wconf 88' lang='lat' dir='ltr'><strong>Roberti</strong></span> <span class='ocrx_word' id='word_1_375' title='bbox 1119 3765 1160 3825; x_wconf 91' lang='lat' dir='ltr'><strong>de</strong></span> <span class='ocrx_word' id='word_1_376' title='bbox 1182 3766 1383 3841; x_wconf 78' lang='lat' dir='ltr'><strong>Fluctibus.</strong></span> <span class='ocrx_word' id='word_1_377' title='bbox 1428 3768 1492 3827; x_wconf 82' lang='lat' dir='ltr'><strong>Etsi</strong></span> <span class='ocrx_word' id='word_1_378' title='bbox 1516 3771 1545 3827; x_wconf 88' lang='lat' dir='ltr'><strong>in</strong></span> 
     </span>
    </p>
   </div>
   <div class='ocr_carea' id='block_1_3' title="bbox 203 3853 1647 3936">
    <p class='ocr_par' dir='ltr' id='par_1_7' title="bbox 203 3853 1647 3936">
     <span class='ocr_line' id='line_1_40' title="bbox 203 3853 1647 3936; baseline 0.001 -22"><span class='ocrx_word' id='word_1_379' title='bbox 203 3855 258 3914; x_wconf 87' lang='lat' dir='ltr'><strong>hac</strong></span> <span class='ocrx_word' id='word_1_380' title='bbox 280 3867 427 3934; x_wconf 88' lang='lat' dir='ltr'><strong>postrema</strong></span> <span class='ocrx_word' id='word_1_381' title='bbox 457 3858 630 3936; x_wconf 90' lang='lat' dir='ltr'><strong>repetitione</strong></span> <span class='ocrx_word' id='word_1_382' title='bbox 658 3855 864 3933; x_wconf 89' lang='lat' dir='ltr'><strong>philosophiae</strong></span> <span class='ocrx_word' id='word_1_383' title='bbox 887 3862 973 3929; x_wconf 89' lang='lat' dir='ltr'><strong>tuae,</strong></span> <span class='ocrx_word' id='word_1_384' title='bbox 1006 3872 1093 3930; x_wconf 84' lang='lat' dir='ltr'><strong>quam</strong></span> <span class='ocrx_word' id='word_1_385' title='bbox 1121 3861 1153 3912; x_wconf 92' lang='lat' dir='ltr'><strong>tu</strong></span> <span class='ocrx_word' id='word_1_386' title='bbox 1175 3853 1270 3931; x_wconf 91' lang='lat' dir='ltr'><strong>plenis</strong></span> <span class='ocrx_word' id='word_1_387' title='bbox 1300 3872 1409 3916; x_wconf 83' lang='lat' dir='ltr'><strong>novem</strong></span> <span class='ocrx_word' id='word_1_388' title='bbox 1431 3857 1546 3934; x_wconf 87' lang='lat' dir='ltr'><strong>paginis</strong></span> <span class='ocrx_word' id='word_1_389' title='bbox 1645 3888 1647 3893; x_wconf 95' lang='lat'>·</span> 
     </span>
    </p>
   </div>
   <div class='ocr_carea' id='block_1_4' title="bbox 199 3941 1548 4985">
    <p class='ocr_par' dir='ltr' id='par_1_8' title="bbox 199 3941 1548 4985">
     <span class='ocr_line' id='line_1_41' title="bbox 203 3941 1546 4023; baseline 0.004 -24"><span class='ocrx_word' id='word_1_390' title='bbox 203 3942 299 4018; x_wconf 84' lang='lat' dir='ltr'><strong>intere,</strong></span> <span class='ocrx_word' id='word_1_391' title='bbox 323 3945 388 4023; x_wconf 91' lang='lat' dir='ltr'><strong>plns</strong></span> <span class='ocrx_word' id='word_1_392' title='bbox 414 3945 510 4005; x_wconf 84' lang='lat' dir='ltr'><strong>decies</strong></span> <span class='ocrx_word' id='word_1_393' title='bbox 531 3946 640 4003; x_wconf 87' lang='lat' dir='ltr'><strong>ineerta</strong></span> <span class='ocrx_word' id='word_1_394' title='bbox 662 3946 779 4004; x_wconf 84' lang='lat' dir='ltr'><strong>invenio</strong></span> <span class='ocrx_word' id='word_1_395' title='bbox 801 3944 850 4003; x_wconf 86' lang='lat' dir='ltr'><strong>vel</strong></span> <span class='ocrx_word' id='word_1_396' title='bbox 866 3960 971 4003; x_wconf 91' lang='lat' dir='ltr'><strong>nomen</strong></span> <span class='ocrx_word' id='word_1_397' title='bbox 987 3941 1034 4001; x_wconf 83' lang='lat' dir='ltr'><strong>vel</strong></span> <span class='ocrx_word' id='word_1_398' title='bbox 1050 3943 1257 4015; x_wconf 88' lang='lat' dir='ltr'><strong>criminamea,</strong></span> <span class='ocrx_word' id='word_1_399' title='bbox 1280 3942 1311 4001; x_wconf 90' lang='lat' dir='ltr'><strong>id</strong></span> <span class='ocrx_word' id='word_1_400' title='bbox 1326 3951 1424 4003; x_wconf 88' lang='grc' dir='ltr'>ιιιιιιιι</span> <span class='ocrx_word' id='word_1_401' title='bbox 1441 3960 1546 4004; x_wconf 89' lang='lat' dir='ltr'><strong>caueae</strong></span> 
     </span>
     <span class='ocr_line' id='line_1_42' title="bbox 203 4028 1546 4111; baseline 0.003 -24"><span class='ocrx_word' id='word_1_402' title='bbox 203 4047 262 4088; x_wconf 90' lang='lat' dir='ltr'><strong>non</strong></span> <span class='ocrx_word' id='word_1_403' title='bbox 285 4034 387 4110; x_wconf 85' lang='lat' dir='ltr'><strong>putavi</strong></span> <span class='ocrx_word' id='word_1_404' title='bbox 414 4035 486 4091; x_wconf 87' lang='lat' dir='ltr'><strong>satie</strong></span> <span class='ocrx_word' id='word_1_405' title='bbox 509 4049 585 4111; x_wconf 86' lang='lat' dir='ltr'><strong>esse,</strong></span> <span class='ocrx_word' id='word_1_406' title='bbox 609 4048 659 4091; x_wconf 89' lang='lat' dir='ltr'><strong>cur</strong></span> <span class='ocrx_word' id='word_1_407' title='bbox 680 4031 820 4108; x_wconf 85' lang='lat' dir='ltr'><strong>prolixior</strong></span> <span class='ocrx_word' id='word_1_408' title='bbox 842 4048 935 4090; x_wconf 89' lang='lat' dir='ltr'><strong>essem</strong></span> <span class='ocrx_word' id='word_1_409' title='bbox 958 4032 990 4088; x_wconf 91' lang='lat' dir='ltr'><strong>in</strong></span> <span class='ocrx_word' id='word_1_410' title='bbox 1004 4028 1055 4088; x_wconf 91' lang='lat' dir='ltr'><strong>illa</strong></span> <span class='ocrx_word' id='word_1_411' title='bbox 1079 4030 1282 4089; x_wconf 78' lang='lat' dir='ltr'><strong>examinanda</strong></span> <span class='ocrx_word' id='word_1_412' title='bbox 1326 4030 1377 4091; x_wconf 85' lang='lat' dir='ltr'><strong>Sic</strong></span> <span class='ocrx_word' id='word_1_413' title='bbox 1391 4033 1467 4090; x_wconf 89' lang='lat' dir='ltr'><strong>enim</strong></span> <span class='ocrx_word' id='word_1_414' title='bbox 1483 4033 1546 4091; x_wconf 77' lang='lat' dir='ltr'><strong>exi·</strong></span> 
     </span>
     <span class='ocr_line' id='line_1_43' title="bbox 202 4116 1547 4198; baseline 0.001 -22"><span class='ocrx_word' id='word_1_415' title='bbox 202 4119 307 4192; x_wconf 90' lang='lat' dir='ltr'><strong>stimo,</strong></span> <span class='ocrx_word' id='word_1_416' title='bbox 331 4121 380 4179; x_wconf 85' lang='lat' dir='ltr'><strong>vix</strong></span> <span class='ocrx_word' id='word_1_417' title='bbox 404 4137 580 4196; x_wconf 84' lang='lat' dir='ltr'><strong>quemquam</strong></span> <span class='ocrx_word' id='word_1_418' title='bbox 603 4119 760 4192; x_wconf 89' lang='lat' dir='ltr'><strong>lectorum,</strong></span> <span class='ocrx_word' id='word_1_419' title='bbox 783 4121 847 4178; x_wconf 85' lang='lat' dir='ltr'><strong>sire</strong></span> <span class='ocrx_word' id='word_1_420' title='bbox 870 4118 1091 4177; x_wconf 89' lang='lat' dir='ltr'><strong>mathematicus</strong></span> <span class='ocrx_word' id='word_1_421' title='bbox 1113 4117 1163 4175; x_wconf 91' lang='lat' dir='ltr'><strong>ilie</strong></span> <span class='ocrx_word' id='word_1_422' title='bbox 1186 4119 1238 4191; x_wconf 90' lang='lat' dir='ltr'><strong>sit,</strong></span> <span class='ocrx_word' id='word_1_423' title='bbox 1264 4118 1329 4176; x_wconf 88' lang='lat' dir='ltr'><strong>sive</strong></span> <span class='ocrx_word' id='word_1_424' title='bbox 1350 4116 1547 4198; x_wconf 87' lang='lat' dir='ltr'><strong>Hermeticus,</strong></span> 
     </span>
     <span class='ocr_line' id='line_1_44' title="bbox 200 4204 1548 4291; baseline 0.001 -27"><span class='ocrx_word' id='word_1_425' title='bbox 200 4204 424 4291; x_wconf 88' lang='lat' dir='ltr'><strong>perduraturum</strong></span> <span class='ocrx_word' id='word_1_426' title='bbox 453 4209 483 4264; x_wconf 92' lang='lat' dir='ltr'><strong>ln</strong></span> <span class='ocrx_word' id='word_1_427' title='bbox 505 4207 561 4266; x_wconf 90' lang='lat' dir='ltr'><strong>hac</strong></span> <span class='ocrx_word' id='word_1_428' title='bbox 582 4205 707 4265; x_wconf 83' lang='lat' dir='ltr'><strong>lectione</strong></span> <span class='ocrx_word' id='word_1_429' title='bbox 738 4223 832 4282; x_wconf 92' lang='lat' dir='ltr'><strong>usque</strong></span> <span class='ocrx_word' id='word_1_430' title='bbox 860 4205 898 4265; x_wconf 91' lang='lat' dir='ltr'><strong>ad</strong></span> <span class='ocrx_word' id='word_1_431' title='bbox 921 4205 1021 4279; x_wconf 85' lang='lat' dir='ltr'><strong>finem,</strong></span> <span class='ocrx_word' id='word_1_432' title='bbox 1053 4206 1153 4280; x_wconf 87' lang='lat' dir='ltr'><strong>itaque</strong></span> <span class='ocrx_word' id='word_1_433' title='bbox 1183 4221 1288 4264; x_wconf 88' lang='lat' dir='ltr'><strong>noman</strong></span> <span class='ocrx_word' id='word_1_434' title='bbox 1311 4223 1408 4265; x_wconf 89' lang='lat' dir='ltr'><strong>meum</strong></span> <span class='ocrx_word' id='word_1_435' title='bbox 1439 4209 1467 4264; x_wconf 89' lang='lat' dir='ltr'><strong>in</strong></span> <span class='ocrx_word' id='word_1_436' title='bbox 1490 4205 1548 4265; x_wconf 88' lang='lat' dir='ltr'><strong>hoe</strong></span> 
     </span>
     <span class='ocr_line' id='line_1_45' title="bbox 203 4291 1548 4369; baseline 0.001 -18"><span class='ocrx_word' id='word_1_437' title='bbox 203 4291 279 4353; x_wconf 89' lang='lat' dir='ltr'><strong>chao</strong></span> <span class='ocrx_word' id='word_1_438' title='bbox 302 4292 388 4354; x_wconf 82' lang='lat' dir='ltr'><strong>facile</strong></span> <span class='ocrx_word' id='word_1_439' title='bbox 410 4293 611 4367; x_wconf 78' lang='lat' dir='ltr'><strong>latitaturnmJ</strong></span> <span class='ocrx_word' id='word_1_440' title='bbox 635 4293 741 4369; x_wconf 90' lang='lat' dir='ltr'><strong>quodsi</strong></span> <span class='ocrx_word' id='word_1_441' title='bbox 764 4295 851 4353; x_wconf 88' lang='lat' dir='ltr'><strong>etiam</strong></span> <span class='ocrx_word' id='word_1_442' title='bbox 874 4293 1048 4364; x_wconf 87' lang='lat' dir='ltr'><strong>inveniatur,</strong></span> <span class='ocrx_word' id='word_1_443' title='bbox 1072 4293 1170 4350; x_wconf 81' lang='lat' dir='ltr'><strong>storria</strong></span> <span class='ocrx_word' id='word_1_444' title='bbox 1191 4299 1289 4351; x_wconf 88' lang='grc' dir='ltr'>ιιιιιιιι</span> <span class='ocrx_word' id='word_1_445' title='bbox 1313 4293 1431 4368; x_wconf 86' lang='lat' dir='ltr'><strong>obJ&#39;ecta</strong></span> <span class='ocrx_word' id='word_1_446' title='bbox 1454 4292 1548 4353; x_wconf 88' lang='lat' dir='ltr'><strong>diluta</strong></span> 
     </span>
     <span class='ocr_line' id='line_1_46' title="bbox 200 4377 1547 4458; baseline 0.001 -19"><span class='ocrx_word' id='word_1_447' title='bbox 200 4382 299 4439; x_wconf 79' lang='lat' dir='ltr'><strong>erint</strong></span> <span class='ocrx_word' id='word_1_448' title='bbox 291 4399 319 4439; x_wconf 89' lang='lat' dir='ltr'><strong>m</strong></span> <span class='ocrx_word' id='word_1_449' title='bbox 343 4383 550 4457; x_wconf 88' lang='lat' dir='ltr'><strong>superioribus</strong></span> <span class='ocrx_word' id='word_1_450' title='bbox 596 4380 642 4440; x_wconf 86' lang='lat' dir='ltr'><strong>De</strong></span> <span class='ocrx_word' id='word_1_451' title='bbox 671 4391 722 4440; x_wconf 90' lang='lat' dir='ltr'><strong>tua</strong></span> <span class='ocrx_word' id='word_1_452' title='bbox 744 4396 814 4440; x_wconf 84' lang='lat' dir='ltr'><strong>vero</strong></span> <span class='ocrx_word' id='word_1_453' title='bbox 837 4378 1025 4458; x_wconf 89' lang='lat' dir='ltr'><strong>philosophia</strong></span> <span class='ocrx_word' id='word_1_454' title='bbox 1053 4379 1120 4455; x_wconf 90' lang='lat' dir='ltr'><strong>plus</strong></span> <span class='ocrx_word' id='word_1_455' title='bbox 1143 4377 1255 4454; x_wconf 89' lang='lat' dir='ltr'><strong>aliquid</strong></span> <span class='ocrx_word' id='word_1_456' title='bbox 1278 4377 1423 4456; x_wconf 89' lang='lat' dir='ltr'><strong>delibare,</strong></span> <span class='ocrx_word' id='word_1_457' title='bbox 1457 4398 1547 4457; x_wconf 91' lang='lat' dir='ltr'><strong>quam</strong></span> 
     </span>
     <span class='ocr_line' id='line_1_47' title="bbox 202 4466 1546 4546; baseline 0.002 -19"><span class='ocrx_word' id='word_1_458' title='bbox 202 4467 281 4543; x_wconf 87' lang='lat' dir='ltr'><strong>quod</strong></span> <span class='ocrx_word' id='word_1_459' title='bbox 304 4469 395 4527; x_wconf 88' lang='lat' dir='ltr'><strong>iaciat</strong></span> <span class='ocrx_word' id='word_1_460' title='bbox 417 4468 454 4528; x_wconf 92' lang='lat' dir='ltr'><strong>ad</strong></span> <span class='ocrx_word' id='word_1_461' title='bbox 479 4467 681 4546; x_wconf 86' lang='lat' dir='ltr'><strong>explicandum</strong></span> <span class='ocrx_word' id='word_1_462' title='bbox 705 4468 863 4527; x_wconf 91' lang='lat' dir='ltr'><strong>lectoribus</strong></span> <span class='ocrx_word' id='word_1_463' title='bbox 885 4466 1038 4527; x_wconf 90' lang='lat' dir='ltr'><strong>discrimen</strong></span> <span class='ocrx_word' id='word_1_464' title='bbox 1062 4468 1136 4525; x_wconf 83' lang='lat' dir='ltr'><strong>’rrner</strong></span> <span class='ocrx_word' id='word_1_465' title='bbox 1158 4466 1328 4526; x_wconf 88' lang='lat' dir='ltr'><strong>harmonica</strong></span> <span class='ocrx_word' id='word_1_466' title='bbox 1349 4473 1402 4526; x_wconf 90' lang='lat' dir='ltr'><strong>tua</strong></span> <span class='ocrx_word' id='word_1_467' title='bbox 1424 4475 1453 4529; x_wconf 89' lang='lat' dir='ltr'><strong>et</strong></span> <span class='ocrx_word' id='word_1_468' title='bbox 1471 4474 1546 4544; x_wconf 75' lang='lat' dir='ltr'><strong>ruba,</strong></span> 
     </span>
     <span class='ocr_line' id='line_1_48' title="bbox 201 4551 1546 4633; baseline 0.002 -19"><span class='ocrx_word' id='word_1_469' title='bbox 201 4555 355 4614; x_wconf 88' lang='lat' dir='ltr'><strong>consilium</strong></span> <span class='ocrx_word' id='word_1_470' title='bbox 377 4556 448 4615; x_wconf 90' lang='lat' dir='ltr'><strong>mihi</strong></span> <span class='ocrx_word' id='word_1_471' title='bbox 471 4558 499 4614; x_wconf 87' lang='lat' dir='ltr'><strong>in</strong></span> <span class='ocrx_word' id='word_1_472' title='bbox 523 4556 578 4615; x_wconf 89' lang='lat' dir='ltr'><strong>bac</strong></span> <span class='ocrx_word' id='word_1_473' title='bbox 600 4557 757 4633; x_wconf 90' lang='lat' dir='ltr'><strong>scriptione</strong></span> <span class='ocrx_word' id='word_1_474' title='bbox 778 4572 836 4614; x_wconf 88' lang='lat' dir='ltr'><strong>uon</strong></span> <span class='ocrx_word' id='word_1_475' title='bbox 859 4555 923 4614; x_wconf 89' lang='lat' dir='ltr'><strong>luit.</strong></span> <span class='ocrx_word' id='word_1_476' title='bbox 969 4554 1005 4613; x_wconf 81' lang='lat' dir='ltr'><strong>Et</strong></span> <span class='ocrx_word' id='word_1_477' title='bbox 1027 4553 1092 4612; x_wconf 88' lang='lat' dir='ltr'><strong>huis</strong></span> <span class='ocrx_word' id='word_1_478' title='bbox 1115 4551 1289 4628; x_wconf 81' lang='lat' dir='ltr'><strong>tequidem,</strong></span> <span class='ocrx_word' id='word_1_479' title='bbox 1313 4571 1372 4613; x_wconf 90' lang='lat' dir='ltr'><strong>non</strong></span> <span class='ocrx_word' id='word_1_480' title='bbox 1398 4556 1462 4617; x_wconf 88' lang='lat' dir='ltr'><strong>sine</strong></span> <span class='ocrx_word' id='word_1_481' title='bbox 1479 4556 1546 4618; x_wconf 85' lang='lat' dir='ltr'><strong>ielis</strong></span> 
     </span>
     <span class='ocr_line' id='line_1_49' title="bbox 200 4642 1547 4720; baseline 0.003 -20"><span class='ocrx_word' id='word_1_482' title='bbox 200 4645 310 4719; x_wconf 80' lang='lat' dir='ltr'><strong>pretiis</strong></span> <span class='ocrx_word' id='word_1_483' title='bbox 331 4644 391 4702; x_wconf 85' lang='lat' dir='ltr'><strong>Dei</strong></span> <span class='ocrx_word' id='word_1_484' title='bbox 410 4643 628 4718; x_wconf 79' lang='lat' dir='ltr'><strong>praeeuntibus</strong></span> <span class='ocrx_word' id='word_1_485' title='bbox 650 4650 805 4718; x_wconf 79' lang='lat' dir='ltr'><strong>occeptum</strong></span> <span class='ocrx_word' id='word_1_486' title='bbox 826 4644 939 4720; x_wconf 70' lang='lat' dir='ltr'><strong>serene,</strong></span> <span class='ocrx_word' id='word_1_487' title='bbox 970 4642 1051 4717; x_wconf 82' lang='lat' dir='ltr'><strong>qood</strong></span> <span class='ocrx_word' id='word_1_488' title='bbox 1071 4642 1200 4700; x_wconf 66' lang='lat' dir='ltr'><strong>sumatis</strong></span> <span class='ocrx_word' id='word_1_489' title='bbox 1222 4643 1366 4701; x_wconf 79' lang='lat' dir='ltr'><strong>incitatus</strong></span> <span class='ocrx_word' id='word_1_490' title='bbox 1387 4661 1473 4704; x_wconf 80' lang='lat' dir='ltr'><strong>meae</strong></span> <span class='ocrx_word' id='word_1_491' title='bbox 1495 4648 1547 4703; x_wconf 82' lang='lat' dir='ltr'><strong>in·</strong></span> 
     </span>
     <span class='ocr_line' id='line_1_50' title="bbox 200 4727 1547 4810; baseline 0 -20"><span class='ocrx_word' id='word_1_492' title='bbox 200 4730 303 4790; x_wconf 82' lang='lat' dir='ltr'><strong>vidiae</strong></span> <span class='ocrx_word' id='word_1_493' title='bbox 323 4732 450 4808; x_wconf 74' lang='lat' dir='ltr'><strong>feliciter</strong></span> <span class='ocrx_word' id='word_1_494' title='bbox 471 4747 548 4807; x_wconf 85' lang='lat' dir='ltr'><strong>opus</strong></span> <span class='ocrx_word' id='word_1_495' title='bbox 566 4733 768 4807; x_wconf 56' lang='lat' dir='ltr'><strong>persenserim</strong></span> <span class='ocrx_word' id='word_1_496' title='bbox 793 4747 848 4806; x_wconf 86' lang='lat' dir='ltr'><strong>ego</strong></span> <span class='ocrx_word' id='word_1_497' title='bbox 872 4746 941 4789; x_wconf 83' lang='lat' dir='ltr'><strong>vero</strong></span> <span class='ocrx_word' id='word_1_498' title='bbox 965 4727 1106 4788; x_wconf 89' lang='lat' dir='ltr'><strong>invidiam</strong></span> <span class='ocrx_word' id='word_1_499' title='bbox 1128 4736 1244 4787; x_wconf 86' lang='lat' dir='ltr'><strong>strenua</strong></span> <span class='ocrx_word' id='word_1_500' title='bbox 1263 4728 1384 4803; x_wconf 88' lang='lat' dir='ltr'><strong>inficior,</strong></span> <span class='ocrx_word' id='word_1_501' title='bbox 1407 4732 1547 4810; x_wconf 84' lang='lat' dir='ltr'><strong>adpetiti</strong></span> 
     </span>
     <span class='ocr_line' id='line_1_51' title="bbox 199 4814 1547 4899; baseline -0.001 -21"><span class='ocrx_word' id='word_1_502' title='bbox 199 4817 318 4880; x_wconf 86' lang='lat' dir='ltr'><strong>lectoris</strong></span> <span class='ocrx_word' id='word_1_503' title='bbox 338 4818 481 4895; x_wconf 90' lang='lat' dir='ltr'><strong>judicium</strong></span> <span class='ocrx_word' id='word_1_504' title='bbox 505 4834 647 4897; x_wconf 85' lang='lat' dir='ltr'><strong>provoco,</strong></span> <span class='ocrx_word' id='word_1_505' title='bbox 678 4836 748 4878; x_wconf 90' lang='lat' dir='ltr'><strong>num</strong></span> <span class='ocrx_word' id='word_1_506' title='bbox 770 4835 830 4894; x_wconf 88' lang='lat' dir='ltr'><strong>que</strong></span> <span class='ocrx_word' id='word_1_507' title='bbox 852 4814 1011 4878; x_wconf 87' lang='lat' dir='ltr'><strong>inridenda</strong></span> <span class='ocrx_word' id='word_1_508' title='bbox 1038 4817 1118 4877; x_wconf 87' lang='lat' dir='ltr'><strong>bona</strong></span> <span class='ocrx_word' id='word_1_509' title='bbox 1139 4816 1280 4897; x_wconf 85' lang='lat' dir='ltr'><strong>reperiat,</strong></span> <span class='ocrx_word' id='word_1_510' title='bbox 1312 4834 1388 4894; x_wconf 93' lang='lat' dir='ltr'><strong>quae</strong></span> <span class='ocrx_word' id='word_1_511' title='bbox 1412 4820 1547 4899; x_wconf 89' lang='lat' dir='ltr'><strong>imputati</strong></span> 
     </span>
     <span class='ocr_line' id='line_1_52' title="bbox 1324 4923 1392 4985; baseline -0.029 0"><span class='ocrx_word' id='word_1_512' title='bbox 1324 4923 1392 4985; x_wconf 70' lang='lat'><strong>30*</strong></span> 
     </span>
    </p>
   </div>
   <div class='ocr_carea' id='block_1_5' title="bbox 0 0 1916 5866">
    <p class='ocr_par' dir='ltr' id='par_1_9' title="bbox 0 0 1916 5866">
     <span class='ocr_line' id='line_1_53' title="bbox 0 0 1916 5866; baseline 0 2"><span class='ocrx_word' id='word_1_513' title='bbox 0 0 1916 5866; x_wconf 95' lang='lat' dir='ltr'><strong> </strong></span> 
     </span>
    </p>
   </div>
  </div>
 </body>
</html>
