3882 5862
838 418 840 425 ⁴
866 429 1007 501 indocta
1548 441 1612 503 aer

261 612 345 685 dem,
376 619 635 689 quantamcunque
656 612 710 673 noi
734 590 865 670 obertum
890 610 1087 691 suffecturam.
1121 609 1232 685 eique
1258 609 1316 671 huc
1343 610 1424 673 ideas
1453 618 1483 671 at
1504 629 1560 690 epe
1583 617 1614 681 ιι

261 709 289 760 te
313 704 470 775 excusari,
494 719 560 760 cum
582 700 701 771 addidi,
723 699 779 757 tibi
800 711 846 757 sat
868 715 934 758 esse
957 701 1120 774 cognitum,
1143 714 1203 757 nun
1225 716 1290 757 esse
1312 698 1367 761 has
1388 698 1491 758 mundi
1513 705 1614 778 regio·

260 806 313 847 nes
336 790 410 847 iuter
436 804 470 849 se
492 789 641 864 aequales.
687 784 765 861 Quin
794 788 883 845 etiam
905 793 987 844 tuam
1015 788 1108 862 ipatus
1129 788 1274 847 rationem
1303 788 1495 864 ipsissimam,
1524 806 1613 866 quan
1695 828 1698 837 ,

260 884 291 934 ιιι
315 877 363 935 hic
386 877 484 937 verbis
514 886 573 935 tam
597 874 697 933 multis
729 873 932 950 prosequeris,
961 872 1132 950 complexae
1154 891 1219 935 csse
1249 873 1342 933 rideri
1373 890 1511 950 poenum,
1543 878 1612 937 dues

259 979 398 1022 recenseo
422 971 479 1021 tres
500 969 569 1021 tuas
592 964 741 1020 unitatesz'
760 961 915 1035 clementa,
938 960 1096 1033 aetherem,
1120 977 1299 1038 empyreum.
1345 958 1407 1021 Etsi
1431 979 1501 1022 vero
1524 965 1612 1024 intel*
1644 982 1650 999 ¹

258 1051 310 1126 ligi
335 1067 454 1127 possum
478 1049 514 1107 de
537 1050 700 1109 unitatibus
718 1048 805 1115 ,nullo
825 1048 914 1124 plane
936 1056 1069 1124 respectu
1092 1051 1167 1106 inter
1189 1064 1221 1106 se
1243 1047 1432 1123 aequalibus,
1462 1058 1495 1107 at
1515 1055 1612 1127 patuit

259 1147 289 1196 et
312 1146 382 1197 tuae
404 1140 578 1209 sententiae,
602 1154 691 1212 quam
715 1136 763 1195 irio
784 1136 898 1211 prolixe
919 1135 1058 1212 explicas,
1082 1145 1217 1211 receptus
1237 1137 1294 1193 sub
1318 1139 1375 1195 ieta
1400 1137 1498 1196 uerba
1536 1139 1612 1198 Nam

258 1224 362 1297 doces,
394 1226 449 1283 tibi
479 1228 647 1284 nominatas
677 1233 776 1298 partes
804 1223 945 1298 aequales
975 1240 1051 1291 esse„
1069 1231 1232 1299 potestate,
1264 1227 1308 1281 sio
1336 1226 1413 1282 enim
1444 1235 1610 1299 geometrae

258 1311 341 1388 ioqui
363 1312 468 1383 solent,
492 1317 602 1389 quippe·
624 1310 796 1369 tantundem
818 1328 883 1369 esse
906 1314 1046 1371 materiae
1068 1312 1098 1366 iu
1114 1327 1191 1395 uuo,
1214 1321 1358 1386 quantum
1382 1315 1410 1368 in
1434 1310 1508 1387 alicp
1531 1315 1611 1389 qaod

260 1408 291 1457 ιιι
314 1399 447 1476 appellas
469 1408 593 1458 naturae
614 1397 740 1475 pondus.
784 1397 867 1456 Idem
892 1400 983 1472 igitur
1006 1398 1146 1471 dicimus,
1176 1415 1231 1456 nuc
1253 1399 1388 1456 inreulor
1410 1404 1476 1473 ego
1495 1399 1543 1459 lric
1565 1410 1611 1461 te-

257 1504 336 1546 mere
364 1488 399 1544 da
430 1488 490 1544 tuis
518 1487 671 1545 sententiis
702 1485 825 1545 locutus.
870 1482 1057 1560 Quamquam
1079 1485 1131 1543 iol.
1154 1488 1206 1543 ii.
1236 1487 1265 1541 lu
1288 1485 1346 1544 fine
1369 1503 1461 1562 negas
1489 1504 1610 1563 corpere

258 1570 304 1656 (id
327 1582 372 1632 est
394 1575 516 1632 materia
539 1576 620 1632 varie
642 1571 765 1647 diffusa)
786 1572 926 1648 aequales
949 1588 1022 1644 essa,
1046 1573 1102 1631 lias
1122 1575 1205 1630 enin
1219 1588 1381 1631 masuras
1402 1591 1423 1631 o
1435 1578 1609 1649 sapientum

257 1665 424 1720 innumerae
443 1662 576 1720 multum
599 1659 751 1719 ademare.
798 1658 985 1735 Relinquitur
999 1662 1095 1734 igitar
1109 1667 1289 1737 potestatam
1304 1660 1492 1736 physicarum
1515 1679 1609 1737 quae·

257 1748 324 1807 dam
347 1748 522 1823 aequalitas.
567 1747 625 1806 Sed
649 1764 702 1809 nce
724 1749 879 1822 sequentia
901 1746 939 1805 ad
962 1756 991 1806 te
1013 1749 1169 1823 pertinent,
1192 1746 1263 1806 dum
1282 1751 1409 1806 unitates
1432 1766 1508 1824 uago
1526 1753 1609 1827 pingi

257 1836 343 1894 aliter
365 1853 454 1911 possa
477 1842 562 1911 (puta
586 1837 614 1892 in
637 1839 799 1909 quantitate
822 1837 986 1908 contiuua),
1016 1852 1108 1911 quam
1138 1835 1319 1909 aequalitate
1341 1834 1501 1910 lineummt
1534 1838 1609 1903 haec

257 1927 334 1982 enim
357 1923 532 2000 generaliter
554 1939 625 1981 vera
652 1939 698 1981 ma
722 1922 817 1985 dicere
839 1925 952 1997 putaui.
997 1920 1059 1981 Neo
1082 1936 1197 1981 omnam
1228 1923 1280 1981 nti
1304 1925 1449 1981 acuatum
1472 1926 1608 2000 aequali-

168 2050 171 2063 .
256 2019 347 2069 tatem
375 2029 428 2086 per
455 2010 531 2069 hunc
559 2011 733 2068 senteutiam
762 2007 872 2081 ademi,
905 2009 957 2067 sed
986 2012 1124 2071 excusavi
1151 2026 1203 2086 per
1229 2025 1295 2071 eam
1323 2016 1433 2073 lactum
1461 2017 1543 2073 tuum
1575 2016 1606 2070 lu

256 2099 403 2156 diuisione
426 2096 616 2174 longitudinis
639 2096 822 2174 pyramidum
846 2099 874 2152 in
898 2096 1045 2172 aequalia.
1090 2096 1190 2172 Negas
1206 2099 1296 2156 otiam
1318 2106 1385 2156 tuas
1404 2096 1471 2157 illas
1493 2116 1607 2174 aequa-

254 2185 298 2243 les
321 2193 469 2262 potestate
493 2187 620 2244 unitetes
638 2186 802 2243 mensurari
827 2187 974 2253 communi
1001 2192 1032 2244 st
1053 2186 1171 2260 aequali
1199 2184 1278 2243 liaaa
1310 2184 1528 2246 mathematica.
1574 2188 1605 2247 Sl

255 2271 361 2351 negas,
390 2272 470 2349 quod
491 2288 548 2347 ego
570 2271 619 2331 hic
642 2271 805 2346 significare
836 2270 989 2343 volebam,
1017 2279 1101 2330 tuum
1124 2274 1218 2348 ipsius
1247 2272 1357 2331 lactum
1388 2288 1488 2348 negas.
1533 2272 1607 2331 Pin-

258 2362 327 2418 xisti
351 2364 429 2420 enim
452 2361 507 2419 sub
530 2358 711 2435 aequalitate
734 2358 875 2416 linearum
898 2358 1059 2436 pyramidis
1081 2367 1158 2433 tuac,
1182 2362 1302 2434 pinxisti
1326 2362 1447 2435 inquam
1471 2363 1607 2436 calates,

253 2448 432 2525 ponderibus
455 2456 592 2518 naturae,
623 2453 656 2503 ut
678 2449 737 2518 ais,
768 2446 917 2520 aequales.
962 2447 1006 2505 lix
1030 2448 1137 2522 qulbus
1159 2448 1296 2507 omnibus
1316 2456 1456 2523 apparet,
1487 2451 1607 2508 uerissi-

254 2552 333 2593 mum
364 2552 428 2594 esse
450 2534 528 2593 uuae
556 2550 654 2592 meam
677 2541 858 2606 contextum,
889 2550 943 2593 neo
964 2552 1032 2594 eum
1061 2548 1115 2610 per
1138 2543 1216 2593 tuam
1248 2534 1385 2612 analyslu
1414 2533 1462 2597 rel
1485 2538 1606 2597 minium

253 2629 336 2698 parte
360 2621 544 2680 disse-lutum.
589 2620 652 2685 litei
678 2638 747 2680 uero
770 2621 854 2679 lateri
878 2637 975 2697 cogor,
998 2622 1120 2681 multam
1142 2640 1208 2682 esse
1230 2638 1320 2698 peaes
1335 2638 1383 2681 me
1405 2629 1522 2682 tuarum
1535 2642 1607 2702 spe·

254 2712 436 2769 cuiaticnuru
469 2711 632 2781 inscitiam,
663 2725 720 2768 non
748 2725 814 2766 sum
846 2718 943 2768 tamea
974 2712 1091 2784 penitus
1119 2710 1197 2768 rudis
1229 2708 1442 2786 aequalitatum
1473 2713 1605 2786 istarum,

254 2800 368 2856 ratione
397 2796 575 2873 ponderum,
606 2797 777 2866 attusia,
807 2805 938 2854 naturae.
983 2796 1033 2855 Sic
1055 2798 1132 2855 anim
1165 2807 1194 2856 et
1216 2814 1272 2872 ego
1294 2814 1424 2872 agnosce
1455 2799 1605 2873 quandam

254 2885 413 2943 materialis
437 2887 539 2960 copiae
563 2883 772 2958 aequalitatem
795 2885 824 2940 ln
847 2883 937 2959 glebo
961 2882 1053 2956 Solis,
1076 2886 1105 2940 in
1129 2893 1191 2943 teto
1214 2886 1312 2960 spatio
1335 2884 1436 2942 muudi
1459 2902 1511 2944 scu
1534 2903 1606 2946 aura

253 2973 394 3031 cethema
414 2974 503 3046 inque
526 2970 652 3047 sphaera
674 2970 812 3041 duarum,
837 2988 925 3046 quam
948 2970 998 3028 ulii
1021 2969 1220 3048 crystallinam
1244 2972 1291 3031 vel
1313 2968 1458 3030 exmoss
1480 2989 1606 3047 aqueum
1697 2972 1704 2979 “

256 3059 365 3131 dicunt,
389 3058 528 3134 illamque
551 3058 812 3135 aequipollentiam
835 3056 941 3116 tradidi
965 3056 1039 3116 libro
1062 3058 1115 3117 IV.
1141 3058 1217 3135 liplr.
1241 3059 1455 3121 Asnouamiaa.

342 3147 497 3221 Agnosco,
520 3148 658 3221 inquam,
690 3135 859 3221 proboque,
892 3145 945 3203 sed
968 3162 1033 3204 eam
1055 3163 1114 3205 non
1137 3148 1213 3205 inter
1234 3147 1369 3222 sublecta
1390 3162 1443 3205 seu
1464 3148 1605 3207 terminos

253 3231 470 3292 harmoniarum
492 3232 705 3291 mundanarum
730 3234 834 3292 liabeo.
881 3231 982 3291 Habes
1000 3250 1079 3308 ergo,
1101 3235 1142 3291 mi
1158 3233 1295 3306 aeneus,
1319 3233 1497 3309 discipulum
1512 3251 1604 3311 eupa-

256 3336 328 3391 eem,
353 3321 434 3379 disco
458 3339 494 3380 ex
516 3329 554 3392 te,
580 3323 708 3378 unitates
730 3329 796 3378 tuas
819 3327 1052 3398 esseipotestaie
1075 3321 1230 3398 sequelae,
1253 3322 1352 3388 disco,
1374 3320 1525 3381 diversum
1547 3323 1604 3383 ale

254 3397 325 3482 quid
353 3425 387 3466 ax
418 3417 470 3467 tua
497 3409 624 3485 partium
654 3407 831 3481 aequalitate
860 3409 889 3464 in
919 3407 1101 3482 longitudine
1127 3408 1288 3486 pyramidis
1318 3407 1516 3485 colligendum
1544 3426 1604 3468 uon

255 3494 329 3567 esse,'
353 3495 447 3568 disco,
477 3494 571 3553 multa
592 3495 641 3553 hic
662 3493 755 3552 latere
777 3497 917 3570 mysteria
940 3505 1062 3554 naturae
1084 3512 1138 3555 nec
1162 3513 1289 3571 unquam
1312 3498 1370 3555 ista
1391 3499 1516 3571 negavi,
1547 3498 1604 3557 ha-

253 3582 326 3640 beas
348 3585 400 3640 tibi
423 3593 477 3641 tna
497 3582 629 3653 illibata,
652 3581 813 3641 adhaereto
834 3584 985 3641 mensuris
1006 3585 1066 3641 tais
1086 3584 1298 3655 naturalitus,
1328 3585 1399 3642 illos
1417 3584 1604 3658 ponderibus

252 3670 458 3729 amenitatibus
480 3671 640 3743 instruito5
669 3676 700 3725 tu
725 3671 838 3728 iuterim
861 3670 990 3727 vicissim
1013 3670 1069 3729 hoc
1090 3670 1162 3729 milri
1184 3672 1372 3747 permittito„
1389 3680 1423 3729 ut
1442 3679 1511 3731 tuas
1533 3674 1602 3730 uni-

254 3752 330 3815 tate's
353 3774 420 3816 eum
441 3759 515 3815 meis
538 3772 707 3833 comparare
729 3760 855 3832 possim,
884 3764 918 3815 ut
939 3755 1049 3831 dicam,
1079 3774 1160 3816 meas
1183 3775 1248 3817 esse
1272 3759 1457 3833 angustiores
1479 3761 1603 3818 unitati-

254 3844 324 3912 bus,
356 3861 430 3920 quas
454 3844 640 3918 designamus
663 3847 692 3900 in
716 3843 847 3916 elrordis,
876 3853 908 3902 ut
922 3845 983 3902 abs
1007 3855 1036 3903 te
1060 3853 1171 3922 petam,
1200 3862 1258 3903 nou
1282 3845 1496 3906 uude‘tantum
1519 3863 1602 3907 assa·

253 3946 352 4003 veras,
384 3926 435 3990 sed
466 3933 553 3992 etiarn
582 3931 695 4007 liquido
723 3931 903 3990 demonstres
931 3930 1007 3990 hanc
1029 3940 1209 4009 potestatum
1231 3941 1348 3992 tuarum
1376 3933 1603 4010 aequalitatem

252 4027 366 4094 patere.
398 4027 431 4078 ut
453 4018 577 4077 indicem
605 4019 764 4079 lectoribus
796 4016 916 4097 (peteris
945 4034 1012 4078 ecce
1036 4027 1064 4077 et
1086 4020 1214 4079 alilrmas
1237 4020 1313 4079 ultro
1337 4020 1453 4081 disertis
1477 4020 1597 4098 verbis),

252 4122 299 4163 me
320 4124 368 4169 res
388 4107 583 4165 hor-monicus
604 4108 760 4181 inquirere
779 4110 877 4180 mepte
891 4107 1100 4173 mathematice
1114 4115 1142 4165 et
1159 4111 1370 4183 macometica
1393 4116 1422 4167 ie
1438 4125 1509 4167 raro
1524 4109 1602 4186 phy·

252 4195 313 4251 sica
335 4202 408 4264 etc,
433 4192 463 4251 id
486 4200 530 4252 est
554 4192 728 4251 Hermetica.
774 4192 871 4252 Velim
894 4210 929 4252 ex
953 4201 981 4251 te
1004 4196 1087 4267 seire,
1111 4184 1188 4270 quae
1210 4196 1263 4253 tibi
1287 4212 1377 4254 cause
1398 4199 1437 4254 sit
1458 4196 1602 4255 irascendi

252 4280 326 4338 milli
349 4288 418 4339 tuuc
439 4283 554 4357 potius,
581 4282 607 4338 el
631 4280 701 4356 quid
725 4297 780 4356 ege
803 4284 889 4353 meis,
922 4298 1010 4356 quam
1038 4284 1063 4340 si
1086 4281 1163 4341 ldem
1186 4290 1217 4340 tu
1249 4284 1307 4340 tuis
1330 4284 1427 4342 verbis
1449 4284 1602 4360 prolerasi

338 4367 436 4426 Lubet
457 4385 526 4427 veru
549 4376 644 4427 tecum
668 4367 824 4428 colludere.
871 4366 966 4442 Quam
989 4371 1065 4427 enim
1089 4377 1121 4427 tu
1145 4370 1218 4428 dicis
1239 4370 1421 4429 harmoniam
1443 4377 1472 4430 ct
1493 4371 1550 4429 hac
1571 4378 1602 4431 ct

251 4455 445 4531 praecedente
467 4454 591 4534 scalpsi,
614 4473 670 4533 ege
694 4455 861 4532 analogiam
885 4455 1002 4532 appello
1025 4465 1142 4532 recepto
1158 4457 1321 4532 vocainim
1345 4458 1423 4533 quod
1443 4474 1508 4516 cum
1525 4458 1599 4534 dicu,

250 4556 309 4601 non
333 4542 440 4602 damno
463 4543 625 4617 analogias,
648 4560 704 4603 nec
726 4542 903 4602 contumelia
926 4551 971 4603 est
995 4559 1111 4619 negare,
1137 4543 1202 4602 iilos
1224 4546 1312 4602 etiarn
1335 4544 1502 4604 harmonias
1525 4562 1599 4606 esse.

250 4630 326 4688 Nam
349 4623 485 4688 ut'illam
509 4633 623 4706 agentis
646 4638 676 4691 ct
696 4633 849 4707 patientis,
879 4632 966 4688 maris
989 4637 1019 4690 ct
1040 4631 1180 4703 falerinae,⁴
1210 4634 1308 4708 superi
1330 4639 1361 4691 et
1381 4633 1489 4705 inleri,'
1512 4649 1600 4709 quam

250 4716 300 4775 irie
327 4719 463 4792 attingis,
495 4717 712 4791 copulationem
740 4718 897 4796 proteram,
929 4716 1051 4777 eandem
1082 4724 1111 4778 et
1139 4722 1203 4793 ipse
1229 4720 1400 4778 societatem
1431 4725 1599 4799 comparari

250 4803 327 4862 lllsrn
358 4821 424 4864 meo
447 4803 500 4862 IV.
524 4803 705 4865 Harmoniae
735 4822 799 4864 cum
829 4808 1021 4863 consonantia
1048 4805 1207 4883 diapason,
1240 4823 1328 4880 quam
1357 4808 1451 4884 ipsam
1478 4826 1541 4868 mas
1569 4817 1600 4870 ct

250 4892 360 4951 iamim
382 4895 470 4952 οιὶιιιι
493 4891 614 4951 uocibus
639 4895 709 4969 ipsis
732 4891 943 4969 utplurimum
965 4896 1138 4970 exprimunt.
1183 4891 1229 4952 ‘l'u
1246 4893 1364 4969 quidem
1385 4898 1446 4954 tuis
1462 4898 1601 4957 tremens

1377 4997 1444 5062 29*
