3840 5854
732 444 767 504 ds
783 438 938 515 iimmonia
1303 460 1308 471 ¹
1471 456 1514 519 qq

165 630 298 707 pansum
321 632 367 689 est
386 625 455 690 loeo
477 626 583 705 imeae,
606 633 637 690 at
658 630 794 708 quamvis
817 630 911 692 omnis
932 628 1036 692 relatio
1053 630 1195 692 consistat
1209 630 1285 691 inter
1299 627 1369 713 duo,
1392 597 1516 695 circulus

166 732 228 775 sero
249 732 311 776 oon
335 714 449 777 diuisus
471 718 509 777 eit
530 733 621 777 unum
643 717 767 799 aliquid,
789 726 888 780 tamen
904 718 1005 779 divina
1021 718 1166 797 quaedam
1180 719 1284 781 relatio
1307 721 1397 780 statui
1419 712 1544 800 poteet'

165 801 290 879 ejusdem
313 802 354 864 ad
374 821 407 865 se
433 806 543 884 ipsum,
573 803 651 866 unde
680 806 745 865 fluit
773 809 866 868 omnis
894 806 1021 883 relatio).
1068 810 1098 879 ¹l,
1118 814 1161 879 7,,
1191 810 1221 881 ¹l³
1234 811 1279 879 73,
1308 812 1340 882 ¹l,
1353 812 1399 883 3„
1426 814 1510 883 ¹43⁵,

165 886 194 955 ’le
208 884 254 954 ⁸la·
281 887 315 956 'la
333 886 381 957 ⁶lar
410 887 456 956 'lto
473 888 534 957 'lma
561 887 608 958 ⁸lso
628 888 681 958 'lte
716 888 756 944 Εἴ
777 889 801 945 ⁸¹
824 888 909 946 ⁸dd⁸⁸
936 887 1121 959 θθῒθῦῖῦῖῑῑων
1146 887 1277 944 accedent
1296 889 1327 957 'la
1347 889 1391 960 'lea
1419 891 1453 959 ³le
1472 892 1512 961 ⁵ls·

163 968 249 1031 Porto
271 969 408 1032 noudum
430 971 539 1032 moion
560 972 598 1034 ad
616 994 868 1052 soonenonpuuove
882 976 991 1054 λογονς,
1012 975 1112 1033 venire
1135 988 1185 1033 eos
1208 988 1245 1032 ex
1266 971 1367 1049 figuris
1390 972 1512 1036 demon·
1594 999 1600 1007 ·

163 1057 344 1135 mobilibus,
375 1061 402 1119 si
423 1077 476 1121 eae
498 1077 564 1120 eum
587 1059 695 1122 cirtulo
719 1067 936 1144 comparentur,
967 1060 1178 1123 sedneeoesse
1201 1063 1373 1142 autetiam,
1402 1069 1435 1122 ut
1456 1067 1515 1125 sint

162 1146 376 1223 quodamnodo
413 1146 450 1209 ad
482 1147 701 1208 similitudinem
730 1149 748 1209 b
780 1165 935 1229 eorporum
965 1148 1067 1224 solidi,
1102 1153 1154 1208 ant
1186 1149 1263 1208 sieut
1294 1147 1355 1209 illie
1387 1155 1445 1210 tres
1477 1151 1515 1212 ad

162 1236 309 1295 minimum
332 1234 413 1315 plani
438 1238 618 1300 constituunt
640 1235 783 1312 solidum,
815 1240 858 1296 sie
879 1244 939 1299 tres
960 1236 1009 1298 hie
1031 1252 1150 1315 quoque
1173 1236 1251 1314 loyor
1273 1233 1514 1300 demonstrabiles

164 1339 212 1401 per
232 1340 324 1384 unam
347 1323 522 1385 divisionem
544 1324 644 1385 obouli
668 1327 888 1385 constituantur.
933 1322 975 1386 Ut
995 1327 1026 1383 in
1049 1323 1167 1399 oireulo,
1191 1324 1238 1383 oui
1261 1325 1515 1404 quinquangulum

163 1416 204 1470 est
222 1413 412 1494 inscriptum,
442 1413 468 1472 si
497 1413 523 1472 is
551 1430 603 1491 per
631 1413 801 1473 subtensam
825 1412 932 1490 angulo
956 1412 1119 1486 dividatur,
1151 1410 1237 1473 eadat
1258 1411 1287 1469 in
1310 1419 1407 1491 partes
1431 1416 1460 1488 2,
1484 1415 1513 1475 3.

162 1497 215 1559 llio
234 1499 312 1559 fiunt
333 1494 399 1579 ὁροι
421 1505 480 1560 tres
504 1502 533 1577 2,
550 1503 578 1576 3,
596 1500 625 1562 5.
664 1498 762 1576 Quare
783 1508 852 1561 sunt
874 1507 904 1563 et
927 1505 1004 1582 loyor
1027 1508 1085 1561 tres
1109 1498 1183 1559 uad
1198 1500 1228 1572 3,
1250 1499 1324 1559 iad
1340 1500 1368 1574 5,
1392 1500 1467 1559 3ad
1483 1500 1512 1564 b.

162 1584 198 1644 lli
221 1589 302 1667 loyor
323 1593 384 1648 tres
406 1588 432 1647 si
455 1588 514 1648 sint
534 1609 716 1671 ysmusspmor
737 1585 946 1665 dnodenarium,
979 1595 1048 1649 tuno
1071 1605 1107 1649 ex
1130 1588 1265 1647 omnibus
1287 1587 1380 1647 tribus
1402 1591 1513 1648 consti-

163 1675 248 1733 tuitur
270 1677 356 1755 ioyoe
377 1674 498 1747 solidus.
553 1674 605 1736 Sin
633 1680 733 1737 antem
762 1692 822 1736 non
853 1693 948 1754 aeque
973 1678 1004 1736 in
1034 1674 1136 1753 alique
1163 1674 1260 1752 figura
1279 1691 1339 1735 non
1361 1682 1439 1737 esset
1461 1674 1513 1737 de·

162 1763 358 1824 monstrabilis
379 1763 522 1824 habitudo
544 1770 646 1824 mutua
667 1766 793 1843 partium
816 1766 836 1823 2
859 1771 889 1825 et
913 1768 947 1845 3,
978 1770 1048 1825 tono
1071 1767 1152 1843 loyoe
1174 1768 1253 1825 esset
1280 1759 1463 1839 ἁθαρμοστος
1485 1770 1514 1825 et

163 1848 336 1925 insolutus,
365 1867 424 1911 non
454 1850 575 1912 solidus.
630 1849 672 1913 Ut
699 1853 730 1910 in
761 1848 818 1934 ³J„
842 1847 898 1933 'lm
929 1858 1009 1912 totus
1041 1851 1166 1913 eireulus
1192 1851 1231 1910 10
1260 1867 1312 1929 per
1343 1852 1514 1912 subtensam

163 1937 266 2015 regulo
291 1938 448 2018 desauguli
470 1941 500 1997 in
524 1941 542 1999 3
566 1945 596 2000 et
619 1942 636 1998 7
662 1936 810 1999 dividitur.
843 1938 901 1999 Hie
930 1941 1000 2017 quia
1024 1939 1165 2000 subtenea
1195 1937 1429 2000 demonstrabilis
1458 1946 1513 2022 est,

162 2024 224 2087 ideo
245 2033 277 2087 et
301 2029 386 2107 ioyoe
406 2026 529 2106 simplex
553 2028 571 2086 3
595 2024 639 2086 ad*
658 2027 698 2086 10
730 2034 776 2087 est
801 2025 876 2087 inter
910 2026 1028 2090 eleetos.
1085 2025 1126 2086 At
1148 2026 1219 2102 qula
1241 2026 1260 2085 3
1284 2024 1322 2085 ad
1347 2029 1364 2085 7
1387 2043 1446 2087 non
1468 2032 1514 2088 est

163 2117 240 2193 iopen
262 2113 502 2176 demonstrabilis
524 2115 555 2172 in
577 2114 638 2176 alia
660 2113 760 2192 aliqua
773 2113 868 2193 figura
890 2113 1107 2193 (onomagulum
1123 2114 1200 2175 enim
1214 2119 1260 2174 est
1275 2110 1512 2194 dyempequroe),

163 2200 226 2263 ideo
248 2200 328 2264 alter
350 2205 433 2282 λογος
454 2202 501 2262 bie
524 2206 569 2263 est
589 2202 665 2262 inter
687 2201 824 2282 rejectos,
847 2201 985 2280 adeoque
1004 2210 1033 2265 et
1050 2198 1106 2287 'lm
1129 2204 1204 2262 inter
1225 2200 1359 2278 rejeotos,
1382 2209 1412 2262 et
1433 2208 1513 2264 totus

162 2291 188 2348 in
216 2291 278 2350 suis
312 2288 406 2350 tribus
437 2291 567 2351 torminis
595 2284 730 2371 7107„
761 2296 807 2351 θεῖ
835 2286 1015 2371 dropnooroe
1043 2297 1073 2352 et
1101 2287 1269 2350 dissolutus
1329 2288 1396 2349 Hos
1423 2288 1512 2351 modo

162 2378 294 2439 instituta
324 2376 431 2438 divisio
463 2376 562 2439 elrouli
595 2376 629 2436 fit
660 2376 876 2454 quodammodo
908 2378 1012 2439 similis
1044 2377 1161 2438 divinae
1193 2376 1235 2436 illi
1268 2378 1389 2437 sectioni
1417 2376 1512 2440 lineas
1597 2438 1600 2443 .

163 2464 322 2526 monadum
344 2473 503 2546 extremam
527 2470 557 2527 et
577 2463 704 2525 mediam
726 2467 882 2541 rationem,
913 2473 946 2527 ut
974 2483 1040 2527 enrn
1061 2472 1126 2526 tote
1148 2464 1200 2526 AG
1222 2466 1265 2524 aie
1287 2470 1402 2525 secatur
1422 2465 1453 2523 in
1476 2464 1512 2541 B,

162 2560 193 2613 ut
219 2555 262 2615 sie
295 2555 335 2613 sit
363 2552 416 2613 AO
446 2552 483 2615 sd
513 2551 567 2611 AB
597 2559 721 2632 partem,
756 2560 790 2613 ut
815 2560 859 2615 est
886 2552 940 2613 ΑΒ
969 2571 1037 2635 pers
1062 2542 1105 2615 ¹ad
1134 2553 1190 2614 BC
1219 2555 1360 2613 minorem
1389 2546 1511 2632 partem.

163 2675 338 2740 21¹1qu
355 2675 431 2727 potu,
474 2639 574 2701 Simile
597 2641 679 2720 quid,
701 2642 831 2721 inquam,
853 2639 902 2702 bic
919 2648 972 2718 est,
996 2643 1066 2720 quia
1081 2641 1206 2703 circulus
1218 2641 1338 2718 jubetur
1352 2641 1395 2701 eie
1409 2638 1511 2717 dividi,
1575 2634 1577 2643 '

173 2739 418 2799 dammum,
477 2735 510 2789 ut
524 2725 620 2805 qualis
642 2734 687 2788 est
710 2729 792 2808 ioyoe
813 2731 888 2790 inter
908 2736 1004 2791 totum
1026 2737 1056 2790 et
1077 2736 1189 2809 partem
1211 2729 1351 2807 majorem
1374 2725 1512 2804 (demon-

315 2831 375 2902 p-
407 2828 425 2884 7
472 2814 600 2877 etrabllis
622 2816 750 2895 nempe),
776 2815 845 2877 talis
868 2816 983 2892 fitidem
1006 2816 1248 2893 demonstrabilis,
1271 2833 1330 2876 nou
1352 2813 1444 2891 idem)
1473 2816 1513 2877 sit
1634 2840 1637 2845 ¹

283 2868 313 3054 ’ξ
472 2902 547 2965 inter
567 2910 680 2991 partem
703 2903 843 2982 majorem
865 2912 895 2965 et
915 2907 1066 2966 minorem.
1121 2905 1166 2965 Er
1187 2903 1244 2965 bae
1266 2904 1377 2983 optima
1390 2904 1511 2965 ratione

254 3043 263 3076 ,
304 2990 557 3111 =p-11·V¹d⁰r
591 2990 687 3069 qualis
718 2993 808 3072 λογων
837 2990 997 3053 solidorum
1026 2994 1134 3054 existat
1164 2993 1337 3071 propagatio
1370 3007 1405 3051 ex
1438 2993 1512 3070 leym

221 3147 238 3217 ἂ
284 3146 303 3219 ἓ
344 3171 376 3183 ““
409 3145 426 3200 9
474 3164 739 3227 demonstrabiliter
761 3166 809 3228 vel
831 3192 1023 3250 γεωμετρικοῖς
1049 3172 1133 3246 (nam
1154 3169 1328 3249 principium
1351 3173 1396 3227 eet
1418 3168 1512 3227 omnis

169 3258 171 3269 '
253 3251 272 3322 ξ
345 3250 427 3306 -7
474 3252 730 3315 demonstrationis
752 3255 934 3333 sumendum,
956 3273 1015 3318 non
1039 3253 1316 3332 demonstrandum),
1338 3253 1405 3316 ideo
1425 3257 1513 3335 etiam

192 3305 206 3375 ᾖ
254 3356 272 3426 p
345 3381 378 3391 -
410 3353 428 3411 7
475 3340 551 3402 duae
571 3342 671 3404 oirouli
689 3341 861 3406 medietates
883 3344 1015 3408 similiter
1036 3345 1075 3405 ad
1096 3363 1129 3406 se
1151 3346 1278 3405 invicem
1299 3322 1530 3422 comparantur,'

165 3409 210 3585 {⁴
345 3489 378 3500 ,,
395 3459 426 3517 ¹1
475 3446 551 3507 quaa
580 3432 650 3508 quia
676 3429 820 3493 diametro
847 3432 1071 3510 subtenduntur,
1103 3451 1179 3511 quae
1209 3432 1351 3511 sibiipsi
1381 3430 1513 3508 aequalis

221 3460 302 3691 ³¹3¹
382 3520 388 3533 ‘
430 3524 432 3531 '
475 3524 521 3578 est
536 3525 565 3579 θῖ
578 3520 622 3578 sio
636 3517 713 3578 linea
733 3529 916 3599 ysopespsaq,
935 3521 1141 3626 ideopoesunt
1155 3521 1210 3581 bae
1224 3525 1322 3599 partes
1340 3520 1367 3595 1,
1391 3522 1513 3579 letiam

476 3604 514 3666 ad
536 3612 630 3665 totum
653 3608 823 3686 comparari.
868 3608 906 3668 Et
920 3613 990 3686 quia
1004 3628 1034 3679 un
1050 3609 1106 3670 hoo
1122 3612 1195 3690 λογῳ
1213 3610 1227 3667 l
1246 3625 1314 3687 pars
1331 3603 1369 3667 ad
1385 3609 1403 3665 2
1420 3613 1513 3666 toturn

286 3671 304 3743 ὓ
346 3700 380 3710 “
393 3670 429 3727 13
476 3702 673 3772 eomparatur,
706 3695 813 3773 poterit
842 3697 931 3775 igitur
961 3705 991 3760 et
1020 3715 1087 3776 pare
1120 3695 1217 3757 circuli
1243 3697 1258 3754 l
1290 3692 1329 3755 ad
1358 3695 1512 3773 pertenui

167 3780 337 3859 eomparari,
358 3784 392 3838 ut
413 3777 491 3840 idem
513 3783 552 3840 sit
575 3783 656 3861 ioyoc
677 3781 860 3860 eiroulueque
875 3783 982 3845 babeat
997 3792 1093 3862 partes
1110 3786 1139 3844 3.
1173 3784 1305 3859 cumque
1321 3780 1396 3842 duee
1411 3782 1513 3842 tertiae

168 3868 266 3928 manli
293 3865 505 3928 subtendantur
534 3867 624 3931 latere
650 3870 821 3948 triangulari
852 3870 1083 3945 demonstrabili,
1115 3873 1222 3952 poterit
1243 3873 1331 3949 igitur
1353 3875 1383 3930 et
1403 3886 1470 3947 pars
1493 3870 1511 3928 2

168 3971 231 4015 oum
253 3961 318 4016 toto
341 3956 359 4014 3
384 3957 553 4034 comparari.
597 3956 629 4017 Si
644 3959 663 4016 2
677 3970 744 4037 pare
766 3957 839 4019 ad3
861 3966 964 4037 totum,
990 3977 1080 4038 quare
1102 3962 1190 4020 etiam
1212 3960 1237 4019 si
1259 3955 1384 4018 oiroulus
1405 3955 1514 4016 habeat

167 4051 264 4121 partes
293 4043 329 4115 5,
361 4047 468 4121 poterit
496 4043 574 4105 idem
605 4047 688 4125 ioyoe
715 4063 780 4109 ease
808 4047 924 4107 interi
957 4054 1069 4128 partem
1096 4050 1237 4109 minorem
1265 4048 1335 4109 et3
1363 4042 1513 4120 majorem.

474 3077 669 3157 aequalitatis.
692 3077 769 3138 Nam
784 3082 855 3157 quia
869 3079 1073 3142 olrouluslad
1087 3083 1102 3140 1
1117 3079 1156 3141 ad
1170 3097 1203 3141 εθ
1218 3082 1314 3158 ipsum
1330 3086 1513 3157 eomparatur
1531 3080 1544 3093 “
1590 3134 1599 3151 ,
1635 3134 1639 3153 ,
1730 3170 1733 3179 Ι

170 4130 300 4208 cunque
323 4128 398 4191 dnae
421 4133 540 4209 quintae
563 4132 663 4192 oirouli
685 4134 898 4195 subtenduntur
919 4135 998 4197 linea
1019 4159 1188 4217 γεεμετρικῃ
1211 4124 1437 4208 demonstrabili,
1461 4134 1516 4193 erit
1631 4150 1634 4155 ’
1687 4138 1691 4147 “

168 4219 267 4296 itaque
297 4224 328 4279 et
355 4216 404 4277 bio
432 4220 528 4279 bonus
561 4223 654 4299 ioyoe,
684 4221 842 4300 stupere
870 4226 965 4285 minor
995 4223 1033 4285 ad
1057 4220 1074 4282 5
1097 4229 1192 4284 totum
1221 4228 1411 4299 comparetur.
1456 4218 1515 4279 Cur

171 4323 237 4384 ergo
260 4308 289 4364 in
306 4300 346 4387 Ἄ
368 4306 560 4368 subsistitur?
582 4307 709 4369 Primum
733 4312 803 4386 quia
826 4312 844 4369 2
868 4329 936 4390 pare
960 4310 1032 4372 adb
1055 4317 1150 4372 toturn
1173 4318 1250 4372 esset
1272 4307 1389 4387 quidem
1412 4305 1514 4368 eadem

170 4395 242 4455 ratio
266 4396 285 4452 2
307 4396 398 4472 partie
420 4393 458 4455 ad
482 4397 499 4456 5
525 4402 649 4474 partem,
680 4403 710 4457 et
731 4403 801 4458 tune
824 4404 902 4459 totns
926 4398 1049 4460 oireulue
1071 4398 1190 4461 haberet
1213 4404 1309 4477 partes
1333 4400 1361 4457 7.
1405 4395 1515 4456 Verum

171 4482 240 4559 quia
259 4479 438 4542 subtendent
462 4477 500 4566 2l,
523 4500 582 4544 non
605 4492 649 4543 est
671 4483 917 4563 demonstrabilis,
942 4487 1009 4549 ideo
1028 4486 1092 4564 jam
1113 4505 1172 4549 non
1193 4492 1290 4566 potest
1312 4485 1471 4563 comparari
1494 4483 1512 4547 2

170 4586 234 4648 pars
256 4574 309 4630 aut
333 4568 351 4629 5
374 4587 441 4649 pars
463 4569 500 4630 ad
526 4575 543 4630 7
565 4577 668 4631 totum.
712 4572 817 4650 Itaque
840 4567 882 4656 Ὗ,
905 4568 943 4656 ⁵),
969 4579 1050 4655 loyoc
1072 4581 1116 4636 est
1138 4572 1327 4654 ἁναρμοστος.
1372 4568 1422 4632 Sit¹
1442 4571 1515 4629 fiunt

173 4661 215 4727 Ἰν
232 4662 279 4732 ‘lm
296 4662 343 4731 ‘lar
361 4659 406 4732 ’t
423 4664 468 4734 'lm
487 4662 533 4733 'ln
553 4664 587 4733 ll,
617 4662 694 4741 loyor
723 4661 851 4735 steriles,
888 4662 959 4738 quia
988 4679 1048 4724 non
1077 4665 1201 4739 gignunt
1228 4663 1285 4721 nisi
1314 4656 1516 4737 dnopnooaove

174 4748 201 4818 ¹lr
217 4750 265 4821 ‘sna
285 4749 316 4820 'lt
335 4751 381 4820 Ἴτε
400 4753 442 4820 ⁵lu
464 4751 638 4822 ⁸l11=⁴lo⁶lot
658 4751 689 4821 'lt
710 4751 753 4823 ⁵ssr
773 4752 815 4822 'ln
837 4750 896 4825 8ἶιιι
916 4754 961 4826 ⁵l1u
979 4753 1033 4825 8Ιιθ·
1068 4747 1150 4811 Haec
1170 4750 1257 4828 igitur
1275 4747 1327 4809 ina
1350 4754 1395 4809 ⁰⁸t
1416 4762 1514 4821 ⁰²⁰⁸&

172 4850 220 4895 ons
240 4851 300 4896 nou
322 4834 418 4915 plures
441 4843 507 4896 oeto
531 4838 622 4915 inpone
643 4836 701 4896 sint
723 4836 752 4894 in
775 4836 888 4896 mustea
909 4844 961 4898 ant
981 4840 1010 4896 in
1025 4836 1086 4897 ulla
1099 4841 1211 4901 ratione
1231 4844 1365 4899 motuum
1388 4834 1514 4916 periente

171 4921 412 4985 eoneoroantiam.
459 4922 518 4986 Sed
539 4929 684 4987 tentemus
712 4930 741 4985 et
768 4924 889 4988 brevoin
920 4922 1116 4989 definitionem
1123 4943 1132 5008 3
1163 4930 1241 5008 loyor
1262 4948 1374 5010 nrapsoe
1396 4916 1516 4987 εἰσινοὶ

726 5020 752 5065 ο
