3840 5854
658 428 999 487 murmurmurmur.
1024 396 1029 405 ’
1375 484 1380 499 ,
1456 434 1498 499 tt

156 610 246 667 oritus
267 607 433 687 quadrante
455 627 475 670 a
495 624 549 670 suo
571 608 702 687 aphelio,
732 610 863 686 praecise
892 607 1036 669 medioore
1063 606 1154 669 habet
1181 604 1367 667 intervallum
1389 626 1407 668 a
1429 605 1499 669 Sola

156 697 229 756 inter
248 700 409 757 maximnm
431 698 461 755 in
483 697 601 774 aphelio
623 705 653 757 et
674 698 823 756 minimum
837 698 868 754 in
887 694 1044 773 peribolior
1069 690 1104 776 5)
1127 694 1246 754 diurnus
1268 695 1381 771 medius
1402 703 1499 756 motus

155 786 184 841 in
205 787 369 845 emauuioo
392 783 469 845 idern
491 790 536 847 εει
558 793 588 845 ει
609 802 696 845 verus
718 784 782 860 ejus
804 786 956 845 eooentrioi
986 800 1071 843 arnus
1101 780 1221 840 diurnus
1248 781 1306 847 illis
1334 784 1498 856 momentis,

156 871 260 946 quibus
282 873 404 949 planeta
425 873 521 932 estin
543 873 601 932 fine
623 871 793 948 quadrantis
815 872 977 945 eooeutn‘oi,
1000 871 1038 929 ab
1053 869 1170 947 aphelio
1186 873 1361 946 eomputati3
1386 872 1421 950 6)
1441 869 1499 929 duo

155 974 238 1017 meus
268 961 421 1019 sonantrioi
452 959 559 1032 diurni,
590 959 750 1035 aequaliter
780 976 849 1018 vore
880 957 1034 1030 distantes,
1065 956 1139 1019 alter
1159 956 1198 1015 ab
1222 955 1355 1033 ephebo,
1385 959 1500 1017 altera

154 1045 306 1121 perduelin,
325 1047 421 1123 Junnti
443 1056 569 1123 aequant
591 1046 710 1105 diurnos
733 1045 844 1106 medios
858 1054 970 1120 motus3
991 1040 1030 1127 i)
1054 1043 1153 1103 eadem
1176 1050 1220 1102 est
1241 1046 1390 1120 proportio
1412 1047 1499 1104 unius

156 1132 250 1192 diurni
272 1135 363 1194 medii
384 1132 424 1194 sd
444 1135 562 1211 junctos
583 1133 694 1193 medios
726 1150 826 1193 omues
853 1135 927 1193 inter
955 1150 987 1192 se
1016 1131 1170 1206 aequales,
1202 1140 1273 1206 quot
1295 1139 1363 1191 sunt
1385 1134 1413 1189 iu
1437 1140 1498 1191 toto

156 1222 286 1296 circuitu,
306 1238 386 1367 {uae
402 1230 447 1281 est
461 1221 550 1281 medii
565 1220 659 1280 diurni
674 1218 711 1279 ad
724 1221 842 1297 junctos
858 1237 942 1279 veros
958 1236 1057 1279 omrras
1072 1236 1155 1277 arcus
1179 1221 1355 1278 eooentriens
1377 1220 1499 1280 totidem

155 1324 290 1384 numero,
337 1309 373 1368 sd
397 1311 472 1370 inter
491 1325 524 1368 se
544 1307 729 1385 inaequalem
761 1303 797 1389 8)
826 1309 975 1385 proportio
1006 1308 1207 1383 apparentium
1229 1324 1265 1365 ox
1288 1304 1357 1365 Sole
1378 1323 1498 1366 nouum

156 1394 324 1454 diurnorum
346 1398 434 1456 unius
453 1396 605 1457 eooenuiei
628 1397 700 1456 satis
722 1396 852 1471 praecise
875 1393 964 1471 dupla
987 1410 1089 1453 eversa
1112 1400 1156 1452 est
1170 1394 1363 1469 proportionis
1379 1411 1497 1454 suorum

156 1483 378 1543 intervallorum
399 1501 419 1542 a
440 1482 510 1545 Sola
541 1479 581 1565 (si
606 1484 755 1545 eoceutrioi
778 1499 862 1542 arom
890 1499 947 1542 non
977 1483 1076 1558 magni
1104 1484 1185 1554 sunt,
1216 1481 1413 1541 eooentrieitas
1440 1498 1515 1542 non‘

157 1568 243 1629 valde
272 1566 428 1651 magna)“.
481 1570 537 1630 His
567 1570 762 1630 fundamentis
791 1568 905 1647 aceedit
935 1586 1025 1645 nuper
1054 1570 1222 1628 inventurn:
1255 1564 1290 1650 9)
1322 1571 1498 1646 „proportio

157 1674 233 1732 quae
255 1664 302 1717 est
323 1661 398 1717 inter
418 1658 552 1717 binomm
574 1657 756 1734 planetarum
779 1663 910 1734 tempora
925 1655 1081 1733 periodica,
1094 1654 1151 1715 ‘est
1163 1659 1294 1731 praeeise
1309 1656 1500 1732 sesquialtera

154 1747 352 1820 proportionis
374 1744 533 1805 mediarum
556 1743 767 1818 distantiarum,
789 1743 820 1804 id
841 1752 886 1805 est
909 1744 1020 1805 orbium
1042 1743 1202 1819 ipsorum“.
1462 1804 1470 1821 ,

268 1830 325 1893 His
352 1831 466 1908 legibus
496 1839 741 1910 superstruuntur
768 1831 824 1892 bae
855 1832 988 1908 regulae:
1026 1826 1058 1912 1)
1091 1828 1328 1906 multiplicandus
1359 1829 1500 1907 cujusque

153 1916 294 1994 planetae
321 1936 406 1980 araus
433 1937 521 1980 verm
554 1918 672 1979 diurnus
701 1921 730 1978 in
760 1922 806 1977 sui
838 1920 916 1977 orbis
951 1917 1211 1989 semidiametrum,
1246 1915 1314 1975 hino
1344 1917 1501 1994 prodibunt

154 2007 267 2065 numeri
290 2005 386 2066 idonei
408 2006 446 2067 ad
469 2006 689 2083 exquirendum,
719 2023 787 2064 num
809 2007 913 2066 itinera
939 2006 1049 2065 iaciant
1077 2007 1279 2081 proportiones
1305 2004 1498 2067 harmonicas.

154 2095 176 2150 2
215 2092 410 2171 Investigatio
440 2089 638 2154 beliooentrioi
666 2100 763 2153 motus
791 2109 842 2169 per
868 2110 970 2169 rerum
999 2100 1108 2151 motum
1138 2100 1168 2151 et
1189 2091 1356 2151 distantiam
1379 2111 1398 2152 a
1419 2092 1499 2154 Sole.

156 2180 175 2238 3
215 2179 642 2258 Investigatiodistantiarum
672 2199 691 2240 a
721 2179 790 2240 Sole
829 2197 880 2257 per
912 2180 1132 2240 belioosutrioos
1170 2177 1355 2254 quotidianos
1392 2189 1497 2241 motus.

154 2265 260 2327 Sumto
282 2267 381 2328 medio
404 2268 613 2346 proportionali
635 2270 709 2328 inter
732 2274 842 2326 motum
864 2266 1012 2343 aphelium
1035 2266 1082 2327 vel
1101 2265 1271 2344 peribelium
1287 2273 1316 2326 et
1330 2284 1415 2326 suum
1435 2286 1499 2328 me·
1613 2278 1617 2283 ’

154 2352 251 2431 dium,
279 2355 314 2414 tit
340 2362 374 2414 ut
401 2355 457 2415 boo
485 2355 613 2416 medium
634 2354 849 2433 proportionale
871 2351 908 2413 ad
931 2353 1175 2415 semidiametrum
1198 2354 1290 2431 orbis,
1322 2356 1366 2414 sio
1386 2354 1500 2416 medius

154 2451 252 2502 motus
282 2441 320 2501 ad
349 2441 517 2503 distantiam
545 2445 716 2520 quaesitam.
761 2436 797 2523 4)
827 2441 942 2501 Medius
963 2450 1060 2501 motus
1080 2441 1215 2518 planetae
1238 2449 1282 2500 est
1304 2448 1385 2501 tauto
1407 2445 1502 2503 minor

154 2531 333 2604 geometrico
355 2527 453 2589 medio
474 2533 548 2591 inter
569 2537 666 2590 motus
688 2536 847 2601 extremos,
879 2535 987 2605 quanto
1017 2528 1143 2589 madium
1172 2530 1379 2604 geometricum
1405 2533 1501 2591 minus

144 2624 204 2675 est
231 2633 323 2693 quarn
351 2617 478 2677 medium
507 2620 581 2677 inter
610 2624 773 2692 utrumque.
820 2611 855 2697 5)
885 2614 1135 2691 Quemadmodum
1163 2619 1311 2693 proportio
1340 2617 1501 2687 mediorum

154 2711 289 2763 motuum
311 2707 341 2762 in
364 2706 441 2764 binis
463 2704 587 2782 planetis
611 2711 655 2765 est
676 2700 867 2779 sesquialtera
889 2718 992 2764 eversa
1013 2704 1207 2781 proportionis
1230 2704 1352 2778 orbium,
1375 2706 1418 2764 sio
1431 2722 1502 2782 pro·

153 2792 251 2867 portin
275 2790 399 2850 duorum
420 2795 622 2869 apparentium
644 2792 881 2866 eonvergentium
904 2801 1095 2851 extremorum
1117 2798 1247 2850 motuum
1269 2807 1383 2868 semper
1405 2791 1502 2852 deficit

154 2895 172 2937 a
192 2878 390 2954 sesquialtera
411 2881 597 2956 proportione
620 2876 846 2953 intervallorum,
871 2876 930 2936 illis
953 2880 1087 2939 extremis
1110 2877 1235 2938 motibus
1258 2878 1501 2955 respondentium.

258 2963 363 3042 Capite
386 2976 489 3042 quano
511 2970 635 3044 primum
657 2964 887 3041 demonstratur,
919 2967 993 3026 inter
1014 2964 1177 3042 periodioos
1200 2982 1300 3025 sursus
1322 2966 1501 3042 singulorum

150 3051 335 3129 planetarum
356 3070 416 3113 non
438 3071 502 3114 esse
523 3053 705 3114 harmonicas
727 3054 863 3125 rationes,
887 3070 940 3113 neo
962 3055 1055 3130 magis
1078 3054 1152 3113 inter
1174 3069 1297 3130 eorpors
1319 3050 1501 3130 planetarum

151 3140 297 3217 ipsorum,
331 3157 407 3217 quae
434 3139 579 3217 Koplarus
606 3140 761 3218 periodiois
789 3139 917 3199 motibus
948 3140 1179 3218 proportionalia
1207 3140 1298 3217 ponit.
1347 3140 1406 3201 Sed
1436 3161 1502 3203 oum

152 3243 293 3286 cursuum
325 3233 458 3305 tempora
485 3228 688 3305 inaequalibus
718 3228 859 3302 motibus,
894 3228 981 3287 modo
1010 3227 1114 3303 tardis,
1148 3224 1236 3288 modo
1264 3226 1381 3304 madiis,
1414 3230 1502 3290 modo
1558 3228 1561 3232 ’

151 3314 297 3375 celeribus
328 3318 468 3389 existant,
500 3324 530 3376 et
557 3316 588 3376 hi
616 3314 849 3393 proportionales
876 3317 934 3374 sint
956 3316 1081 3376 artubus
1104 3314 1338 3393 quotidianorum
1361 3326 1502 3393 motuum,

152 3418 218 3461 aum
234 3418 306 3462 vero
321 3401 351 3461 bi
366 3403 405 3464 ad
420 3402 573 3464 distantias
589 3403 758 3479 dirigantur,
781 3400 841 3462 bae
853 3402 1041 3479 inquirendae
1056 3410 1133 3478 sunt,
1156 3419 1315 3479 anumque
1329 3407 1501 3480 praesertim

152 3490 300 3549 maximae
323 3496 352 3551 et
373 3492 511 3551 minimae
534 3489 699 3551 distantiae.
734 3488 801 3549 Hoo
822 3491 887 3566 pari
908 3489 996 3550 modo
1018 3490 1051 3549 fit
1072 3506 1131 3567 quo
1153 3492 1181 3548 in
1204 3488 1365 3550 Prodromo
1388 3498 1418 3563 11.
1431 3498 1502 3568 tao),

152 3593 334 3653 quamquam
347 3580 470 3649 numeri,
492 3579 649 3638 multorum
670 3593 810 3637 annorum
825 3575 930 3637 studiis
945 3579 1028 3651 eruti,
1052 3576 1162 3637 abillis
1185 3570 1359 3655 discrepant.
1388 3575 1503 3654 Quibus

151 3664 302 3740 inquisitis
331 3665 508 3741 ostenditur,
539 3665 736 3726 harmonicam
770 3662 887 3741 quidem
915 3668 1057 3726 rationem
1086 3666 1209 3725 inveniri
1237 3683 1295 3724 εοε
1317 3682 1406 3743 posse
1428 3667 1503 3726 inter

151 3752 311 3811 maximam
334 3758 364 3811 ot
383 3753 532 3812 minimam
555 3752 722 3813 distantiam
745 3755 831 3811 unius
853 3751 1040 3829 ejusdemque
1062 3752 1212 3828 planetae,
1244 3752 1295 3812 ssd
1328 3756 1503 3830 comparatis

152 3836 336 3899 diversarum
364 3839 545 3916 planetarum
573 3840 719 3900 distantiis
747 3837 836 3899 talem
863 3841 1004 3901 rationem
1034 3838 1143 3899 intendi
1165 3838 1267 3900 videri.
1313 3839 1400 3900 Ratio
1424 3842 1503 3900 enim

151 3924 264 4002 spbslii
287 3925 405 3986 Saturni
427 3925 465 3987 ad
486 3927 573 3989 doris
594 3926 766 4005 poribelium
795 3927 854 3986 iero
877 3927 1009 4004 aequalis
1033 3935 1077 3986 est
1099 3927 1204 3986 rationi
1227 3929 1303 3986 221
1329 3920 1502 4009 (octavae);

152 4010 273 4073 Saturni
295 4013 468 4089 parihelium
483 4014 519 4075 ad
535 4013 621 4074 doris
644 4013 792 4091 aphelium
807 4037 851 4068 =
868 4016 886 4073 t
902 4017 945 4073 :3
970 4009 1111 4096 (medium
1134 4015 1209 4076 inter
1230 4021 1342 4074 sextam
1363 4015 1504 4091 majorem

153 4093 372 4181 etmiuorem);
394 4099 481 4160 Joris
504 4101 651 4178 aplrelium
673 4100 711 4160 ad
734 4099 838 4160 Martis
859 4101 1032 4178 peribolium
1057 4126 1093 4155 =
1120 4104 1164 4161 4:
1184 4104 1198 4161 1
1222 4097 1346 4183 (duplex
1362 4099 1502 4186 octava);

151 4185 243 4246 Joris
263 4188 436 4264 paribelium
458 4187 496 4248 ad
518 4188 622 4248 Martis
645 4187 793 4265 aphelium
816 4212 854 4241 =
880 4189 923 4247 3:
943 4192 957 4247 1
976 4195 1032 4249 ειε.
1066 4186 1147 4264 „Etsi
1170 4207 1229 4249 non
1251 4187 1337 4265 plane
1359 4189 1503 4266 quadrant

152 4273 209 4333 bae
233 4277 361 4334 rationes
383 4292 450 4334 oum
471 4277 606 4351 numeris,
630 4274 684 4334 tuit
706 4284 803 4335 tamen
825 4275 873 4334 bie
895 4290 1049 4335 suooessus
1071 4277 1291 4335 invitamentum
1322 4272 1361 4335 ad
1382 4292 1503 4354 progre-

153 4360 294 4421 diendum
325 4361 477 4425 ultorius“.
528 4364 602 4423 Cum
634 4363 802 4423 barmoniae
837 4360 977 4423 affinitate
1011 4364 1129 4440 propios
1162 4363 1302 4423 secedant
1335 4362 1373 4423 ad
1407 4372 1503 4424 motus

154 4465 244 4524 quam
265 4444 419 4509 adrestas
440 4447 547 4525 lineas,
581 4449 683 4526 quales
706 4444 861 4511 distanb'ae
882 4450 1030 4526 putandae
1053 4457 1136 4524 sunt,
1167 4442 1240 4510 oum'
1256 4447 1412 4511 distantiae
1435 4450 1503 4512 illae

152 4552 212 4593 non
236 4553 273 4595 ex
295 4536 396 4597 orbitis
418 4537 471 4598 sed
492 4554 528 4598 ex
550 4538 677 4598 motibus
707 4539 908 4612 aestimentur,
939 4544 1131 4599 extremorum
1163 4544 1294 4597 motuum
1325 4542 1503 4616 comparatio

152 4621 314 4701 repetenda
336 4633 414 4700 erat3
445 4631 477 4684 at
497 4642 534 4686 ne
557 4627 586 4683 in
609 4622 665 4685 bao
687 4623 804 4703 quidem
834 4624 1005 4685 cernebatur
1032 4625 1193 4685 harmonia.
1238 4620 1384 4703 Keplorus
1406 4628 1503 4703 igitur,

153 4727 222 4770 curn
243 4727 298 4771 uos
319 4708 350 4770 in
373 4712 461 4772 rebus
483 4713 665 4773 terrestribus
687 4712 903 4773 harmoniarum
923 4719 977 4772 aut
997 4710 1099 4772 auditu
1121 4719 1174 4770 aut
1188 4713 1255 4772 risu
1277 4712 1502 4788 conscios-deri,

152 4796 259 4859 deinde
281 4799 311 4858 in
334 4797 510 4861 coelestibus
530 4800 659 4860 motibus
681 4798 784 4862 deesse
807 4815 911 4860 sonum
933 4802 1134 4876 oomrovissat,
1158 4816 1193 4859 eo
1217 4798 1358 4862 deductus
1380 4808 1439 4876 est,
1470 4808 1504 4861 ut

153 4884 211 4945 sibi
239 4884 445 4963 persuaderet,
473 4903 590 4947 sensum
618 4889 699 4951 risus
727 4889 824 4948 inesse
852 4887 937 4963 quasi
965 4888 1053 4947 etiam
1082 4886 1182 4947 mundi
1212 4890 1381 4966 torporibus
1410 4904 1503 4965 eoque
