3872 5846
368 374 431 439 uls
778 375 820 434 lie
837 373 1102 447 configurationibus
1119 376 1299 434 Harmonicis.

366 540 427 613 iare
449 569 614 632 possumus,
637 561 778 630 quantum
801 555 920 632 qnidam
941 556 1028 635 nobis
1049 554 1086 617 de
1106 557 1143 616 iis
1165 557 1336 620 consdterit.
1380 553 1479 617 Unum
1494 563 1609 617 tantum
1630 574 1719 636 praa·

366 641 540 701 mittendum
562 658 685 716 censeo,
709 641 944 720 distinguendum
967 660 1031 704 esse
1053 645 1130 704 inter
1151 644 1264 722 species
1288 646 1366 723 ipsas
1388 644 1628 716 mathematicas,
1661 648 1718 703 cir-

368 727 465 788 culum
488 735 518 789 et
539 745 638 789 arcum
660 728 739 804 ejus,
770 730 902 807 interque
927 732 1175 807 comparationem
1204 748 1322 805 eorum,
1352 737 1382 792 et
1409 730 1466 791 boc
1487 729 1569 804 iden,
1602 732 1672 807 quia
1693 733 1718 789 sl

278 808 285 823 '
367 817 482 894 species
509 818 591 893 ipsae
621 833 674 877 ceu
702 819 816 876 termini
847 818 1038 878 collocandae
1066 825 1134 876 sont
1162 821 1241 877 intus
1269 821 1298 878 iu
1328 820 1426 879 anima
1457 820 1520 878 siue
1542 820 1717 896 receptione,

368 902 461 963 multo
484 905 577 979 magis
599 903 765 979 harmonia,
794 922 871 982 quae
895 912 939 966 est
962 905 1125 966 interillos
1148 914 1260 984 partes,
1288 908 1318 964 in
1341 910 1438 966 ruente
1460 904 1633 975 collocanda
1654 907 1718 979 erit,

367 997 401 1050 nt
421 1007 479 1049 nou
510 989 619 1052 habeat
642 994 797 1052 essentiam
829 1010 913 1052 suum
936 1001 1018 1054 extra
1040 990 1139 1066 iilam,
1174 995 1369 1070 quippedum
1399 992 1464 1071 ejus
1491 995 1618 1054 essentia
1646 1000 1730 1054 con-¹

247 1118 252 1126 -
369 1079 454 1138 sistat
484 1079 513 1135 in
536 1081 651 1139 actione
674 1078 774 1156 aliqua
802 1082 907 1142 mentis
936 1082 1013 1140 circa
1035 1082 1147 1157 species
1170 1079 1245 1139 illae.
1290 1081 1328 1139 Et
1356 1078 1480 1143 circulus
1503 1079 1622 1158 quidem
1654 1097 1719 1144 cum

368 1165 494 1225 arcubus
517 1167 559 1225 sic
581 1177 650 1225 sunt
672 1168 701 1224 iu
723 1168 836 1242 anima,
869 1174 899 1227 ut
927 1170 999 1227 citra
1021 1170 1251 1228 controversiam
1279 1170 1337 1228 siut
1367 1168 1456 1227 ctiam
1485 1170 1515 1226 in
1544 1167 1718 1245 sensilibus3

369 1260 401 1312 at
421 1251 590 1327 harmonia,
621 1260 765 1332 quaeest
792 1257 866 1314 iriter
887 1255 1029 1315 mrcuium
1057 1256 1181 1331 ejusque
1202 1260 1331 1334 partem,
1363 1254 1462 1332 quoad
1490 1254 1612 1314 lormaie
1634 1271 1720 1314 suum

368 1339 450 1400 nolio
472 1338 560 1399 modo
583 1349 628 1401 est
650 1349 732 1402 extra
753 1344 895 1415 enimam,
923 1351 1067 1420 utsupra
1094 1344 1191 1420 patuit
1218 1342 1351 1420 exemplo
1375 1343 1497 1419 numeri.
1542 1341 1612 1403 Jam
1635 1349 1720 1401 vete·

368 1444 433 1487 rum
454 1433 626 1505 argumenta
653 1436 720 1488 sunt
750 1431 907 1507 praecipue
935 1428 971 1491 da
1002 1428 1157 1508 speciebus
1184 1429 1270 1506 ipsis,
1301 1446 1332 1488 re
1355 1428 1540 1507 simpliciori3
1568 1429 1721 1491 inarmonia

369 1531 441 1576 raro
463 1531 510 1575 res
532 1522 577 1575 est
598 1517 692 1593 magis
715 1519 886 1595 composita.

456 1602 493 1662 Er
523 1602 579 1663 hoc
605 1611 650 1664 est
679 1603 851 1664 discriminis
880 1606 955 1665 lnter
984 1602 1192 1676 Aristotelem,
1218 1601 1396 1675 Platonem,
1426 1601 1563 1663 Proclum
1597 1620 1646 1685 ex,
1662 1619 1722 1662 uua

370 1696 462 1767 parte,
486 1691 617 1769 interque
639 1690 840 1752 Ptolemaeum
863 1709 899 1752 ex
921 1682 1032 1751 aitera'
1069 1688 1117 1749 lili
1140 1692 1217 1750 onim
1241 1689 1276 1750 de
1299 1708 1358 1749 esee
1372 1693 1538 1767 specierum
1560 1689 1720 1767 disputant,

369 1776 557 1840 Ptolemaeus
586 1776 622 1839 de
649 1796 707 1838 esee
733 1779 922 1841 barmoniae.
966 1777 1026 1839 Sed
1048 1776 1211 1838 Ptolemaei
1240 1784 1352 1837 textum
1382 1794 1437 1838 nos
1468 1780 1498 1838 lu
1528 1777 1720 1855 appendicem

371 1866 461 1926 totius
483 1866 579 1942 operis
601 1865 774 1942 rejiciamus,
797 1885 835 1928 ue
856 1867 952 1938 nobis,
975 1863 1055 1942 quod
1077 1866 1159 1925 initio
1183 1866 1287 1942 capitis
1310 1866 1499 1941 verebamur,
1523 1867 1623 1926 turbas
1648 1882 1721 1925 con·

370 1953 454 2027 citat3
485 1952 551 2012 illos
581 1970 665 2029 vero,
696 1957 748 2032 qui
775 1956 993 2032 appositissime
1021 1952 1058 2013 ad
1088 1959 1270 2032 praesentem
1297 1952 1529 2031 speculationem
1552 1953 1721 2029 loquuntur,

367 2038 430 2117 jam
452 2040 614 2101 audiemus.
1675 2079 1680 2097 .

457 2126 494 2187 Et
515 2127 648 2188 Platonis
670 2127 788 2205 quidem
811 2126 848 2188 de
870 2129 958 2189 rebus
979 2126 1195 2187 mathematicis
1221 2128 1367 2186 sententia
1389 2126 1464 2187 haec
1486 2134 1561 2187 erat:
1593 2112 1722 2186 mentem

369 2213 529 2275 humanam
551 2231 651 2276 omnes
673 2224 703 2275 et
723 2217 836 2293 specics
859 2232 911 2275 sen
935 2214 1043 2292 figuras
1071 2222 1101 2274 et
1122 2216 1272 2275 axiomata
1296 2221 1326 2274 at
1348 2212 1550 2275 conclusiones
1574 2214 1722 2274 derebus

370 2318 402 2360 se
425 2303 490 2378 ipsa
512 2300 646 2363 edoctam
670 2319 750 2376 esse3
780 2320 845 2364 cum
868 2318 939 2362 vero
964 2300 1100 2361 rideatur
1122 2300 1245 2376 erudiri,
1275 2300 1307 2361 id
1329 2300 1402 2361 nihil
1425 2300 1505 2362 aliud
1529 2318 1609 2375 esse,
1632 2318 1721 2377 quam

370 2387 518 2451 admoneri
541 2407 594 2466 per
615 2389 826 2467 diagrammata
847 2389 967 2450 sensilia
988 2405 1084 2447 rerum
1107 2406 1223 2463 earum,
1253 2405 1328 2466 quas
1351 2405 1450 2449 secum
1470 2390 1539 2467 ipsa
1560 2391 1641 2449 sciat.
1687 2386 1722 2447 ld

371 2476 513 2554 singulari
542 2476 663 2537 artiflcin
693 2484 893 2553 repraesentat
918 2479 947 2535 in
971 2475 1113 2554 dialogis,
1136 2475 1300 2538 introducto
1322 2492 1431 2553 puero,
1463 2478 1529 2553 qai,
1559 2483 1722 2554 rogatusa

372 2567 528 2640 magistro,
551 2563 707 2643 respondet
730 2568 827 2625 omnia
849 2564 887 2625 ad
910 2571 1022 2623 votum.

462 2650 636 2714 Aristoteles
660 2638 761 2714 c'ontra
781 2655 812 2711 ln
835 2651 1049 2730 Metaphysicis
1071 2657 1266 2711 commentum
1287 2650 1348 2711 hoc
1370 2649 1500 2728 appellat
1524 2652 1607 2730 loyor
1625 2652 1722 2711 uico·

371 2743 502 2816 aarodq,
526 2760 598 2816 apoc
619 2761 670 2817 eqo
692 2734 832 2802 {randena
852 2741 1055 2816 βεβιασμενογς
1082 2756 1137 2798 occ
1160 2741 1237 2799 enim
1264 2738 1338 2798 haec
1364 2737 1572 2799 mathematica
1601 2739 1722 2798 seorsim

372 2842 392 2885 a
413 2826 570 2886 sensilibus
593 2844 717 2903 usquam
739 2830 914 2900 subsistere,
937 2843 992 2887 ccc
1013 2823 1101 2886 aliam
1126 2843 1190 2886 esse
1211 2825 1329 2887 illorum
1351 2825 1580 2900 subsistentiam,
1602 2841 1639 2885 ne
1656 2827 1723 2901 qui·

371 2911 437 2973 dem
460 2915 489 2972 iu
511 2921 624 2988 mente,
653 2916 709 2974 nisi
737 2931 774 2976 ea
794 2917 922 2987 ratione,
953 2931 1013 2991 qua
1040 2920 1136 2973 cetera
1159 2913 1338 2975 universalia
1364 2921 1433 2972 sunt
1460 2914 1490 2972 in
1513 2919 1626 2985 mente,
1655 2929 1722 2971 cum

374 3003 519 3061 essentiae
541 3002 648 3078 ipsius,
676 3020 770 3063 rerum
793 3001 945 3063 sensilium
967 3000 1157 3077 singularium
1180 3003 1294 3078 species
1316 3017 1368 3079 per
1391 2999 1588 3061 definitionem
1611 2999 1722 3058 forma·

373 3096 421 3148 tur
444 3090 474 3147 iu
494 3097 608 3162 mente,
640 3092 739 3167 itaque
769 3093 866 3168 priora
888 3086 1007 3165 quidem
1037 3105 1101 3148 esse
1124 3087 1280 3148 sensilibus
1307 3098 1338 3148 et
1358 3086 1488 3148 abstrahi
1517 3106 1536 3147 a
1556 3085 1722 3159 sensilibus,

373 3181 486 3233 utnon
509 3193 555 3250 re,
578 3176 629 3236 sed
661 3185 803 3253 conceptu
825 3177 939 3236 mentis.
985 3172 1043 3236 Ubi
1071 3174 1249 3251 notandum,
1283 3173 1361 3253 qnod
1384 3174 1573 3249 Aristotelea,
1604 3175 1721 3251 quoties

372 3263 432 3322 lere
461 3279 516 3322 usu
546 3265 626 3323 venit
654 3272 688 3323 ut
709 3267 839 3324 nominet
867 3276 1006 3342 generum
1028 3262 1300 3324 mathematicorum
1329 3276 1419 3321 unum
1446 3261 1566 3340 aliquod
1596 3261 1721 3339 exempli

371 3344 477 3427 gratia,
501 3367 615 3428 semper
637 3358 688 3411 aut
710 3359 849 3428 punctum
873 3352 1012 3425 nominet,
1035 3356 1087 3410 aut
1108 3349 1225 3427 lineam,
1248 3358 1301 3410 aut
1319 3348 1510 3427 superficiem,
1533 3356 1585 3409 aut
1607 3365 1721 3426 corpus,

373 3444 426 3496 aut
447 3454 616 3513 nnmerum,
639 3455 716 3515 quae
738 3442 857 3499 suntin
880 3436 1116 3515 praedicamento
1140 3439 1312 3515 quantitatis
1336 3454 1450 3498 summa
1470 3454 1594 3515 generem
1625 3452 1722 3514 quan·

372 3526 489 3585 titutum
513 3543 593 3599 vero,
616 3528 645 3584 iu
668 3536 809 3603 qnantum
832 3534 900 3587 sunt
922 3525 1032 3600 figurae
1055 3533 1085 3584 et
1106 3526 1135 3582 ln
1152 3537 1257 3601 quarta
1271 3527 1368 3602 specie
1384 3524 1535 3601 qualitatis
1558 3519 1625 3606 (ubi
1640 3521 1723 3585 aliud

246 3642 255 3660 ι
374 3619 420 3673 est
441 3614 569 3689 ipsarum
592 3613 759 3689 materiale,
783 3617 948 3691 quantitas,
972 3610 1052 3671 aliud
1075 3611 1209 3683 formale,
1234 3607 1342 3695 ligura)
1369 3629 1422 3689 per
1443 3611 1497 3672 has
1519 3611 1638 3687 quidem
1660 3610 1723 3670 dis-

371 3702 542 3777 putationes
572 3700 605 3759 flt
627 3704 735 3762 mentio
763 3704 923 3773 rarissima,
955 3702 1148 3775 inquantum
1180 3700 1352 3772 relationes,
1383 3698 1470 3776 plane
1499 3698 1591 3759 uuila
1636 3698 1722 3760 Adeo

374 3785 492 3863 quidem
515 3788 603 3847 etiam
626 3788 823 3850 harmonicam
844 3789 996 3850 scientiam
1018 3788 1101 3863 ponit
1123 3787 1268 3864 speculari
1292 3788 1329 3848 de
1350 3787 1433 3846 nulia
1454 3803 1499 3859 re,
1513 3782 1583 3846 'nial
1607 3785 1643 3846 de
1664 3803 1722 3846 ro·

373 3874 456 3934 cibus
479 3873 574 3951 deque
597 3876 633 3935 iis
654 3893 713 3936 non
736 3876 829 3950 diter,
853 3878 909 3935 nisi
932 3876 960 3932 in
984 3882 1125 3950 quantum
1148 3875 1216 3934 iliae
1239 3875 1433 3941 anatliema,
1455 3870 1543 3952 plahe
1565 3876 1721 3950 utoptlca.

373 3958 421 4020 lie
442 3961 605 4022 intervallis
628 3980 698 4023 vero
721 3963 871 4038 linearum,
896 3979 971 4040 quae
993 3969 1062 4021 suot
1082 3965 1231 4040 proportio
1252 3961 1368 4044 (relatio
1384 3962 1529 4035 nimirum,
1553 3968 1582 4022 et
1597 3977 1632 4019 ea
1655 3963 1723 4037 qul·

375 4048 441 4109 dem
465 4048 642 4127 qualitativa
665 4058 694 4110 et
716 4050 859 4133 figurata),
882 4069 920 4112 ne
1028 4051 1069 4106 iat
1091 4049 1208 4126 quidem
1231 4067 1359 4127 unquam
1378 4048 1559 4110 Aristoteles.
1603 4046 1722 4108 Nullum

374 4138 474 4213 itaque
497 4135 617 4197 dubium
642 4144 702 4212 est,
732 4142 801 4214 quin
825 4136 946 4199 ulterius
1024 4152 1176 4210 gressuros
1203 4137 1291 4197 luerit
1312 4140 1341 4196 in
1364 4135 1421 4197 bac
1450 4135 1667 4215 speculatione,
1698 4135 1722 4195 si

373 4224 587 4285 mathematicis
609 4224 845 4300 profundioribus
867 4223 915 4306 (de
937 4221 1127 4283 intellectuali
1155 4224 1311 4302 figurarum
1340 4223 1525 4302 possibilium
1555 4231 1585 4286 et
1612 4225 1724 4301 impos·

374 4312 502 4373 sibilium
525 4312 696 4386 differentia,
719 4329 779 4390 qua
801 4312 837 4374 de
859 4330 913 4373 nos
935 4312 1049 4388 egimus
1072 4312 1149 4374 libro
1164 4310 1202 4393 1.)
1223 4313 1326 4373 luisset
1341 4313 1479 4372 imbutus.
1524 4309 1559 4369 ln
1582 4318 1724 4388 quantum

374 4400 463 4477 igitur
485 4399 521 4460 de
543 4401 664 4459 summis
686 4402 857 4477 quantitatis
880 4400 1036 4477 generibus
1059 4398 1204 4477 disputat,
1237 4398 1322 4461 lacile
1345 4400 1452 4473 vincit,
1475 4399 1591 4462 nemine
1613 4416 1722 4476 repug-

374 4494 482 4563 nante;
505 4486 584 4565 qnod
607 4504 676 4548 vero
698 4488 728 4546 iu
750 4489 918 4547 universum
941 4489 1032 4556 (etiam
1050 4488 1084 4544 de
1105 4488 1248 4560 speciebus
1266 4488 1413 4546 individuis
1431 4488 1608 4554 [lormaiitem
1627 4496 1658 4543 ut
1675 4487 1726 4544 cir·

374 4577 449 4644 culo,
476 4579 582 4647 trigono
602 4568 671 4648 etc.)
690 4573 839 4635 concludit
863 4583 892 4634 et
913 4575 1069 4635 Platonem
1097 4573 1240 4634 stultitiae
1267 4573 1371 4652 hujus,
1401 4590 1488 4649 quam
1512 4575 1574 4648 ipse
1603 4573 1657 4630 sibi
1682 4577 1727 4632 est

374 4662 562 4738 imaginatus,
586 4679 666 4723 reum
689 4664 818 4740 peragit,
851 4660 977 4737 denique
1003 4659 1083 4736 quod
1111 4662 1243 4740 picturae
1266 4658 1437 4720 Platonicae
1469 4659 1504 4719 de
1526 4675 1617 4736 puero
1641 4657 1726 4719 ‹edro-

378 4754 503 4827 drduaep
526 4750 589 4826 ipse
611 4750 733 4827 opponit
754 4751 897 4826 picturam
920 4747 1114 4821 contrariam,
1142 4758 1268 4807 mentem
1291 4764 1424 4807 asserens
1450 4766 1482 4807 se
1505 4749 1570 4823 ipsa
1593 4762 1726 4817 vacuam,

374 4851 434 4896 non
456 4842 570 4899 mutum
593 4837 769 4915 cognitionis
793 4845 908 4898 ceterae
938 4845 969 4896 et
990 4834 1261 4896 mathematicorum
1282 4852 1437 4914 generum,
1469 4832 1521 4894 sed
1548 4835 1637 4893 etium
1658 4848 1728 4911 spe·
