3940 5856
751 408 836 471 Libet·
851 410 885 472 V.
907 415 995 487 (lupuit
1010 414 1060 472 IX-
1513 364 1576 496 ω

220 590 287 647 edre
306 591 452 649 00000100
488 591 707 647 Consentaneum
723 589 808 661 igitur
824 595 876 659 est,
895 589 978 645 etiam
995 589 1137 660 physicam
1155 591 1360 664 inscriptionem
1377 599 1403 656 ei
1422 610 1577 673 competere

220 685 272 725 uec
288 669 370 739 plene
387 668 578 725 tetraedricam
595 683 647 723 nec
663 667 746 738 plane
763 667 1000 737 dodeoaedricam,
1019 668 1069 723 sed
1086 672 1194 738 generis
1211 672 1379 748 intermedii3
1407 686 1438 735 ut
1456 681 1521 751 qnia
1538 688 1578 737 te·

220 749 347 803 traedron
363 740 459 818 planis'
470 746 624 818 pertingere
642 746 736 803 debuit
753 746 935 802 adsumunt
954 745 1036 829 orbis,
1056 746 1246 811 dodeceedron
1264 768 1320 808 non
1338 758 1482 827 attingere,
1501 766 1577 815 certo

220 828 323 897 spatio:
338 828 397 897 J'am
415 828 484 882 haec
502 826 628 882 aculeata
644 826 734 897 figura
751 825 885 882 lateribus
902 826 1017 881 inversis
1034 826 1107 881 inter
1118 828 1236 897 spatium
1254 830 1442 890 icbsiedn'cum
1461 844 1489 891 et
1506 838 1579 892 inter

221 906 295 961 orbis
313 906 436 976 inscripti
454 921 588 963 summum
606 913 668 973 stet,
687 905 810 975 proxime
827 905 899 960 hauc
916 903 1097 960 summitatem
1116 907 1260 975 attingens,
1279 910 1302 964 si
1319 919 1409 967 tamen
1428 916 1508 969 etiam
1525 916 1579 971 ista

223 982 312 1053 figura
328 986 356 1038 in
368 985 527 1039 societatem
544 985 710 1054 reliquarum
720 985 840 1054 quinque
849 982 1026 1038 adsciscendo
1034 984 1086 1040 fuit
1095 984 1224 1055 legesque
1233 987 1309 1059 istae,
1328 991 1466 1048 euntibus
1472 992 1578 1062 legibus
1623 1031 1638 1057 0

220 1062 337 1133 illarum,
356 1062 469 1118 tolerari
487 1070 641 1134 potuerunt
660 1063 719 1120 imo
737 1064 804 1133 quid
821 1061 882 1118 dieo
900 1063 1011 1117 tolerari
1028 1065 1196 1132 potuerunt?
1214 1066 1313 1135 quibus
1330 1066 1393 1123 illae
1412 1086 1505 1126 carere
1523 1088 1577 1125 uon

220 1147 377 1210 potuerunt.
415 1143 487 1198 Nam
505 1144 529 1197 si
547 1142 716 1199 dodecaedru
736 1143 909 1211 competebat
926 1141 1069 1211 inscriptio
1087 1141 1164 1212 laxa,
1183 1159 1233 1198 nec
1251 1146 1400 1216 attingens,
1420 1149 1485 1218 quid
1504 1149 1577 1204 aliud

220 1219 389 1277 indefinitam
406 1222 481 1277 illam
498 1222 638 1278 laxitatem
657 1222 730 1276 intra
747 1230 840 1277 certae
857 1222 1017 1290 quantitatis
1035 1228 1123 1277 metas
1141 1228 1268 1279 coercere
1285 1228 1391 1295 potuit,
1410 1244 1491 1298 quam
1509 1228 1578 1282 baec

221 1299 384 1356 subsidiaria
400 1301 502 1371 figura,
530 1301 700 1358 dodocatdro
719 1309 747 1356 et
764 1301 900 1357 icosiedro
919 1309 1052 1370 cognata,
1079 1300 1256 1372 inscriptione
1279 1322 1330 1360 suu
1355 1306 1479 1375 proxime
1497 1307 1577 1362 attin·

222 1383 311 1448 geute,
330 1394 380 1434 nec
397 1379 460 1449 plus
478 1380 621 1436 deficiente
639 1381 674 1448 (si
691 1387 781 1435 tamen
800 1379 902 1451 deficit)
924 1396 1006 1450 quam
1023 1380 1179 1436 tetraedron
1198 1383 1352 1440 exceditur
1377 1394 1516 1457 penetrat,
1544 1385 1577 1441 de

221 1471 276 1525 qua
293 1458 443 1525 quantitate
457 1459 516 1528 jam
532 1460 561 1514 in
579 1461 705 1530 sequenti
722 1475 840 1528 agemus.
1300 1502 1303 1513 .

309 1548 407 1610 Valde
435 1552 613 1612 versimilem
641 1551 736 1611 reddit
764 1552 840 1611 banc
868 1568 988 1611 eausam
1016 1550 1111 1611 echini
1134 1554 1271 1612 associati
1306 1553 1420 1614 duabus
1443 1557 1577 1630 cognatis
1677 1630 1681 1637 ἡ

223 1634 325 1712 riguus
348 1633 397 1721 (ut
420 1638 532 1699 scilicet
555 1638 794 1700 determinaretur
821 1642 972 1716 proportio
996 1639 1109 1698 orbium
1133 1638 1237 1700 Martis
1260 1650 1290 1700 et
1312 1641 1451 1716 Veneris,
1488 1659 1577 1717 quarn

222 1722 291 1784 illae
306 1724 487 1786 indefinitam
503 1725 700 1806 reliquerunt),
723 1725 803 1804 quod
827 1728 974 1787 invenitur
996 1725 1212 1787 semidiameter
1233 1728 1312 1788 orbis
1326 1729 1453 1790 Telluris
1468 1725 1577 1809 (1000)

222 1827 314 1889 prope
336 1812 494 1874 admodum
517 1814 614 1874 medio
642 1814 709 1874 loco
739 1800 965 1893 proporiionaiis
995 1816 1069 1872 inter
1098 1814 1198 1873 orbern
1220 1815 1325 1875 Martis
1352 1816 1525 1895 peribelinrn
1547 1828 1578 1877 et

223 1897 347 1959 Veneris
368 1900 533 1979 apbelinm:
557 1905 641 1978 quasi
665 1905 802 1979 spatium,
825 1901 905 1979 quod
927 1901 1049 1963 ecbinus
1065 1901 1195 1961 vindicat
1216 1906 1348 1979 cognatis
1370 1904 1479 1980 liguris,
1503 1907 1577 1963 iuter

224 1983 291 2045 illas
307 1996 340 2047 ut
353 1999 423 2066 pote
438 1989 549 2051 similes
563 1990 821 2069 proportionaliter
835 1968 875 2048 si't
889 1988 1026 2049 divisum.
1046 1997 1146 2063 (sahmi
1158 1998 1268 2059 speciem
1285 1998 1342 2046 uus
1354 1999 1400 2051 nn.
1412 2000 1444 2048 v.
1456 1997 1576 2059 101212)

311 2091 539 2171 Propositio
561 2092 705 2156 XLVHl.
748 2093 904 2170 Inscriptio
933 2092 1092 2170 figurarum
1121 2093 1297 2171 regularium
1320 2094 1478 2156 solidarum
1502 2102 1577 2158 inter
1665 2098 1672 2121 ‘

225 2181 512 2258 orbuspiunetarios
541 2198 600 2240 uon
622 2181 678 2240 luit
699 2197 796 2241 merae
824 2180 985 2256 libertatis3
1016 2181 1230 2259 impediebatur
1258 2184 1335 2241 enirn
1357 2185 1435 2243 eirca
1456 2188 1576 2245 minima
1613 2182 1616 2192 ‘

225 2268 263 2327 ab
285 2269 445 2328 harmoniis
468 2272 543 2328 inter
565 2275 662 2327 motus
685 2276 829 2328 extremos
852 2269 978 2327 statutis.

309 2360 379 2414 Nam
397 2374 448 2428 per
464 2375 508 2414 am
528 2362 550 2412 1.
570 2365 598 2414 et
614 2360 640 2414 2.
658 2360 798 2430 proportio
817 2360 923 2415 orbium
940 2362 1074 2431 quusque
1091 2361 1195 2430 figurae
1220 2378 1274 2416 non
1291 2363 1353 2432 ipsa
1370 2377 1422 2431 per
1438 2376 1469 2416 se
1486 2362 1574 2431 ipsam

225 2437 380 2492 immediate
398 2437 491 2493 debuit
507 2437 630 2508 exprimi,
647 2437 697 2493 sed
708 2437 843 2507 perillam
855 2439 1026 2508 quaerendae
1039 2441 1116 2509 prius
1132 2438 1243 2496 fuerunt
1259 2442 1432 2510 motibusque
1449 2442 1578 2497 extremis

225 2516 469 2577 accommodandae
487 2517 651 2585 barmoniae,
669 2519 737 2587 ipsis
754 2519 860 2573 urbium
877 2519 1098 2588 proportionibus
1116 2520 1350 2576 tamssnrnrinas.
1521 2572 1525 2585 ,

311 2596 426 2664 Deinde,
443 2602 475 2651 ut
491 2611 541 2665 per
558 2613 603 2651 ax.
624 2598 663 2652 18.
681 2598 724 2653 20.
742 2596 899 2652 harmoniae
917 2596 1084 2653 universales
1097 2598 1211 2654 duorum
1229 2614 1358 2668 generum
1376 2615 1438 2656 esse
1455 2607 1576 2671 possent,

225 2672 350 2729 fermenti
367 2676 489 2730 nonnihil
507 2675 570 2731 addi
588 2675 708 2745 oportuit
726 2675 873 2731 harmoniis
892 2675 1058 2744 singularum
1075 2676 1198 2746 bigarum
1223 2675 1372 2743 maioribus
1390 2692 1440 2747 per
1457 2677 1577 2733 rationes

225 2753 397 2822 posteriores.
417 2754 453 2810 Ut
469 2755 553 2826 igitur
570 2754 623 2811 ista
640 2764 713 2811 stare
730 2763 844 2827 possent
860 2750 971 2826 suisque
989 2757 1107 2827 propriis
1125 2758 1175 2812 niti
1192 2758 1351 2827 rationibus,
1370 2755 1579 2824 requirebantur

221 2830 369 2907 ¹intervalla
387 2832 546 2889 dissidentia
562 2835 685 2888 nonnihil
711 2834 812 2903 abiis,
841 2849 910 2903 qnae
936 2842 1001 2889 sunt
1024 2851 1058 2889 ex
1083 2834 1260 2905 inscriptione
1284 2835 1406 2905 perlecta
1430 2833 1577 2901 figurarum

227 2910 297 2965 inter
314 2911 412 2982 orbes,
437 2913 542 2982 legibus
561 2919 683 2968 motuum
709 2928 768 2982 cap.
787 2915 811 2970 3.
830 2913 982 2982 explicatis.
1020 2913 1051 2967 Id
1079 2921 1109 2969 ut
1127 2913 1319 2982 comprobetur
1346 2920 1373 2965 et
1391 2921 1421 2967 ut
1439 2920 1577 2981 appareat,

193 3018 198 3025 ·
227 2995 357 3057 quantum
375 2991 521 3062 derogetur
548 2992 661 3061 singulis
678 2990 772 3059 figuris
798 3008 849 3062 per
867 2991 1021 3046 harmonias
1045 2991 1163 3061 propriis
1181 2992 1333 3046 rationibus
1352 2990 1499 3046 stabilitas:
1527 3007 1578 3059 age

227 3083 262 3121 ex
279 3068 333 3123 iliis
351 3079 523 3139 exstruamus
540 3070 684 3127 intervalla
700 3071 871 3140 planetarum
889 3070 982 3126 aSole
998 3086 1069 3126 nova
1086 3072 1174 3126 forma
1192 3069 1288 3126 calculi
1306 3085 1357 3125 nec
1374 3077 1457 3123 antea
1473 3074 1579 3123 tentata

227 3161 405 3217 aquoqnum.
1382 3201 1385 3209 ,

315 3232 407 3292 Erunt
429 3244 527 3295 autern
550 3228 748 3313 inqu'ipitiouis
779 3234 868 3312 buJus
890 3237 946 3294 tria
973 3237 1088 3313 capita:
1116 3236 1242 3312 primurn
1272 3249 1308 3293 ex
1337 3232 1481 3308 cujusque
1509 3230 1577 3307 pla-

227 3327 313 3378 netae
336 3323 465 3382 motibus
496 3324 572 3384 binis
604 3328 740 3384 extremis
769 3325 950 3401 inquirantur
975 3323 1040 3398 ejus
1064 3329 1093 3381 et
1124 3322 1201 3382 Solis
1224 3319 1381 3381 intervalla
1402 3318 1579 3378 itidem-ex·

228 3413 329 3481 bema,
354 3412 447 3469 exiis
470 3409 568 3471 radius
592 3412 669 3470 urbis
692 3413 721 3469 10
744 3409 795 3469 1110
815 3419 1008 3470 extremorum
1031 3409 1250 3470 intervallorum
1273 3407 1454 3467 dimensione
1477 3405 1578 3481 cujus-

228 3511 286 3572 que
307 3494 444 3571 planetae
465 3501 593 3576 propria
638 3498 789 3571 Secundo,
819 3516 853 3558 ex
875 3498 980 3557 iisdem
1001 3499 1130 3557 motibus
1162 3498 1315 3569 extremis,
1345 3498 1375 3553 in
1397 3494 1578 3553 dimensione

229 3585 365 3642 omnibus
392 3585 510 3658 eadem,
549 3588 729 3663 inquirantur
759 3593 855 3646 motus
886 3582 976 3645 medii
1010 3601 1170 3662 eorumque
1200 3586 1360 3662 proportio.
1411 3581 1511 3641 'lertio
1542 3597 1578 3639 ex

228 3673 416 3748 proportione
438 3681 570 3734 motuum
593 3673 756 3733 mediorum
775 3673 838 3751 Jam
860 3674 1009 3751 patefacta
1030 3674 1179 3749 proportio
1203 3673 1317 3731 orbium
1340 3687 1392 3730 seu
1415 3669 1578 3728 mediorum

229 3758 451 3820 intervallorum
472 3763 698 3837 investigabitur
725 3769 756 3821 et
784 3778 844 3821 una
866 3764 955 3822 etiam
978 3770 1188 3835 extremorum,
1222 3758 1334 3836 illaque
1362 3757 1579 3835 comparabitur

231 3861 297 3905 eum
320 3849 556 3923 proportionibus
579 3848 758 3926 figuralibus.
1647 3919 1652 3925 ¹

321 3932 407 4009 Quod
429 3937 553 4013 primum
575 3939 692 3996 attinet:
723 3933 912 4013 repetendum
935 3942 980 3994 est
1008 3953 1045 3994 ex
1067 3952 1130 4011 eep.
1148 3936 1178 3995 3.
1201 3949 1321 3992 numere
1345 3933 1381 4008 6,
1410 3928 1489 4008 quod
1510 3945 1582 4007 pro·

225 4023 327 4097 ‘portio
349 4030 480 4083 motuum
504 4031 697 4083 extremorum
729 4026 768 4082 sit
790 4021 880 4099 dupla
911 4024 1108 4099 proportionis
1131 4038 1251 4082 eversae
1273 4018 1510 4099 respondentium
1532 4019 1580 4075 in-

232 4109 421 4169 tervallorum
443 4128 462 4170 a
484 4110 563 4174 Sole.
608 4111 682 4171 Cum
705 4112 793 4187 igitur
815 4113 905 4170 etiam
928 4109 1136 4186 quadratorum
1165 4110 1313 4188 proportio
1337 4110 1375 4166 sit
1397 4104 1488 4183 dupla
1510 4122 1580 4181 pro·

231 4198 372 4273 portionis
393 4215 513 4258 sucrum
535 4199 672 4271 laterum,
696 4214 766 4274 ergo
788 4202 909 4274 numeri,
933 4198 1041 4273 quibus
1056 4201 1178 4257 erberni
1201 4203 1299 4256 motus
1320 4193 1503 4270 singulorum
1525 4209 1578 4252 ex·
1607 4263 1613 4267 ι

230 4285 406 4360 primuntur,
437 4286 699 4346 considerabuntur
728 4292 761 4344 ut
787 4284 922 4363 quadrati
951 4293 980 4344 et
1011 4286 1162 4361 quaesitae
1184 4284 1302 4344 illorum
1330 4282 1443 4343 radices
1466 4279 1579 4340 dabunt

232 4378 361 4431 exuema
382 4373 551 4448 intervalia,
585 4391 708 4450 qnorum
735 4373 821 4432 facile
843 4383 888 4432 est
917 4372 1045 4431 medium
1067 4371 1280 4432 arithmeticum
1303 4372 1434 4446 accipere
1455 4385 1508 4444 pro
1531 4385 1595 4447 se·¹

231 4458 414 4520 midiametro
457 4462 536 4521 orbis
571 4471 601 4522 et
636 4462 861 4523 eccentrieitata.
917 4460 1012 4537 Igitur
1047 4460 1218 4520 barmoniae
1253 4458 1395 4519 hactenus
1430 4454 1580 4516 stabilitae

232 4549 478 4625 praescripserunt
489 4567 497 4606 z
