3704 5962
624 347 738 422 Keplcri
754 349 883 407 Machina
898 348 1072 423 Hydrsullea.
1458 348 1520 415 638

156 527 306 601 pollicitus
325 531 367 581 est
384 523 510 594 Adlerus,
529 540 559 580 se
576 541 665 581 meum
679 526 908 598 Cosmegrsphiae
919 521 1079 598 myrtinum
1097 528 1185 601 prima
1202 526 1344 583 occasione
1362 526 1397 584 sd
1408 526 1518 583 Portam

156 609 400 674 transmissurum,
420 605 453 660 de
472 605 637 674 aquatilibus
657 607 748 660 tacuit.
784 607 839 661 Res
858 614 948 661 tamen
966 608 1018 676 ipsi
1037 606 1118 662 cura'e
1135 606 1187 661 tuit
1206 614 1233 661 et
1251 609 1359 663 omuino
1377 607 1442 661 mihi
1460 623 1519 678 per·

155 687 280 753 suadeo,
297 685 443 754 instigasse
461 685 578 754 Portam,
597 694 628 741 ut
646 685 716 742 hanc
734 703 791 743 rem
810 687 844 742 ad
863 702 942 741 usum
959 686 1115 742 transierat
1151 687 1193 741 lta
1211 703 1255 743 me
1276 704 1393 756 namque
1421 688 1518 743 adhor-

155 774 242 822 tatus
271 772 313 821 est
338 765 366 820 in
390 766 443 820 alia
464 766 636 834 inventione,
664 767 698 821 de
721 781 776 836 qua
797 773 901 835 postea.
938 764 991 821 Sed
1010 766 1045 821 ad
1062 766 1097 821 D.
1115 766 1260 821 Pistorium
1282 767 1375 822 redeo.
1411 767 1438 821 Is
1457 782 1518 821 cum

154 863 222 901 non
240 852 335 914 posset
352 860 383 899 se
401 842 529 912 expedire
547 860 582 898 ex
599 843 670 900 mule
688 845 811 899 formatis
830 845 953 900 iconibus
971 852 999 900 et
1017 844 1114 899 vitioso
1133 853 1225 913 textu,
1250 861 1293 900 ms
1309 846 1392 915 jussit
1409 862 1517 900 manum

156 925 305 982 adhibere.
339 924 455 979 Factum
472 924 500 979 id
518 923 612 993 obiter,
631 940 682 979 nec
699 922 728 979 in
746 923 801 979 ullo
820 939 903 979 censu
917 923 1005 979 habeo
1018 924 1090 979 hunc
1101 922 1231 991 laborem,
1249 938 1312 978 nam
1323 939 1374 992 per
1385 938 1415 978 se
1429 922 1518 978 brevis

156 1004 228 1060 fuit.
265 1005 354 1060 Unum
371 1003 426 1058 hoc
443 1001 560 1058 accedit:
577 1004 753 1072 praecipuum
765 1004 865 1057 Portae
883 1002 1035 1075 artificium,
1055 1002 1089 1057 de
1101 1001 1241 1070 fonticulo,
1261 1002 1308 1070 qui
1321 1016 1420 1071 aquarn
1434 1000 1518 1070 drrplo

157 1083 250 1139 altius
269 1083 432 1153 ejaculatur,
456 1099 538 1152 quem
562 1088 604 1137 est
628 1099 708 1139 casus
726 1085 755 1137 in
771 1083 916 1151 fonticulo,
939 1083 967 1137 id
991 1082 1133 1137 artificium
1156 1082 1234 1136 icone
1260 1090 1287 1137 et
1305 1082 1391 1136 literis
1409 1081 1517 1151 quidem

157 1165 257 1234 aptis,
285 1172 363 1219 textu
381 1179 444 1219 sero
462 1163 543 1233 plane
561 1164 672 1219 mentito
698 1163 860 1232 exprimitur
884 1163 964 1218 simul
989 1170 1016 1217 et
1034 1162 1193 1218 occultatur.
1229 1162 1285 1216 Eas
1314 1177 1364 1230 ego
1390 1161 1518 1231 strophas

159 1242 255 1296 evolvi
273 1249 433 1310 textumque
451 1240 558 1310 addidi,
581 1242 688 1297 veritati
711 1249 739 1299 et
761 1242 946 1311 diagrammati
971 1241 1184 1307 convenientem¹
1210 1239 1283 1309 quod
1301 1239 1370 1294 alius
1389 1255 1455 1294 sane
1473 1239 1518 1292 rix

165 1321 389 1390 deprehenderit.
427 1320 480 1375 Sed
499 1322 564 1391 quid
581 1320 653 1376 hoc?
683 1319 829 1375 Praetores
847 1335 936 1388 neque
954 1319 1059 1375 correxi
1076 1319 1104 1374 in
1116 1318 1168 1372 hac
1180 1317 1276 1373 ultima
1289 1319 1388 1374 Portae
1400 1318 1518 1376 editione

162 1399 323 1470 quicquam,
340 1416 391 1455 nec
409 1399 503 1469 adjeci.

254 1470 448 1534 Percommode
474 1494 537 1533 veru
565 1476 711 1532 admoneor
737 1478 777 1532 rei
802 1478 980 1533 necessariae.
1016 1478 1202 1534 inventionem
1219 1479 1307 1534 habeo
1326 1475 1518 1548 exprimendae

161 1571 256 1625 aquae
275 1566 471 1627 comparatam,
495 1572 626 1626 perquam
650 1556 758 1621 utilem,
782 1556 885 1625 siquis
909 1556 1008 1612 artifex
1026 1558 1092 1611 mihi
1109 1559 1183 1613 illam
1201 1559 1349 1627 exemplari
1376 1558 1517 1627 exprimat

161 1637 267 1692 Nullae
285 1637 449 1692 adhibentur
466 1632 603 1703 salsulae,
628 1635 692 1703 quia
710 1634 880 1689 circulariter
895 1635 948 1689 buc
966 1634 1033 1705 agit,
1057 1636 1130 1705 quod
1150 1637 1229 1703 vulgo
1248 1637 1337 1692 dictae
1355 1651 1471 1705 pompae
1489 1636 1516 1689 in
1590 1686 1597 1703 ,

160 1718 240 1773 linea
257 1724 347 1785 recta,
375 1716 490 1772 subinde
507 1715 710 1770 intermittente.
746 1715 811 1769 Cum
831 1714 877 1768 diu
891 1715 957 1784 jam,
977 1731 1015 1770 sc.
1030 1716 1071 1770 ab.
1090 1731 1160 1769 anno
1173 1716 1214 1771 97.
1230 1715 1282 1770 hoc
1295 1730 1390 1770 saxum
1403 1715 1516 1782 solvam,

161 1796 276 1853 ιιιιιιι
293 1796 374 1852 incidi
391 1797 419 1850 in
437 1796 627 1865 augustanum
646 1793 788 1858 artificem,
815 1794 877 1862 qui,
904 1793 1020 1863 pecunia
1038 1795 1071 1849 27
1090 1792 1115 1848 il.
1139 1810 1216 1850 ame
1235 1800 1355 1862 accepta,
1380 1792 1516 1862 pollicitus

163 1883 212 1931 est
230 1875 331 1944 scripto
351 1881 379 1928 et
396 1872 501 1943 sigillo,
525 1888 555 1927 se
573 1872 756 1942 perfecturum
774 1874 915 1941 Augustae
940 1873 1093 1943 exemplam
1118 1889 1173 1943 quo
1191 1873 1225 1928 ad
1243 1871 1426 1941 praescriptas
1443 1872 1517 1940 leges

163 1953 299 2024 perlecto,
317 1949 404 2007 debeo
422 1951 463 2005 illi
481 1967 613 2007 summam
630 1952 763 2023 integram
780 1953 816 2009 58
834 1953 942 2008 circiter
958 1952 1125 2017 tuberonem,
1152 1969 1201 2020 pro
1219 1951 1288 2006 libra
1306 1950 1376 2005 aeris
1404 1966 1442 2005 sc.
1461 1952 1516 2003 Au·

164 2040 284 2099 gustans
313 2032 382 2098 52¹1,
406 2031 549 2087 cruciatos.
587 2032 702 2087 Cautum
721 2037 780 2100 est,
807 2039 839 2087 ut
861 2031 1013 2100 perfectum
1037 2048 1107 2101 opus
1134 2032 1188 2086 duo
1214 2028 1368 2084 examinent
1390 2028 1518 2097 artifices,

163 2112 236 2166 alter
255 2127 271 2165 a
288 2126 331 2167 me
348 2117 485 2178 exoratus,
504 2110 574 2166 alter
590 2111 625 2166 ab
644 2111 705 2181 illo;
730 2111 777 2180 qui
801 2112 825 2166 si
847 2112 987 2182 exemplar
1003 2110 1179 2181 praescriptis
1196 2108 1302 2178 legibus
1320 2107 1438 2163 dixerim
1456 2122 1518 2160 con·

147 2205 236 2261 ,grus
255 2189 319 2282 (non
337 2189 508 2244 considerato
527 2187 655 2260 effectu),
684 2190 801 2260 pecunia
828 2189 925 2247 artifici
952 2190 1062 2245 residua
1089 2196 1132 2245 est
1148 2188 1331 2256 numeranda,
1358 2187 1400 2242 sin
1418 2187 1516 2249 minus,

165 2269 277 2324 restitut
279 2269 305 2323 io
266 2268 389 2322 trnihi
406 2269 440 2323 27
457 2267 622 2323 florenorum
641 2276 684 2324 est
701 2268 835 2325 iacienda.

253 2348 329 2402 Ilaec
346 2347 385 2402 ita
402 2347 565 2418 pepigimus,
584 2348 649 2416 quia
666 2351 819 2419 sperabam,
838 2350 954 2419 aliquem
978 2365 1012 2404 ex
1034 2349 1101 2406 meis
1119 2347 1296 2405 familiaribus
1313 2349 1464 2416 Augustam
1482 2346 1517 2401 ad

164 2427 367 2500 praescriptum
385 2432 493 2495 tempus
512 2434 664 2486 venturum.
700 2430 768 2485 Cum
786 2431 839 2486 hac
856 2446 905 2500 spe
924 2408 1079 2495 exciderim,
1098 2428 1257 2496 nescioquo
1275 2441 1319 2481 me
1335 2431 1446 2488 sertam,
1465 2423 1517 2477 nisi

164 2506 202 2561 ad
219 2507 257 2562 M.
276 2508 376 2575 Tuam,
404 2506 449 2562 cui
466 2507 583 2577 plurima
605 2516 647 2564 est
665 2511 806 2579 Augustae
825 2512 930 2566 notitia
966 2512 1044 2579 Rogo
1070 2509 1162 2578 itaque
1187 2507 1317 2576 majorem
1344 2506 1372 2559 in
1399 2504 1516 2578 modum,

165 2586 191 2642 si
209 2584 349 2641 commode
366 2584 426 2639 fieri
443 2592 548 2654 potest,
575 2591 606 2639 ut
624 2587 659 2642 ad
678 2588 822 2658 collegium
841 2589 977 2658 opificium
1004 2592 1043 2644 ιιι
1061 2587 1202 2655 ιιιιιιιιιιιι
1220 2584 1380 2655 perscribat,
1405 2590 1443 2651 ιιι,
1469 2584 1516 2653 qui

166 2670 233 2721 sunt
248 2664 319 2719 iuter
337 2678 384 2718 eos
399 2663 494 2732 jurati,
512 2678 582 2733 opus
600 2665 749 2734 inspiciant
789 2668 909 2736 Tempus
932 2667 1054 2736 elapsum
1079 2673 1134 2734 est,
1161 2682 1212 2722 nec
1234 2673 1344 2733 teneor,
1368 2666 1432 2733 quia
1449 2665 1517 2718 D.a
1623 2698 1627 2711 ·

167 2742 372 2811 Dietrichstein,
391 2742 439 2810 qui
453 2741 510 2810 jam
527 2741 572 2795 hic
588 2741 707 2811 legatum
725 2745 781 2812 agit
799 2753 827 2800 et
844 2746 923 2814 qu'us
940 2745 1041 2801 fiducia
1058 2747 1172 2817 nitebar,
1192 2746 1268 2802 brevi
1282 2745 1371 2815 nga
1387 2743 1515 2800 discedet

165 2823 322 2878 simarum
339 2820 410 2876 forte
429 2837 483 2876 non
507 2821 672 2879 admovisset
695 2826 843 2893 hactenus,
863 2825 1012 2915 adigendus
1036 2831 1078 2886 est
1100 2825 1166 2878 mihi
1184 2826 1218 2880 ad
1237 2822 1417 2892 solutionem,
1443 2821 1516 2913 quod

166 2909 247 2972 opto;
265 2917 326 2955 uam
346 2901 455 2957 sinistra
474 2901 547 2956 fama
565 2917 627 2956 cum
646 2903 783 2972 sequitur,
811 2904 889 2972 quasi
907 2904 1010 2972 majora
1032 2904 1136 2959 ritibus
1170 2902 1335 2972 susceperit,
1358 2902 1411 2957 imo
1437 2901 1516 2971 quasi

166 2996 221 3037 non
238 2980 320 3035 liceat
335 2980 376 3033 illi
394 2980 436 3034 vel
454 2980 532 3035 ιιιιιι
550 2997 600 3037 suo
618 2981 647 3034 in
665 2979 717 3035 hac
738 2982 852 3036 materia
874 2982 989 3051 versari,
1013 2998 1074 3036 cum
1092 2982 1152 3051 ipse
1170 2983 1207 3037 sit
1223 2982 1354 3050 lignarius
1373 2988 1400 3034 et
1418 2995 1515 3050 aquae·

166 3061 305 3115 dumanas
324 3050 456 3128 simplex,
476 3059 560 3115 irater
576 3076 639 3115 vero
658 3059 717 3129 ejus
735 3061 882 3116 Baltbasar
903 3061 981 3117 fusor
1004 3062 1125 3130 quidem,
1150 3063 1200 3118 scd
1231 3062 1350 3116 nondum
1377 3060 1515 3129 magister.

165 3140 225 3196 Hoc
243 3138 409 3194 addendum:
428 3148 534 3209 patrem
551 3141 619 3209 ipsis
637 3155 698 3195 esse
716 3141 991 3213 aquaeductorum,
983 3157 1058 3212 ipsos
1076 3159 1140 3198 vero
1158 3142 1252 3197 ambos
1271 3140 1398 3200 coelibes.

253 3217 371 3271 Primum
383 3224 467 3286 atque
478 3218 621 3287 rescivere,
640 3220 779 3289 exemplar
791 3221 826 3276 ad
838 3221 914 3291 leges
930 3237 1098 3292 expressum,
1116 3223 1251 3291 reliquum
1259 3221 1390 3290 pecuniae
1401 3218 1514 3273 ιιιιιιιιιιι.
1596 3246 1601 3255 .

168 3298 268 3366 Spero,
295 3296 320 3351 si
346 3311 400 3350 non
423 3295 546 3351 futurum
569 3299 605 3353 sit
622 3301 661 3356 M.
681 3298 756 3352 Tuae
775 3301 959 3369 commodum,
988 3302 1032 3355 hic
1049 3316 1092 3355 me
1111 3301 1256 3370 adiurare,
1283 3315 1326 3355 me
1353 3300 1516 3356 documenta

167 3371 261 3430 illaesa
277 3381 459 3443 recepturum.

252 3453 476 3522 Postscripta.
513 3455 585 3509 Dum
602 3456 697 3514 literas
715 3458 837 3528 detineo,
862 3459 986 3527 Augusta
1009 3459 1149 3528 rescisco,
1167 3457 1220 3512 hoc
1244 3474 1314 3529 opus
1336 3457 1483 3513 nondum
1475 3473 1515 3511 m·

170 3532 294 3589 choatnm
312 3550 381 3601 esse,
399 3549 450 3589 uec
467 3535 608 3629 Augustae
626 3535 739 3611 haerere
752 3536 884 3606 opificem,
903 3538 950 3595 sed
969 3537 1015 3592 hic
1032 3537 1144 3608 Pragae
1179 3537 1306 3592 Poteram
1319 3537 1412 3606 itaque
1427 3542 1515 3590 totum

165 3615 237 3669 hunc
254 3613 344 3668 locum
362 3615 518 3685 praeterire,
537 3617 589 3672 nisi
606 3604 706 3685 pagina
722 3618 797 3671 esset
809 3616 946 3685 mutanda,
966 3631 1036 3686 quae
1048 3617 1129 3671 etism
1142 3616 1197 3671 alia
1209 3616 1339 3672 ιοιιιιιι.
1359 3616 1413 3671 Sed
1425 3622 1516 3671 tamen

166 3696 204 3750 Μ.
222 3694 297 3748 Τιιι
315 3693 430 3749 libemm
448 3702 504 3763 est,
522 3695 568 3749 hic
586 3712 628 3750 me
646 3693 759 3750 consilio
775 3695 888 3763 juvare,
911 3703 959 3750 ant
975 3696 1131 3766 percontari
1149 3697 1182 3751 de
1200 3695 1355 3760 hominibus
1374 3694 1450 3761 istis,
1469 3699 1516 3749 aut

1 3851 2 3858 ἵ
105 3774 109 3780 “
166 3772 345 3827 dexteriorem
365 3774 505 3830 nominare
523 3775 655 3844 opificem,
675 3781 722 3830 ant
740 3774 795 3829 talc
814 3774 925 3843 aliquid.

252 3881 394 3948 Putationis,
413 3897 488 3948 quam
506 3884 568 3933 dicit
586 3882 722 3946 Keplerus,
741 3898 836 3933 summa
853 3886 914 3934 haec
933 3892 983 3936 est:

252 3970 289 4017 Ζιι
309 3971 411 4020 maen:
436 3970 481 4020 sls
499 3971 532 4021 Μ.
551 3972 635 4021 Johun
653 3974 745 4035 Kepler
763 3974 791 4024 E.
810 3974 843 4024 Κ,
862 3974 908 4023 Μι.
927 3973 1119 4022 Mathematicus
1138 3989 1168 4020 an
1187 3974 1283 4035 sinsus,
1306 3972 1356 4020 und
1374 3971 1446 4020 Hans
1466 3972 1516 4020 vnd

169 4040 298 4089 Baltbesar
310 4040 339 4088 N.
354 4039 462 4106 (Miller)
476 4042 618 4091 Gebriieder
636 4058 677 4091 am
694 4043 795 4105 andern,
815 4059 899 4105 wegcn
912 4045 979 4093 einer
991 4058 1119 4093 messenen
1131 4044 1308 4092 Wasserlsnust
1326 4057 1354 4090 zu
1371 4041 1516 4102 sertertigen

168 4112 205 4158 ein
227 4109 325 4170 Gediug
350 4111 396 4157 mit
414 4111 534 4160 einander
550 4114 677 4174 gemacht,
702 4113 789 4162 dassen
808 4114 916 4162 luhalts:
944 4114 1000 4163 dass
1019 4115 1081 4162 uach
1099 4128 1259 4173 gunegssmer
1276 4113 1452 4173 Veriertlgung
1473 4111 1516 4161 des

169 4179 287 4228 Werolrhs
305 4180 339 4230 Μ.
358 4179 381 4228 J.
400 4181 492 4243 Kepler
517 4181 659 4230 domitans
680 4182 728 4230 snd
746 4184 878 4232 balthasar
895 4184 923 4231 N.
947 4184 988 4232 fiir
1004 4184 1074 4245 jedes
1091 4183 1175 4232 Piuud
1193 4183 1272 4247 Mese,
1299 4198 1326 4231 so
1346 4183 1391 4230 dus
1410 4181 1516 4231 Werckh

169 4263 250 4310 regen
268 4251 357 4312 werde,
377 4250 429 4298 drel
447 4251 493 4300 Ort
510 4253 578 4299 eines
595 4252 698 4301 Thaleta
716 4253 775 4301 oder
792 4251 867 4317 tw,-
878 4255 921 4302 Kr.
940 4253 1058 4303 benableu
1076 4255 1153 4317 solle;
1179 4254 1221 4303 Sis
1239 4255 1300 4302 aber
1315 4266 1399 4311 wegcn
1418 4250 1517 4312 Mangel

167 4322 215 4368 lrer
232 4321 416 4368 Instrumeuten
441 4320 484 4369 (ιιι
502 4321 607 4370 Wsrclrb
633 4336 666 4370 an
691 4322 798 4372 etlichsn
821 4324 933 4373 Puncten
958 4340 989 4373 ιιι
1011 4324 1055 4372 (ιιι
1078 4324 1203 4372 arundeis
1221 4324 1367 4383 Regnuegen
1395 4322 1443 4371 rud
1461 4322 1515 4369 Αι-

168 4391 246 4452 geben
266 4392 308 4438 tilr
326 4389 430 4439 dissmal
448 4393 486 4438 nit
504 4393 651 4452 uertertlgen
671 4393 798 4441 khdnden:
823 4395 903 4442 baben
922 4395 995 4445 bride
1013 4394 1089 4442 Thali
1106 4395 1159 4443 sicb
1178 4395 1225 4442 aut
1240 4394 1280 4441 ein
1299 4407 1379 4441 newes
1399 4391 1447 4440 and
1466 4393 1515 4439 iol-

168 4454 256 4521 gesidsr
275 4460 371 4509 Gestslt
388 4462 435 4509 mlt
456 4461 574 4509 einander
595 4462 690 4512 bersdt:
713 4462 736 4522 1)
752 4463 981 4512 Beideflebriieder
999 4466 1191 4513 verrsversieren
1209 4464 1271 4528 sich,
1290 4463 1356 4511 disse
1375 4452 1515 4521 luventius,

168 4533 201 4579 sle
219 4531 318 4591 geratbe
343 4543 395 4578 nun
413 4531 461 4579 wol
480 4532 540 4579 oder
557 4532 627 4591 ubal,
650 4535 688 4581 nit
705 4531 781 4581 allsin
806 4535 845 4581 ιιι
864 4534 915 4580 sich
941 4535 1064 4598 saihston,
1089 4535 1137 4582 obn
1156 4533 1188 4580 Μ
1208 4533 1230 4582 J.
1251 4532 1355 4595 Keplers
1374 4533 1514 4579 Vorwisssn

168 4602 202 4649 uit
220 4601 419 4649 nscbzumacheu
437 4594 496 4648 oder
514 4616 543 4649 zu
562 4603 729 4665 gebraucben,
749 4604 857 4652 scudem
867 4605 938 4651 anch
958 4603 1094 4663 disselbige
1110 4603 1232 4652 Nicmaud
1254 4603 1368 4651 auderem
1387 4614 1417 4649 zu
1436 4601 1515 4648 odeu-

168 4672 250 4729 bsreu,
269 4669 350 4717 aeder
368 4669 446 4719 durcb
465 4671 526 4733 sich,
544 4672 608 4720 noch
627 4674 664 4720 Ire
684 4674 823 4725 Gobiillieu
862 4671 892 4736 2)
910 4673 945 4724 Μ.
963 4673 987 4722 J.
1001 4671 1092 4734 Kepler
1110 4675 1232 4722 bezablt
1225 4688 1283 4721 ineu
1302 4687 1340 4720 am
1356 4669 1468 4728 Wercth,
1488 4684 1515 4717 sc

166 4744 228 4802 jetro
247 4742 279 4788 77
298 4708 627 4804 Piuudbelt,bei1antlicb
647 4744 680 4792 ιι
699 4748 723 4797 ι.
742 4747 858 4795 cerbero.
894 4742 918 4806 3)
938 4742 979 4792 Sle
997 4755 1085 4790 nomeu
1109 4743 1152 4791 das
1170 4744 1393 4792 rnrollchommeue
1408 4739 1515 4788 Wercth

167 4809 226 4860 nach
245 4811 390 4872 Augspurg,
417 4810 467 4859 sud
485 4808 537 4859 diss
555 4812 602 4862 aui
615 4812 671 4864 Ιιιιι
691 4816 838 4882 Vnkoeten,
867 4813 969 4865 rollens
987 4810 1045 4861 alda
1061 4814 1109 4867 snit
1125 4813 1200 4863 Ηιιιι
1215 4816 1267 4865 lres
1283 4814 1402 4867 Vattsrn,
1426 4808 1516 4871 blessy
