3822 5866
793 392 884 455 lictae
896 394 1031 456 'lidltoris
1160 468 1163 477 ¹
1520 404 1585 468 488

230 574 505 634 mammeas.
540 573 878 660 madramen
904 577 942 651 r]
966 581 1011 654 ι,
1036 573 1242 662 mnae,
1268 544 1585 659 &acimpro-

227 660 713 745 jneoausaestOetQinVll.
1344 684 1348 697 ¹

315 761 408 818 Habet
430 762 511 821 bomo
537 765 589 821 ists
614 770 745 822 naturam·
763 748 939 838 undiquecue
964 768 1098 826 caninam
1142 769 1195 826 Est
1219 767 1305 823 instar
1328 765 1420 822 catelli
1443 718 1616 833 comesuri]

230 838 346 896 delicati.
382 842 408 909 1)
427 843 533 913 Corpus
552 850 595 898 est
612 841 693 923 agile,
712 842 826 915 aridum,
844 847 915 903 bene
933 848 1178 919 proportionatum.
1212 846 1310 901 Victus
1327 844 1422 915 utique
1439 843 1519 911 idem,
1539 839 1584 899 de·

228 917 346 975 lectatur
363 920 491 978 radendis
511 922 628 993 ossibus,
647 923 722 980 duris
740 925 820 995 panis
838 928 946 993 crustis,
965 932 1121 994 astrosus,
1140 926 1199 981 sine
1217 924 1324 992 ordine,
1343 930 1373 976 ιι
1392 920 1519 991 quodque
1538 922 1585 976 ob·

229 1003 354 1054 versatur
373 998 468 1069 oculis,
482 1000 591 1071 arripit.
626 1001 726 1058 Parum
744 1010 832 1072 potat.
868 1005 1019 1062 Contentus
1044 1012 1087 1062 est
1104 1004 1149 1060 vel
1166 1003 1312 1061 vilissimis.
1347 1002 1374 1073 2)
1392 1002 1485 1057 Mores
1503 1000 1585 1063 simil·

227 1076 293 1132 limi
329 1079 450 1137 Primum
468 1080 653 1151 superioribus
671 1088 712 1145 (ιι
724 1081 799 1139 canis
812 1080 978 1154 domesticis)
996 1092 1129 1155 perpetuo
1142 1099 1203 1141 sose
1214 1085 1343 1152 insinuat,
1362 1099 1397 1136 cx
1409 1081 1470 1137 aliis
1484 1080 1585 1150 pendet

226 1172 278 1227 par
301 1157 398 1227 omnis,
425 1158 480 1215 illis
504 1160 656 1231 ministrat,
678 1157 734 1216 illis
754 1171 815 1216 uon‘
832 1160 961 1217 irascitur
987 1163 1265 1233 sireprebendatur,
1293 1162 1366 1218 omni
1387 1159 1468 1216 modo
1492 1159 1584 1224 studet

227 1237 317 1294 redire
333 1238 362 1294 in
379 1239 504 1308 ιιιιιιιιι
538 1239 593 1295 Per
611 1254 641 1296 se
658 1239 749 1295 omnia
766 1241 880 1298 minatur
894 1241 925 1296 in
943 1241 1109 1312 disciplinis,
1127 1243 1156 1297 in
1173 1241 1277 1311 politia,
1295 1240 1324 1297 in
1340 1255 1372 1295 re
1390 1239 1538 1304 domestica
1556 1248 1584 1295 et

226 1314 372 1373 vilissimas
393 1332 500 1387 operas.
534 1317 587 1373 Est
608 1317 636 1372 in
661 1324 794 1389 perpetuo
817 1334 899 1375 cursu
918 1326 946 1375 ιι
964 1318 1102 1390 quoslibet
1124 1320 1257 1391 quidlibet
1274 1325 1386 1389 ιςιιιιι
1410 1325 1585 1376 consectatur

227 1394 300 1450 idem
317 1398 423 1466 agendo
448 1405 477 1453 et
502 1397 691 1466 excogitando.
726 1398 779 1467 Est
800 1399 945 1469 impatiens
963 1399 1175 1457 conversationis
1192 1406 1221 1455 et
1239 1400 1332 1456 crebro
1350 1400 1379 1454 in
1397 1398 1480 1454 aedes
1497 1399 1583 1454 senti·

226 1480 317 1529 tantas
335 1493 391 1533 noa
407 1491 487 1534 secus
506 1476 608 1533 salutat
626 1494 658 1534 aa
676 1477 759 1534 oanis
795 1478 850 1534 Ubi
867 1478 929 1548 quis
948 1478 973 1535 ci
990 1478 1131 1535 minimum
1148 1477 1240 1548 eripit,
1257 1483 1423 1546 murmurat,
1442 1476 1533 1547 ardet,
1552 1482 1583 1533 ιι

228 1554 312 1610 canis.
348 1555 508 1625 littteras,
527 1555 677 1613 insectator
694 1555 877 1628 quorumlibet
894 1574 978 1628 prave
996 1560 1142 1628 agendum,
1158 1556 1242 1613 latrat
1254 1557 1365 1614 scillcet.
1402 1557 1455 1612 Est
1467 1563 1495 1610 et
1511 1570 1582 1609 mur·

227 1632 289 1702 dax,
309 1633 422 1691 dicteria
437 1633 588 1704 pungentia
605 1634 690 1691 babet
706 1635 735 1690 in
752 1643 869 1705 promtu.
904 1635 1031 1692 Plurimis
1048 1637 1132 1706 igitur
1149 1651 1250 1692 exosum
1268 1643 1311 1692 ιιι
1329 1642 1358 1691 ιι
1376 1634 1456 1690 abiis
1473 1634 1582 1703 vitatur,
1685 1693 1691 1697 ,

227 1712 277 1768 sed
295 1714 450 1785 superiores
468 1729 560 1769 carum
577 1713 693 1784 babent,
710 1730 765 1770 non
783 1730 863 1770 secns
880 1731 913 1770 ac
931 1715 1074 1773 domestici
1091 1718 1193 1773 bouum
1211 1730 1314 1773 canem
1350 1715 1453 1769 Horret
1474 1713 1579 1782 balnea,

226 1791 381 1863 ιιιιιιιιιιι,
408 1792 526 1848 lotiones
553 1799 584 1848 ιι
611 1792 693 1849 cunia
736 1792 847 1848 Summa
873 1793 898 1849 ci
924 1794 1037 1850 infrenis
1063 1797 1203 1853 temeritas
1228 1796 1312 1865 inest,
1339 1808 1437 1864 nempe
1464 1809 1481 1850 a
1508 1785 1581 1871 §in

224 1877 263 1951 [ι
300 1881 343 1952 6,
374 1873 417 1959 Θ
435 1881 464 1937 iu
484 1885 520 1950 Δ
545 1882 588 1944 6,
625 1881 680 1938 Sed
696 1880 777 1952 iuxta
793 1882 865 1939 vitae
883 1899 972 1939 curae.
1009 1882 1132 1940 Audacia
1149 1882 1178 1938 in
1195 1882 1252 1939 rita
1262 1880 1417 1952 periculosa
1433 1880 1515 1950 longe
1533 1882 1581 1937 ab·

223 1974 279 2037 est,
305 1969 404 2039 opinor
428 1970 494 2039 quia
514 1985 569 2025 nen
588 1970 624 2026 ad
642 1964 682 2043 Θ
703 1970 843 2038 pertinent
871 1971 901 2025 hi
927 1977 1063 2041 aspectus.
1107 1962 1255 2029 Hactenus
1277 1971 1334 2027 iere
1360 1969 1394 2026 de
1419 1969 1580 2038 ιιιιιιιιιιι,
1678 2034 1682 2041 ,

224 2046 348 2137 andacia,
366 2049 415 2118 ira,
435 2047 584 2119 cupiditate
602 2048 691 2119 deque
708 2046 750 2114 iis,
767 2055 881 2120 propter
898 2064 968 2120 quse
986 2049 1173 2120 utplurimum
1193 2048 1445 2133 soletreprehendi.
1482 2049 1611 2139 Dicend

223 2122 289 2180 dam
309 2141 368 2195 Jsm
385 2134 430 2182 ιιι
447 2126 481 2182 dc
505 2127 539 2183 iis
557 2126 699 2185 affectibus
722 2134 751 2183 et
772 2129 908 2196 moribus,
932 2128 966 2185 ob
985 2143 1055 2200 quos
1077 2128 1105 2184 in
1123 2128 1216 2198 alique
1243 2144 1327 2186 censu
1345 2135 1400 2198 est,
1427 2123 1580 2198 cujusmodi
1605 2187 1609 2193 ,

225 2212 290 2261 sunt
306 2204 439 2276 probitas,
467 2206 571 2277 religio,
590 2204 667 2275 tides,
685 2205 823 2277 honestas,
842 2207 984 2277 elegantis.
1019 2208 1122 2266 Ultimo
1139 2208 1283 2265 dicendum
1303 2208 1356 2265 erit
1372 2207 1407 2264 de
1424 2206 1520 2263 mediis
1537 2204 1581 2260 vel
1701 2234 1706 2240 ·

222 2283 492 2418 mistitestsspuibusdam
509 2301 545 2367 ep
563 2291 679 2354 utroque
696 2284 807 2357 borum,
834 2301 871 2343 sc
890 2287 925 2343 de
952 2287 1111 2343 curiositate
1138 2296 1166 2343 et
1190 2286 1267 2343 irrita
1294 2302 1385 2344 rerum
1402 2285 1580 2342 maximarum

223 2377 295 2434 appe
339 2379 400 2420 one.

309 2460 395 2529 Igitur
412 2460 540 2517 laudatus
558 2467 601 2516 ιιι
619 2460 653 2516 ob
671 2460 790 2518 indolem
802 2452 902 2519 bona'm
919 2464 947 2518 in
965 2463 1083 2533 pueritia
1100 2463 1361 2535 apraeceptorrbus,
1381 2462 1503 2533 quamvis
1521 2469 1579 2518 tum

222 2538 402 2609 pessimorum
420 2547 495 2595 esset
511 2554 617 2594 morum
634 2540 705 2598 inter
723 2541 860 2612 aequales.
896 2544 999 2600 Adultu
1014 2544 1071 2613 jam
1085 2543 1230 2614 iuventute
1249 2543 1404 2613 opinionem
1421 2542 1506 2598 babet
1521 2542 1579 2612 pie·

220 2618 296 2687 tatis,
314 2617 517 2688 moderationis,
535 2617 695 2689 industriae,
715 2623 750 2677 ob
769 2637 851 2690 quam
869 2623 933 2678 boni
952 2623 977 2678 ιι
995 2622 1097 2678 meent.
1127 2623 1188 2679 Hoc
1205 2621 1240 2677 ad
1257 2621 1396 2677 iomanem
1413 2619 1534 2690 pertinet
1550 2625 1582 2674 ιι

221 2697 358 2766 posterius
376 2695 566 2766 explicandum
584 2704 634 2752 est.
662 2699 731 2754 Rem
748 2700 836 2770 ipsam
853 2701 927 2771 qnod
944 2702 1050 2769 attinet,
1069 2711 1112 2759 est
1128 2703 1175 2759 illc
1193 2701 1304 2772 quidem
1320 2716 1370 2771 per
1388 2714 1417 2755 se
1435 2698 1578 2769 religiosus

221 2774 257 2830 ad
275 2774 496 2844 superstitionem
513 2774 619 2843 usque(
644 2776 717 2833 Puer
734 2779 769 2835 lo
786 2795 934 2839 annorum.
954 2797 1015 2835 cum
1033 2781 1148 2851 primum
1166 2780 1258 2849 legere
1276 2793 1355 2835 sacra
1371 2778 1469 2848 potuit,
1488 2792 1577 2832 exem.

219 2853 297 2925 plum
314 2852 411 2911 Jacobi
428 2861 457 2909 st
472 2851 614 2913 Rebeccae
630 2854 682 2911 sibi
698 2855 728 2910 in
745 2857 864 2913 ineundo
882 2856 1008 2928 conjugio
1026 2859 1183 2929 proposuit,
1209 2858 1277 2928 legis
1304 2863 1452 2926 praecepta
1469 2871 1577 2913 servare

221 2931 321 3002 rolait3
347 2931 437 2988 doluit
455 2931 506 2985 sibi
524 2933 559 2989 ob
578 2931 637 3000 jam
655 2934 800 2990 admissam
818 2936 890 2991 ritae
912 2936 1097 3006 impuritatem
1118 2943 1247 3006 negatam
1264 2950 1326 2992 esse
1352 2934 1511 3004 prophetiae
1528 2935 1577 2990 bo·

219 3027 330 3083 norem;
359 3028 421 3067 cum
439 3009 632 3080 quiescerem
650 3014 782 3083 patrarit,
811 3010 967 3083 expiatione
993 3021 1068 3071 certa
1085 3030 1152 3072 usus
1171 3021 1225 3077 ιιι,
1249 3028 1304 3083 qua
1321 3013 1373 3068 rite
1390 3012 1578 3070 administrata

220 3089 382 3148 credidisse
400 3089 496 3160 poenis
515 3089 605 3144 eximi.
641 3090 710 3146 Erat
735 3100 826 3148 autem
852 3092 1022 3161 quarundam
1048 3092 1209 3150 concionum
1235 3092 1366 3148 recitatio.
1403 3092 1502 3148 Preces
1518 3106 1576 3149 res*

218 3170 340 3243 pertinse
358 3169 383 3226 ιι
400 3176 483 3225 noctu
500 3184 596 3225 somno
621 3177 786 3241 praeuentus
804 3172 952 3238 omisisset,
979 3187 1059 3231 mune
1078 3189 1140 3229 cum
1163 3173 1304 3230 matutinis
1327 3172 1517 3242 conjungebat.
1552 3173 1577 3228 Δ

218 3248 280 3317 Dec
296 3248 414 3309 maxime
431 3255 461 3305 et
478 3248 581 3318 optima
599 3266 723 3320 quaeque
740 3258 835 3320 petere
852 3251 985 3321 instituit,
1011 3252 1051 3307 nti
1069 3252 1213 3323 temporali
1231 3268 1262 3308 se
1278 3251 1382 3308 auxilio
1399 3250 1576 3322 patefacerat,

219 3344 275 3397 quo
293 3335 441 3397 ,ιιιιιιιιιι
463 3326 593 3384 auxriium
619 3329 731 3386 credere
753 3330 842 3399 possit
865 3338 919 3389 etc,
953 3331 996 3391 lie
1017 3330 1149 3402 religione
1171 3331 1270 3402 cupide
1294 3331 1324 3386 iu
1342 3329 1440 3401 vulgus
1458 3329 1575 3385 disserit

219 3406 290 3461 Tum
308 3410 400 3462 autem
419 3413 447 3463 ιι
465 3423 549 3477 supra
567 3407 750 3479 dictumest,
776 3411 884 3466 virtutis
909 3425 959 3480 per
985 3425 1016 3466 ιι
1039 3411 1268 3468 studiosissimum
1292 3425 1363 3467 esse
1398 3410 1495 3479 ltaque
1520 3409 1577 3464 vita

220 3483 280 3554 ejus
299 3492 373 3541 caret
390 3485 541 3557 inngnibus
559 3486 686 3556 maculis,
713 3488 766 3544 nisi
784 3504 856 3559 quae
873 3505 908 3544 cx
930 3489 971 3544 ira
994 3496 1021 3545 ιι
1035 3489 1152 3545 lascivis
1176 3495 1259 3558 atque
1277 3488 1485 3546 inconsideratis
1504 3486 1576 3556 jocis

219 3563 393 3635 proveniunt,
421 3565 485 3633 quia
502 3564 542 3619 illi
560 3563 651 3621 adhuc
671 3574 787 3635 regnant
804 3567 878 3637 apud
900 3567 998 3637 ipsum.
1035 3567 1120 3623 Senes
1138 3575 1216 3639 amat
1234 3574 1262 3623 et
1280 3565 1358 3636 colit,
1384 3563 1575 3637 gratitudinem

218 3641 309 3697 verbis
327 3647 356 3696 et
373 3658 457 3713 opere
474 3651 584 3700 exercet
601 3651 683 3715 atque
702 3647 783 3702 etiam
801 3653 928 3702 ostentat
957 3647 1153 3703 Moderationis
1169 3646 1310 3702 studiosus
1328 3645 1464 3717 estquis
1478 3644 1575 3700 marai

219 3736 310 3776 rerum
328 3720 473 3792 diligenter
490 3724 646 3794 expendit.
663 3725 733 3780 Nam
752 3724 824 3794 quod
842 3737 897 3779 non
915 3724 1028 3794 probat,
1055 3725 1094 3782 ibi
1116 3732 1144 3780 ιι
1168 3725 1228 3794 ipse
1251 3741 1328 3781 arma
1345 3731 1445 3795 crepat
1480 3723 1525 3778 lix
1542 3738 1575 3787 ιο

216 3800 263 3871 llt,
290 3807 322 3855 ut
339 3817 374 3857 ne
391 3803 481 3859 Deum
500 3803 610 3873 quidem
635 3803 772 3860 existimet
799 3803 960 3873 simpliciter
982 3802 1171 3860 (inmaturum
1194 3811 1290 3873 gentes
1309 3803 1416 3860 Christo
1441 3816 1497 3858 nou
1518 3816 1575 3858 cro·

218 3876 327 3935 dentes:
356 3896 441 3938 exeo
465 3898 560 3954 pacem
583 3882 655 3938 inter
672 3882 845 3945 Lutheranos
870 3890 898 3937 et
916 3882 1077 3939 Osirinistas
1100 3884 1212 3956 suadet,
1237 3899 1303 3954 erga
1319 3883 1446 3955 Papistae
1471 3895 1575 3951 aequus

221 3964 265 4037 est
281 3965 310 4015 ιι
326 3961 492 4030 aequitatem
510 3979 571 4019 eam
589 3959 714 4018 omnibus
733 3961 913 4017 commendat

306 4057 383 4113 Haec
399 4057 510 4127 quidem
527 4058 619 4115 omnis
636 4074 671 4114 ex
689 4056 785 4113 eodem
807 4054 885 4114 tonte
903 4055 963 4127 quis
982 4057 1092 4127 derivet,
1111 4057 1216 4116 scilicet
1233 4058 1308 4128 quia,
1335 4058 1383 4129 qui
1409 4059 1505 4114 dextre
1528 4056 1575 4126 ju·

218 4133 307 4205 dicat,
326 4136 418 4192 omnia
434 4135 502 4193 haec
519 4136 559 4191 ita
577 4145 687 4208 censet,
710 4137 800 4192 Deum
818 4141 892 4190 amat
910 4140 938 4190 et
954 4135 1122 4205 proximum
1148 4138 1197 4195 sed
1215 4145 1307 4194 tamen
1324 4138 1438 4194 videtur
1447 4136 1575 4192 mollities

219 4214 353 4284 quaedam
371 4215 547 4286 peculiariter
564 4216 723 4287 subingredi
742 4214 832 4270 omnis
854 4213 914 4283 ejus
934 4213 1059 4270 consilia
1094 4213 1173 4271 Unde
1195 4215 1279 4285 igitur
1301 4215 1374 4272 ista?
1409 4214 1479 4271 Nam
1499 4214 1575 4269 Obri-

219 4292 325 4349 stianae
343 4293 457 4351 virtutes
475 4310 511 4351 ex
528 4296 588 4352 Deo
607 4301 678 4351 sunt
716 4293 803 4361 Unde,
824 4293 930 4349 nisiex
951 4285 987 4370 ‘ll
1014 4284 1119 4367 Ωιιιι
1138 4286 1181 4371 Θ
1199 4296 1349 4353 connexis?
1368 4296 1448 4353 Certe
1466 4310 1483 4350 a
1501 4286 1528 4370 Q
1546 4292 1575 4347 in

218 4371 256 4445 [J
287 4373 313 4436 0⁸
344 4371 413 4427 nihil
429 4372 484 4429 tale
502 4381 554 4429 ιιι.
588 4373 659 4429 Nam
682 4372 831 4428 humanum
852 4385 915 4427 esse
938 4368 1068 4440 oportet,¹
1087 4370 1134 4440 qui
1155 4372 1228 4428 hunc
1251 4372 1414 4430 admodum
1431 4370 1574 4428 mollescit.

217 4454 263 4506 An
286 4451 332 4507 hic
353 4451 435 4508 etiam
452 4451 515 4508 Asc
534 4458 562 4507 et
578 4443 620 4530 ᾧ
639 4451 743 4522 aliquid
761 4449 896 4521 possunt?
931 4449 1017 4505 Porro
1045 4450 1114 4506 haec
1140 4450 1222 4506 nimia
1246 4460 1310 4509 sunt
1334 4458 1362 4507 ιι
1385 4451 1414 4507 ιι
1431 4450 1575 4506 stultitiam

219 4530 386 4600 degenerant
408 4529 622 4600 quodammodo,
649 4538 681 4586 ut
706 4537 735 4586 et
756 4528 852 4600 religio
875 4528 903 4584 in
927 4529 1154 4599 superstitionem
1193 4531 1314 4588 Names
1338 4530 1449 4587 somniis
1471 4529 1574 4586 tribuit

217 4608 298 4666 Unde
314 4609 388 4666 boc?
423 4608 466 4665 An
484 4610 549 4679 quie
565 4600 608 4687 Q
627 4608 656 4664 in
673 4608 736 4664 XII.
755 4607 882 4675 abjecta?
917 4607 956 4663 Et
973 4607 1095 4679 quamvis
1117 4607 1171 4665 hcc
1191 4608 1231 4664 sic
1254 4609 1291 4666 sit
1311 4610 1340 4664 in
1357 4608 1397 4664 rei
1414 4608 1530 4665 veritate
1547 4614 1575 4664 ιι

218 4704 237 4745 a
253 4686 345 4745 multis
364 4688 447 4745 etiam
464 4688 589 4744 rideatur
607 4686 690 4756 (unde
706 4684 829 4742 nonnihil
846 4690 1000 4741 contemtus
1017 4686 1079 4756 est),
1096 4691 1188 4742 tamen
1204 4687 1234 4744 iu
1284 4702 1350 4744 nere
1367 4687 1506 4758 praevalet
1517 4687 1574 4757 opl-

138 4784 144 4791 ·
217 4768 265 4824 nio
284 4775 313 4822 et
330 4766 494 4823 existimatio
513 4765 638 4823 honesta.
675 4765 754 4823 Unde
770 4764 848 4820 hoc?
882 4764 925 4820 An
944 4765 1009 4836 qudo
1086 4774 1129 4821 est
1145 4765 1219 4837 inii,
1295 4760 1449 4841 Qinvnt
1465 4768 1575 4827 Fortior

217 4846 313 4921 itaque
330 4844 461 4902 exultatio
478 4842 555 4901 Jorir
573 4843 656 4901 vincit
674 4844 876 4919 depressionem
887 4844 991 4903 Lanae
1011 4886 1019 4901 .
1037 4886 1044 4902 .
1064 4887 1072 4903 .
1092 4884 1099 4900 .
1119 4844 1166 4917 (ιιι
1184 4848 1314 4919 ιιιιιιιιι

1344 4957 1417 5025 tt*
1492 4966 1501 4983 ¹
