3882 5862
400 376 463 436 298
916 366 1066 431 Ptolemaei
1082 358 1237 429 flamonia
1334 404 1338 421 ,

400 545 501 615 aliegat
518 546 667 614 stultisque
686 545 817 616 exemplis
836 546 986 617 confirmat,
1005 549 1154 604 communis
1173 548 1281 617 quidam
1298 561 1388 602 rerum
1407 546 1496 601 nodus
1515 544 1679 612 habebatur,
1698 544 1752 599 boc

399 632 489 680 tamen
511 625 582 680 inter
604 626 667 680 illos
689 625 833 682 discrimen
855 634 910 691 est,
938 627 1011 695 quod
1036 628 1205 697 Pythagoras
1225 625 1339 695 ,quidem
1364 625 1444 679 unius
1467 623 1596 693 simplicis
1619 623 1752 692 diapason

398 703 540 760 intervalla
566 713 668 775 septem
695 706 844 762 admiratus
868 706 1049 777 dignatusque
1068 716 1124 775 est,
1151 706 1324 761 Ptolemaeus
1348 722 1429 773 vcro,
1458 711 1604 773 angustum
1621 702 1751 757 mondum

400 782 459 838 lieri
475 799 603 853 remens,
628 786 656 840 in
675 786 799 855 ampliori
822 793 970 857 systemate
992 785 1109 855 duplicis
1135 794 1248 840 octavae
1271 785 1455 853 septenarium
1474 789 1564 836 tamen
1589 782 1694 850 etipse
1713 780 1752 831 in·

401 860 472 914 rosit
489 877 615 918 sonorum
634 863 779 918 stabilium.
816 866 853 918 Aa
870 870 931 920 eum
948 881 984 921 ne
1002 867 1040 920 sie
1059 866 1167 934 quidem
1186 866 1253 918 satis
1270 863 1387 933 amplum
1403 862 1452 915 fiat
1464 860 1557 915 mundi
1570 858 1752 925 intervallum,

400 940 548 1010 elegantior
571 944 679 996 omniuo
704 951 731 996 et
755 945 945 1012 mysteriorum
968 945 1084 1000 fertilior
1109 945 1214 1000 censeri
1246 949 1339 1012 potest
1366 940 1533 1010 comparatio
1559 938 1753 1008 Pythagorica,

400 1034 479 1089 quarn
498 1021 670 1077 Ptolemaiou.
707 1022 758 1076 llle
781 1024 853 1077 enim
872 1032 977 1092 septem
1000 1026 1109 1079 omnino
1133 1023 1271 1079 naturalia
1287 1028 1428 1090 numerat,
1452 1020 1505 1074 iste
1528 1028 1633 1089 septem
1655 1035 1755 1088 magna

401 1108 533 1170 exparte
558 1103 714 1170 arbitraria,
740 1108 772 1156 ut
795 1102 823 1157 iu
845 1102 918 1157 notis
941 1103 1083 1173 explicavi.
1129 1103 1201 1158 Satis
1228 1102 1263 1157 de
1287 1100 1491 1170 comparatione
1515 1098 1665 1155 Ptolemaei
1691 1114 1754 1154 oum

399 1179 561 1251 Pythagora.

485 1260 583 1314 Restat
605 1269 636 1315 ut
659 1276 720 1316 mea
744 1262 825 1315 etiam
849 1261 960 1316 insama
982 1278 1043 1316 cum
1061 1261 1234 1316 Ptolemaicis
1258 1274 1419 1327 comparem.
1455 1258 1575 1313 Primum
1592 1258 1676 1326 igitur
1698 1272 1754 1311 non

400 1353 511 1408 possum
529 1356 582 1394 uon
602 1339 739 1395 celebrare
757 1339 875 1394 divinum
892 1342 972 1408 quasi
990 1341 1122 1410 virgulam
1145 1341 1173 1395 in
1191 1340 1343 1394 Ptolemaei
1361 1347 1390 1393 et
1406 1339 1580 1409 Pythagorae
1601 1335 1754 1403 conudhus,

401 1419 473 1486 quod
496 1427 661 1487 statuerunt,
690 1429 815 1489 oportere
840 1434 901 1474 esse
924 1420 1041 1488 aliquem
1065 1421 1259 1489 archetypum,
1285 1435 1319 1473 ex
1344 1434 1398 1487 quo
1422 1434 1477 1473 non
1495 1424 1602 1472 tantum
1623 1429 1754 1469 numerus

401 1497 576 1566 sphaerarum
594 1500 760 1568 coelestium,
780 1499 827 1554 sed
847 1500 929 1554 etiam
947 1499 1113 1565 singularum
1131 1498 1330 1566 magnitudines
1349 1512 1397 1553 seu
1410 1499 1602 1567 proportiones
1619 1494 1701 1549 unius
1719 1491 1756 1547 ad

401 1575 512 1631 alteram
531 1576 632 1633 fuerunt
649 1578 796 1633 desumtae.
833 1576 953 1632 Axioma
969 1577 1088 1631 divinum
1107 1586 1162 1642 est,
1188 1579 1261 1648 quod
1277 1578 1386 1646 quidem
1404 1576 1470 1631 mibi
1487 1594 1549 1632 cum
1566 1576 1620 1630 illis
1638 1572 1755 1630 anctori-

400 1656 451 1710 bus
476 1657 653 1711 communiter
675 1657 832 1727 praelucet;
860 1655 895 1710 de
918 1663 1010 1711 cetero
1034 1655 1180 1710 dividimur.
1223 1656 1349 1712 Secundo
1375 1656 1445 1711 euim
1474 1655 1605 1712 coelestia
1621 1653 1684 1722 ipsa
1705 1667 1755 1707 sen

400 1754 430 1787 rc
449 1734 488 1787 du
505 1733 637 1788 rationem
655 1734 728 1805 apud
741 1749 784 1788 me
801 1735 905 1790 habent
923 1734 1155 1803 expeditissimam
1168 1750 1202 1789 ex
1214 1735 1373 1804 Copernico,
1393 1751 1443 1788 uec
1462 1734 1519 1789 ulla
1536 1733 1599 1788 talis
1618 1731 1709 1800 qualis
1726 1730 1755 1784 in

401 1811 556 1868 Ptolemaeo
575 1819 700 1882 superest
711 1812 877 1883 haesitatio,
897 1828 986 1880 neque
1004 1812 1039 1867 de
1057 1828 1182 1883 numero,
1201 1828 1291 1880 neque
1309 1814 1343 1868 de
1360 1813 1467 1877 ordine,
1493 1828 1583 1882 neque
1602 1811 1636 1866 do
1653 1810 1756 1877 magni-

401 1891 503 1947 tudine.
538 1891 608 1947 Nam
626 1893 653 1947 in
672 1893 839 1949 astronomia
858 1891 1000 1960 Copernici
1017 1891 1150 1960 sphaerae
1168 1891 1308 1947 mobilium
1332 1900 1397 1947 sunt
1415 1908 1527 1946 numero
1546 1906 1608 1945 ser:
1632 1908 1688 1945 una
1706 1891 1755 1945 Sa·

400 1971 481 2040 turni,
500 1986 562 2026 cum
578 1972 726 2040 parastatis
742 1972 859 2039 duobus,
878 1969 1029 2038 uuaJoris,
1048 1985 1110 2024 cnm
1123 1970 1287 2025 satellitibus
1296 1980 1422 2040 quatuor,
1441 1971 1522 2026 tertia
1534 1971 1639 2038 Martis,
1659 1976 1759 2038 quarta

404 2048 519 2104 Telluris
537 2066 598 2106 cum
617 2050 703 2117 Luna,
722 2049 817 2119 quinta
834 2047 957 2117 Veneris,
977 2054 1055 2103 sexta
1073 2049 1213 2116 Mercurii,
1238 2065 1354 2119 quarum
1373 2049 1493 2105 omnium
1510 2056 1634 2105 centrum
1651 2048 1758 2102 obtinet

402 2126 456 2182 Sol.
491 2129 561 2184 Nam
579 2130 630 2184 etsi
648 2129 779 2198 sphaeras
797 2128 898 2183 sohdas
915 2127 1004 2182 verior
1021 2125 1182 2183 coelestiam
1194 2143 1289 2185 rerum
1308 2128 1452 2198 disciplina
1469 2129 1570 2196 nescit,
1596 2126 1644 2181 illa
1661 2132 1755 2180 tamen

402 2207 526 2278 regiones
543 2206 700 2277 sphaericos
723 2223 773 2275 pro
792 2208 905 2276 singulis
928 2206 1045 2276 planetis
1069 2206 1191 2277 sirsgulas
1215 2207 1331 2276 largitur
1352 2208 1424 2263 ultro
1442 2208 1600 2277 stabilitque
1625 2212 1652 2261 et
1669 2202 1759 2258 munit

403 2285 563 2342 indubitatis
581 2287 757 2355 argumentis.
974 2348 979 2353 ,

488 2364 774 2435 Tertioosingulorum
797 2363 967 2434 planetarum
990 2365 1124 2434 sphaerae
1151 2364 1225 2435 apud
1249 2366 1435 2420 Ptolemaeum
1465 2372 1529 2420 sunt
1555 2363 1690 2431 implexae
1714 2356 1757 2412 in·

402 2441 652 2510 aequalissimsrnm
670 2445 879 2514 proportionum
898 2443 1026 2511 epicyclis
1045 2444 1160 2512 aliisque
1185 2443 1394 2513 particularibus
1414 2442 1541 2512 orbibus3
1565 2440 1638 2509 apud
1657 2440 1757 2509 copor-

402 2521 491 2575 nicum
517 2522 597 2577 unico
616 2523 735 2578 Telluris
761 2529 835 2577 motu
862 2523 934 2579 circa
957 2523 1046 2578 Solem
1074 2525 1206 2592 sphaerae
1225 2540 1318 2578 omnes
1336 2522 1407 2577 flunt
1424 2522 1646 2591 simplicissimae.
1681 2516 1758 2573 Nihil

401 2600 482 2668 igitur
499 2599 630 2655 hebemus
648 2600 677 2655 in
694 2603 776 2657 rebus
794 2601 875 2672 ipsis,
902 2615 1018 2670 quarum
1042 2616 1142 2657 causae
1160 2602 1340 2670 inquirendae
1358 2607 1434 2670 sunt,
1463 2617 1517 2668 quo
1536 2600 1570 2655 de
1591 2598 1756 2655 dubitemus.

403 2676 445 2732 Illi
470 2690 534 2732 sero
559 2685 665 2734 veteres
685 2679 766 2735 simul
792 2691 820 2735 et
842 2696 887 2736 res
911 2688 940 2736 et
964 2696 1062 2736 causas
1084 2697 1174 2736 rerum
1198 2681 1362 2751 conjecturis
1384 2680 1452 2735 alias
1480 2679 1560 2733 aliter
1583 2677 1756 2746 indagarunt,

402 2756 478 2828 quasi
496 2755 633 2812 somonam
651 2758 822 2828 msooantes,
849 2759 973 2816 destitmi
990 2776 1137 2830 corporum
1154 2768 1183 2815 et
1201 2761 1304 2816 ordinis
1323 2759 1492 2831 experientia
1514 2759 1619 2827 sensili,
1642 2758 1696 2812 hoo
1712 2763 1758 2811 est

404 2836 593 2894 astronomica.

488 2931 605 3002 Quarto,
626 2934 699 3001 quod
713 2935 771 3004 jum
790 2936 888 2995 attinet
906 2937 1085 3006 archetypum
1104 2936 1192 3007 ipsum
1212 2954 1303 2992 rerum
1321 2937 1493 3005 coelestium,
1519 2937 1564 2991 hic
1582 2934 1757 2990 Ptolemaeus

403 3012 468 3070 nihil
486 3010 602 3067 divinius
620 3013 729 3083 invenit,
749 3030 830 3097 quaeq
848 3017 970 3086 politiam
984 3034 1074 3071 rerum
1086 3017 1311 3083 harmonicorum,
1331 3032 1419 3086 neque
1432 3024 1532 3083 tamen,
1551 3031 1585 3069 ex
1599 3030 1653 3083 quo
1665 3027 1757 3066 rerum

402 3105 501 3166 genere
516 3089 567 3143 illa
582 3091 678 3160 politia
696 3093 853 3150 harmonica
871 3096 998 3164 primitus
1017 3102 1092 3150 esset
1109 3102 1184 3163 orta,
1210 3094 1371 3164 perquisivit
1389 3101 1528 3159 accurate,
1554 3082 1699 3148 contentus
1716 3089 1756 3144 ia·

404 3174 476 3231 milia
493 3182 666 3224 numerorum
685 3188 719 3227 es
738 3172 862 3228 doctrina
879 3174 1073 3243 Pythagorica;
1098 3173 1191 3243 itaque
1215 3172 1262 3227 uni
1284 3179 1312 3226 et
1330 3171 1417 3227 eidem
1436 3172 1576 3242 systemati
1600 3170 1756 3226 harmonico

404 3255 457 3309 tria
474 3253 520 3311 illa
538 3250 620 3317 (iuter
637 3250 702 3319 eliel
719 3251 868 3323 praecipua
884 3252 1009 3320 interque
1028 3266 1059 3306 se
1077 3251 1207 3308 distincta
1222 3250 1406 3320 comparanda
1420 3251 1539 3305 censuit:
1561 3253 1587 3315 l)
1607 3248 1757 3319 configura·

403 3334 504 3403 dones,
530 3333 561 3396 2)
578 3328 721 3400 sphaeras,
747 3331 778 3399 3)
797 3338 895 3386 motus.
931 3331 992 3398 Ego
1009 3346 1074 3385 vero
1093 3330 1285 3399 considerans,
1313 3330 1381 3385 haec
1404 3331 1464 3400 ipsa
1482 3331 1534 3385 tria
1559 3344 1620 3385 esse
1639 3328 1758 3382 inter‘se

405 3413 600 3481 diversissima,
624 3410 746 3467 diversos
770 3410 851 3465 etiam
868 3410 902 3465 iis
920 3411 1102 3478 archetypos,
1127 3408 1234 3462 diverso
1252 3408 1420 3477 exemplaria
1444 3403 1594 3463 constituta
1612 3423 1673 3462 esse
1697 3422 1756 3461 sum

406 3493 560 3548 arbitratus.
597 3491 635 3544 Et
658 3490 731 3545 circs
752 3489 982 3560 configurationes
1007 3488 1116 3557 quidem
1140 3488 1264 3558 proxime
1282 3488 1385 3542 accessi
1409 3486 1444 3541 ad
1462 3486 1611 3541 Ptolemaei
1634 3493 1757 3556 conotus,

406 3573 565 3629 osteudens.
590 3584 645 3625 uon
670 3567 778 3635 quidem
802 3582 836 3622 es
858 3569 964 3636 integro
989 3567 1164 3637 disdiapason
1190 3574 1338 3637 systemate
1359 3565 1461 3621 musico
1487 3582 1547 3620 cum
1567 3564 1668 3619 circulo
1686 3581 1757 3620 com·

404 3656 512 3719 parato,
532 3654 562 3703 nt
578 3646 638 3715 ille,
657 3647 707 3701 sod
726 3662 759 3699 ex
778 3647 883 3702 ratione
902 3647 1042 3703 divisionis
1061 3646 1154 3701 circuli
1174 3652 1202 3700 et
1220 3664 1256 3701 ex
1273 3645 1389 3715 simplici
1408 3646 1540 3716 diapason
1562 3661 1623 3699 oum
1642 3646 1760 3701 semicir-

404 3727 466 3782 culo
485 3734 656 3796 comparato:
682 3741 730 3779 cur
748 3731 776 3779 et
793 3725 822 3779 11
840 3734 938 3782 natura
956 3723 1185 3794 configurationes
1203 3724 1275 3778 inter
1291 3725 1412 3781 infinitas
1434 3741 1539 3795 paucae
1557 3731 1650 3779 esseut
1668 3727 1761 3781 effica-

404 3821 463 3875 ces,
489 3813 517 3861 ct
533 3806 561 3860 ln
579 3804 683 3860 musica
700 3802 788 3858 simile
812 3805 878 3873 quid
901 3805 973 3860 circa
992 3804 1184 3858 consonantias
1203 3805 1348 3861 accideret.
1385 3807 1445 3862 Hoc
1463 3806 1545 3876 igitur
1570 3810 1760 3875 argumentum

404 3886 457 3942 iuit
474 3885 534 3941 mei.
544 3883 606 3939 libri
625 3883 715 3953 quarti
733 3883 967 3939 Harmonicorum.
1004 3881 1082 3938 Circa
1099 3898 1164 3937 sero
1181 3882 1289 3950 reliqua
1306 3883 1369 3954 dno,
1388 3886 1519 3956 sphaeras
1537 3887 1642 3942 scilicet
1660 3892 1688 3940 et
1704 3900 1758 3938 mo

403 3973 458 4033 tus,
478 3965 517 4019 sic
535 3977 587 4032 ego
606 3974 666 4017 sum
684 3961 872 4029 ratiocinatus,
890 3960 1005 4018 eandem
1023 3966 1149 4030 oportere
1162 3962 1366 4031 proportionem
1379 3979 1440 4019 esse
1454 3966 1670 4036 archetyporum,
1690 3979 1759 4033 quae

403 4051 446 4099 est
462 4054 551 4099 retum
570 4043 704 4112 ipsarum,
732 4047 959 4112 necutrumque,
984 4048 1041 4095 tant
1067 4041 1199 4109 sphaeras
1218 4058 1299 4109 quam
1317 4050 1419 4111 motus,
1445 4044 1532 4099 eidem
1550 4045 1590 4098 rei
1609 4041 1759 4113 comparari

403 4120 533 4191 legitime.
571 4122 638 4176 Cum
657 4123 729 4176 enim
747 4119 960 4190 perpenderem,
987 4119 1181 4188 proportiones
1209 4136 1259 4175 nec
1278 4138 1312 4177 ex
1344 4124 1463 4179 humana
1480 4125 1585 4179 musica
1606 4123 1634 4179 in
1653 4121 1759 4181 coelum

405 4202 526 4270 senisse,
549 4217 599 4255 nec
618 4216 651 4254 ex
669 4199 746 4255 coelo
764 4199 793 4253 in
811 4199 957 4268 musicam,
976 4198 1026 4253 sed
1043 4199 1073 4253 in
1092 4206 1237 4268 unumque
1257 4216 1291 4255 es
1310 4200 1411 4256 circulo
1430 4202 1582 4271 abstracto,
1605 4200 1709 4256 sedicet
1726 4216 1760 4254 ex

404 4279 565 4350 geometria:
592 4279 697 4335 foribus
722 4278 806 4348 igitur
827 4276 992 4345 geometriae
1016 4278 1133 4347 apertis,
1157 4278 1214 4345 jam
1241 4280 1366 4348 potiebar
1387 4281 1517 4335 thesauro
1540 4280 1627 4335 omnis
1653 4278 1760 4349 generis

404 4359 534 4428 idearum,
552 4358 646 4429 liguris
665 4359 769 4413 scilicet
786 4367 841 4412 tam
860 4357 963 4426 solidis,
982 4373 1064 4425 quam
1082 4357 1179 4425 planis.
1216 4360 1254 4412 Et
1272 4359 1375 4414 solidae
1396 4358 1506 4428 quidem
1523 4359 1627 4428 figurae
1645 4357 1759 4427 pulchre

405 4438 607 4508 respondebant
624 4438 785 4508 corporibus
804 4437 910 4505 solidis,
936 4436 1034 4505 planae
1059 4452 1124 4490 sero
1150 4453 1294 4509 corporum
1312 4437 1514 4506 affectionibus,
1543 4439 1582 4492 sic
1601 4437 1759 4506 superficies

405 4517 548 4587 sphaerica
565 4516 633 4573 locis
651 4530 700 4571 seu
719 4515 815 4585 spatiis
833 4514 1004 4584 planetarum
1023 4512 1199 4569 dimensionis
1218 4516 1329 4585 solidae,
1350 4515 1438 4570 lineae
1456 4531 1520 4572 vero
1539 4514 1684 4570 circulares
1702 4530 1758 4569 mo-

406 4595 488 4651 tibus.
525 4595 563 4650 Et
580 4594 778 4664 superficiebus
795 4592 905 4661 quidem
923 4590 1073 4660 sphaericis
1090 4592 1200 4646 inscribi
1218 4594 1456 4663 circumscrlhiqae
1479 4594 1582 4664 figuras
1601 4592 1703 4649 solidas
1720 4592 1758 4645 si·

406 4675 515 4743 debam,
540 4672 649 4728 circulis
666 4684 733 4727 roro
749 4671 851 4742 tigoras
869 4670 973 4739 planas.
1009 4668 1051 4723 lbi
1070 4684 1104 4723 ex
1123 4669 1193 4725 binis
1211 4672 1420 4742 quibuscunque
1437 4673 1563 4744 orbibus,
1590 4674 1638 4729 uui
1654 4673 1761 4744 figurae

405 4752 562 4822 admmptis,
590 4751 747 4806 oriebantur
764 4750 955 4821 proportiones
973 4755 1065 4804 certae
1083 4747 1202 4820 orbium,
1228 4750 1273 4806 hic
1299 4766 1333 4805 cx
1351 4752 1498 4821 figurarum
1521 4752 1549 4807 lu
1568 4752 1700 4808 circulum
1718 4750 1758 4806 in·

405 4829 604 4899 1111111111
627 4829 752 4899 partibus
775 4828 1012 4885 ohcniisectione
1036 4829 1192 4885 constitutis
1217 4829 1342 4886 ridebam
1368 4846 1512 4902 expressas
1539 4837 1568 4886 et
1595 4832 1758 4886 constitutas
