3940 5856
740 307 824 366 Liber
841 308 890 367 III.
910 309 999 380 Caput
1015 304 1063 365 VI.
1268 388 1274 403 ι
1514 318 1578 383 tbi

1429 454 1433 479 l

312 485 385 542 Nota
403 485 477 542 XIV.
515 486 577 540 Jam
599 484 771 541 rationalium
800 485 972 555 septenarius
994 484 1075 540 valde
1093 484 1214 541 diversas
1243 485 1358 547 adiutis
1380 488 1579 560 complectitur.

224 562 363 618 Hactenus
382 565 453 620 enim
471 565 585 619 virtutes
608 564 808 619 assuefactione
834 564 986 633 comparari
1004 570 1166 635 potuerunt,
1189 571 1221 619 ut
1239 573 1267 621 et
1289 574 1395 636 septem
1412 569 1581 624 intellectua·
1670 619 1674 627 .

224 642 291 696 IIum
308 643 472 709 nonnullae,
490 643 603 712 etipsa,
622 658 692 711 quae
711 642 754 697 hia
772 651 878 712 septem
895 642 1075 699 facultatibus
1093 644 1226 699 instructa
1245 660 1306 701 esse
1319 645 1408 717 debet,
1427 646 1593 717 prudentia·

226 719 403 776 cardinalium
421 737 482 776 una.
518 722 556 775 At
570 721 629 790 jam
646 720 718 775 inter
735 721 785 777 has
804 728 910 791 septem
928 730 992 778 sunt
1009 738 1065 777 non
1082 723 1192 778 babitus
1210 723 1405 781 exercitatione
1423 729 1582 808 comparati,

225 796 274 851 sed
292 806 390 854 natura
408 800 465 855 dati
483 802 564 856 certis
583 800 738 869 individuis,
757 810 789 856 ut
807 809 850 856 est
866 816 992 871 acumen,
1016 800 1111 866 εὐφυια
1130 818 1178 857 seu
1196 801 1312 873 indoles,
1331 804 1450 861 solertia.
1486 805 1583 863 Recol-

225 874 285 943 ligit
303 877 374 932 enim
401 894 431 934 se
448 880 634 950 Ptolemaeus,
660 883 733 950 quod
750 883 804 938 hoe
822 887 905 952 caput
929 881 1041 950 proprie
1059 883 1096 937 sit
1114 881 1274 950 deputatum
1300 883 1445 953 speciebus
1468 885 1583 939 faculta-

226 962 283 1010 tum
302 958 550 1028 animitearumque
563 961 685 1025 ,summis
704 958 871 1017 differentias.
907 961 979 1016 Puto
997 967 1089 1016 autem
1113 977 1164 1031 pro
1182 961 1294 1017 arbitrio
1312 964 1498 1032 conquirentia
1520 979 1583 1033 pro·

227 1051 280 1101 que
299 1035 455 1107 eloquentia
473 1039 532 1107 ejus
551 1040 632 1118 etiam
650 1038 743 1108 plures
762 1039 885 1108 conquiri
906 1055 1002 1109 posse,
1021 1056 1091 1110 quae
1108 1048 1213 1109 mmen,
1232 1042 1257 1095 si
1273 1041 1361 1096 forma
1379 1048 1518 1110 spectetur
1534 1057 1583 1111 po·

227 1115 373 1169 tertiarum
392 1119 494 1188 eudem,
512 1118 541 1174 in
558 1135 662 1189 paucas
680 1118 849 1188 redigentur,
868 1125 899 1174 ut
916 1118 956 1173 ita
973 1135 1028 1175 uno
1041 1119 1122 1174 modo
1139 1118 1234 1188 plures
1245 1126 1351 1191 septem
1363 1120 1483 1176 habituri
1492 1121 1586 1185 mnus,

227 1191 281 1248 alio
298 1194 379 1249 modo
396 1196 549 1265 pauciores.
1292 1213 1295 1217 ’
1520 1264 1523 1269 ,
1608 1270 1611 1277 ⁴

314 1272 388 1328 Nota
405 1275 463 1331 XV.
499 1277 568 1330 Cum
586 1278 625 1332 sic
644 1294 736 1333 omues
754 1277 900 1333 facultates
920 1276 1051 1333 redactae
1069 1279 1124 1332 sint
1146 1278 1181 1331 ab
1200 1284 1311 1332 auctoru
1334 1277 1361 1332 in
1380 1279 1481 1335 classes
1504 1279 1586 1351 inque

228 1355 419 1409 consonantias
446 1371 523 1421 suas,
544 1356 602 1425 jam
625 1357 708 1413 veluti
732 1375 802 1414 novo
827 1358 903 1413 initio
926 1356 1030 1412 classes
1054 1357 1131 1425 ipsae
1156 1372 1218 1410 cum
1243 1356 1388 1423 generibus
1412 1354 1585 1429 harmonicae

229 1433 485 1500 contemperationis
503 1445 705 1506 comparantur,
724 1438 871 1493 naturales
889 1450 951 1492 cnm
968 1436 1144 1503 identisonis,
1166 1434 1283 1517 morales
1302 1451 1363 1490 cum
1382 1439 1521 1511 consonis,
1546 1439 1586 1495 lo·

229 1509 306 1577 gicae
323 1527 386 1568 cum
403 1516 550 1571 cormunis.
585 1518 711 1585 Agnosco
730 1518 888 1574 divisionem
907 1515 1097 1587 philosophiae
1115 1514 1244 1570 usitatam
1262 1514 1289 1568 in
1309 1515 1473 1587 naturalem,
1498 1532 1586 1572 mora-

228 1589 292 1659 lem,
310 1591 433 1660 logicam.
469 1596 506 1649 At
521 1584 739 1665 ‘comparationis
761 1598 830 1652 ratio
854 1612 917 1652 sera
941 1602 992 1650 est.
1030 1594 1100 1649 Nam
1122 1593 1199 1662 prius
1224 1592 1366 1646 moralium
1389 1593 1460 1649 duae
1481 1595 1587 1665 species

232 1678 324 1739 erant,
346 1672 432 1726 multo
450 1674 640 1742 particularius
658 1684 845 1745 comparatae,
871 1689 996 1744 quaeque
1020 1673 1158 1729 cumanis
1182 1672 1375 1727 consonantiis.
1413 1673 1479 1727 Sero
1506 1673 1587 1727 etiam

232 1760 262 1801 se
279 1748 383 1818 colligit
399 1759 502 1821 auctor,
522 1755 638 1809 morales
656 1755 773 1825 principi
790 1754 896 1811 animae
914 1752 1039 1808 facultati
1055 1750 1178 1806 tribuens
1196 1757 1285 1819 recte,
1305 1766 1373 1820 quas
1391 1767 1475 1821 supra
1492 1751 1528 1808 ad
1545 1753 1587 1806 in.

231 1824 331 1881 feriore
348 1829 477 1885 subsellia
495 1831 639 1899 dejecerat.
677 1834 764 1901 Quem
782 1834 852 1888 euim
869 1831 961 1887 locum
975 1831 1033 1900 jam
1051 1839 1186 1899 occupent
1202 1828 1283 1898 logici
1295 1829 1413 1899 habitus,
1433 1847 1494 1885 eum
1507 1844 1590 1900 snpra

232 1902 345 1961 dederat
368 1910 513 1966 moralibus
537 1913 566 1967 in
589 1913 680 1983 specie
704 1913 863 1981 virtutibus,
883 1913 985 1982 quippe
1009 1918 1040 1966 ut
1064 1911 1261 1966 consonantiae
1282 1907 1429 1977 implentur
1451 1910 1589 1966 concinnis
1627 1924 1629 1928 ’

232 1981 391 2056 intervallis,
411 1987 536 2059 diapente
554 2000 679 2061 quatuor,
699 1992 868 2048 diatessaron
885 1990 981 2058 tribua,
1000 1989 1040 2045 sIc
1051 1988 1096 2044 ille
1109 1987 1263 2058 facultates,
1281 1985 1445 2044 baumbilem
1462 1995 1590 2059 quatuor,

234 2063 473 2131 concupiscibilem
491 2068 578 2125 tribus
597 2070 743 2126 virtutibus
761 2070 882 2140 implerit
900 2070 1079 2137 absolvitque.
1248 2114 1251 2122 .

318 2142 391 2198 Nota
407 2144 478 2199 XVI.
515 2138 629 2205 Videtur
646 2167 743 2206 sensus
762 2151 820 2220 ipse
837 2151 891 2205 hoc
906 2149 1055 2220 postulare,
1074 2155 1106 2204 ut
1118 2148 1249 2217 dicamus,
1267 2150 1332 2217 post
1348 2165 1378 2200 so
1390 2162 1445 2216 nae
1463 2143 1590 2200 omissam

233 2224 294 2276 esse
312 2222 434 2278 voculam
452 2226 467 2295 ἡ
486 2231 641 2299 δικαιοσυνη,
1263 2243 1268 2257 ’

321 2301 395 2361 Nota
411 2304 497 2359 XVII.
534 2306 690 2364 Plausibilis
713 2324 779 2365 saue
798 2315 871 2365 esset
889 2308 1026 2378 colophon
1048 2307 1124 2377 iste,
1140 2307 1215 2377 quod
1234 2312 1299 2376 pust
1316 2301 1495 2376 particulares
1518 2318 1590 2358 ccm-

233 2383 388 2449 parationes
406 2386 509 2441 transit
522 2386 557 2442 ad
574 2388 662 2458 ipsam
685 2390 769 2445 totins
790 2388 940 2443 harmonici
958 2388 1114 2458 systematis
1133 2386 1363 2455 comparationem
1386 2399 1447 2437 oum
1471 2390 1531 2439 toto
1549 2397 1593 2452 sy-

236 2467 353 2517 stemate
370 2464 500 2520 virtutum
519 2482 568 2521 seu
587 2467 748 2523 facultatum
763 2469 853 2536 animi,
874 2467 897 2521 si
917 2483 986 2536 quae
1005 2466 1117 2523 fuerunt
1136 2465 1270 2519 elementa
1281 2464 1337 2529 illic
1349 2462 1591 2542 comparationum¹

235 2552 377 2599 manerent
394 2546 476 2599 etiam
493 2545 552 2616 hIc;
578 2563 629 2601 nec
647 2564 717 2617 opus
735 2546 806 2601 foret
828 2547 858 2601 in
881 2545 1017 2601 erectione
1039 2544 1124 2599 veluti
1146 2544 1231 2601 totius
1255 2540 1373 2599 aedificii
1394 2540 1514 2611 parietes
1537 2539 1593 2595 ain·

237 2623 329 2694 gulos,
348 2633 477 2693 tunquam
495 2627 571 2682 initio
591 2643 645 2682 non
663 2636 738 2682 recte
756 2627 861 2697 factos,
881 2624 914 2680 de
933 2640 1003 2679 novo
1022 2624 1142 2678 reficere.

323 2705 396 2759 Nota
414 2705 513 2760 XVIII.
549 2705 671 2762 Observa
688 2706 846 2761 methodum
863 2703 1021 2759 Ptolemaei.
1059 2701 1126 2756 Cum
1151 2700 1300 2755 aPlatone
1322 2705 1377 2754 tres
1400 2697 1596 2769 perhibeantur

238 2783 343 2837 animae
361 2783 519 2854 facultates,
538 2785 743 2856 intellectualis,
762 2784 914 2852 irascibilis,
934 2776 1169 2850 concupiscibilis,
1188 2780 1268 2850 vulgo
1287 2795 1351 2847 vcro
1368 2778 1595 2848 philosophorum
1633 2808 1641 2821 ·
1708 2780 1712 2788 '

237 2878 291 2915 non
309 2870 379 2926 tres,
404 2862 453 2917 sed
473 2872 590 2932 quatuor
607 2864 780 2920 celebrentur
798 2864 911 2918 virtutes
931 2859 1098 2929 cardinales,
1120 2858 1244 2929 justitia,
1269 2857 1428 2928 prudentia,
1452 2854 1594 2924 fortitudo,

136 2944 141 2951 ‘
237 2941 431 3009 temperantia:
455 2949 511 2996 tres
532 2943 640 3011 quidem
660 2946 756 2999 harum
776 2942 862 2997 tribus
881 2941 963 2995 animi
980 2937 1158 2993 facvvltatibus
1185 2937 1333 3010 applicavit
1354 2936 1382 2992 in
1401 2932 1596 3007 superioribus,

239 3020 446 3088 temperantiam
476 3022 694 3092 concupiscibili,
725 3022 846 3077 sectione
869 3020 985 3090 trifaria,
1011 3016 1198 3073 fortitudinem
1223 3015 1365 3088 irascibili,
1394 3013 1597 3073 enumeratione

240 3102 391 3170 specierum
409 3100 544 3169 quiuaria,
564 3101 735 3169 prudentiam
747 3099 933 3170 intellectuali,
952 3097 1137 3155 subdivisione
1144 3096 1316 3166 ⁸septenaria;
1336 3094 1397 3149 cum
1409 3094 1597 3182 igitur-super.

240 3179 275 3232 sit
289 3178 410 3247 iustitia,
436 3177 511 3233 illam
531 3180 589 3247 jam
612 3187 752 3250 comparat
776 3178 921 3233 concentui
943 3176 1061 3233 omnium
1083 3175 1166 3229 trium
1188 3174 1399 3244 praemissarum
1421 3168 1597 3242 applicatque

240 3259 292 3314 toti
310 3260 430 3330 animae3
455 3261 518 3330 quia
536 3269 567 3315 ut
585 3267 628 3317 est
644 3261 672 3316 in
692 3261 795 3316 Graeco
815 3258 1061 3328 apophthegmata,
1083 3257 1111 3310 ἐν
1129 3259 1158 3309 ds
1184 3259 1330 3323 baamoccop
1351 3257 1504 3342 outtupucu
1527 3264 1599 3339 nucu

242 3335 321 3408 decep
339 3338 414 3407 icta,
426 3338 535 3407 justitia
552 3340 638 3395 virtus
657 3339 743 3393 omnis
761 3339 904 3409 complexa
927 3344 1045 3407 tenetur.
1065 3334 1142 3403 ,Qua
1163 3349 1193 3388 re
1218 3333 1246 3387 in
1267 3331 1425 3403 parenthesi
1447 3336 1501 3384 sata
1521 3327 1599 3395 (haec
1666 3372 1669 3375 .

243 3432 307 3472 vero
326 3426 369 3472 est
383 3419 499 3489 justitia)
517 3436 570 3474 non
595 3418 784 3474 consideratur
809 3425 875 3473 tuno
898 3416 970 3472 nude
993 3422 1024 3469 ut
1050 3414 1179 3468 virtutum
1200 3412 1342 3485 princeps,
1370 3407 1419 3464 sed
1443 3414 1475 3498 ut
1499 3405 1600 3496 chorae

243 3496 445 3551 iirtutum‘seu
468 3498 676 3567 dispositionum
701 3498 783 3553 animi
807 3496 962 3565 universus3
995 3504 1050 3549 non
1072 3493 1143 3547 enim
1165 3491 1323 3561 agnoscitur
1351 3493 1493 3544 exornatio
1516 3498 1600 3541 animi

243 3577 381 3646 perfecta,
399 3576 446 3631 ubi
464 3577 507 3632 vel
525 3591 580 3630 una
597 3579 728 3634 virtutum
746 3577 832 3633 deest.

679 3810 683 3817 ’
742 3792 747 3797 ’
819 3815 960 3890 cavus
987 3804 1041 3887 vv.

250 3970 476 4043 Comparatio
500 3980 663 4040 generum
694 3964 911 4022 harmonicae
947 3952 1285 4026 contemperationis
1316 3964 1389 4008 cnm
1418 3941 1602 4018 generibus
1635 4028 1639 4037 Ι
1689 3974 1692 3981 ·

721 4054 909 4124 primarum
926 4048 1098 4104 virtutum.
1114 4042 1134 4097 1)

294 4228 297 4233 ⁴
338 4222 411 4282 Cum
439 4227 539 4281 autom
569 4216 728 4279 secundum
757 4223 911 4290 utrumque
943 4213 1083 4270 virtutum
1116 4206 1306 4283 priucipium,
1340 4195 1602 4298 contemplativum

251 4329 291 4381 sc.
322 4319 351 4369 et
373 4312 569 4387 operativum,
601 4308 657 4366 tria
689 4307 749 4364 sint
780 4293 950 4382 genesen),
981 4300 1012 4354 in
1035 4292 1264 4370 contemplativo
1288 4287 1408 4365 quidem
1438 4285 1603 4387 physicum,

249 4399 499 4472 mathematicum,
523 4396 734 4471 theologIcum,
759 4394 789 4448 in
804 4391 958 4468 operativo
981 4401 1051 4443 vero
1061 4378 1108 4461 ¹¹¹)
1131 4381 1269 4451 ethicum,
1294 4388 1523 4478 oeconomicum,
1545 4385 1605 4472 po·

251 4486 380 4561 liticum,
411 4502 535 4562 quorum
558 4486 616 4542 ista
637 4480 830 4540 facultatibus
860 4493 918 4535 non
942 4473 1095 4543 differunt,
1126 4483 1295 4528 communes
1323 4480 1401 4524 emm
1423 4466 1493 4519 sunt
1518 4464 1606 4561 mum

252 4572 355 4633 horum
383 4588 521 4650 generum
548 4573 686 4643 vittatus,
722 4575 752 4627 et
777 4570 852 4625 inter
874 4582 906 4624 se
935 4569 1037 4620 mutuo
1060 4574 1171 4632 uexae;
1202 4554 1345 4654 differunt,
1361 4564 1431 4610 vero
1464 4543 1605 4649 amplstu·
1664 4628 1668 4645 Ι

253 4658 384 4742 diuell),
408 4661 588 4737 praestantia
610 4665 640 4717 et
661 4662 820 4733 apparatus
843 4668 953 4731 pompa
974 4648 1119 4721 ascititIa3
1150 4660 1217 4703 cum
1238 4637 1363 4716 singulas
1392 4636 1496 4695 horum
1518 4643 1606 4692 mum

254 4752 390 4827 utrinque
420 4762 557 4824 genemm
586 4746 643 4804 trIa
665 4743 848 4803 harmonicas
870 4755 999 4816 genera,
1028 4734 1088 4794 illis
1116 4732 1300 4809 aequivoca,
1331 4727 1404 4793 satis
1427 4729 1495 4801 apte
1525 4734 1606 4781 conr·
1643 4782 1649 4791 ,
1703 4771 1708 4782 ,

1334 4836 1336 4845 ’
1381 4827 1450 4891 23*
