3882 5862
768 357 852 413 aroer
869 357 918 412 111.
938 357 1027 427 caput
1044 358 1116 414 mv.
1544 356 1605 428 aei
1704 410 1714 417 .

256 527 328 598 quod
352 545 438 599 usque
460 529 618 586 Macrobius
642 530 761 586 affirmat
785 531 868 601 (apud
893 532 1061 603 Macrobium
1086 533 1156 588 libro
1175 533 1210 588 11.
1233 534 1262 588 in
1288 533 1426 589 Somnium
1454 534 1606 610 Scipionis),

256 622 317 663 sese
335 608 447 664 tendere
465 610 623 664 harmoniae
642 608 769 665 coelestis
787 612 979 679 accessionem
998 611 1070 667 inter
1088 613 1192 667 scilieet
1209 629 1335 669 numeros
1356 618 1378 683 l,
1397 615 1422 684 2,
1440 616 1466 671 l.
1501 615 1539 668 At
1557 614 1608 682 Py-

256 684 397 752 thagoraei
415 689 501 743 ceteri
517 689 663 758 repudiato
681 688 728 743 illo
747 688 842 747 ordine
860 688 1032 744 tradiderunt
1050 691 1172 746 ordinem
1191 692 1282 760 alium
1301 709 1335 747 ex
1354 694 1429 762 prius
1447 693 1543 763 positis
1560 707 1609 761 po·

255 763 404 835 steriorem,
423 774 451 821 et
468 768 511 822 usi
528 782 667 822 sacrorum
685 783 796 823 suorum
813 783 987 823 numerorum
1005 768 1111 824 familiis
1131 772 1154 839 1,
1173 770 1243 839 2,·4,
1262 772 1279 826 8
1297 777 1325 824 et
1344 774 1367 838 1,
1385 773 1416 842 3,
1436 773 1462 840 9,
1480 773 1523 841 27,
1540 771 1608 827 insi·

255 857 369 909 eamque
386 838 556 900 intextissi‘c
575 847 598 913 1,
617 846 642 917 2,
661 846 687 916 9,
704 847 730 915 d,
749 847 775 915 9,
793 846 818 914 8,
837 846 880 911 27,
899 846 989 914 spatia
1006 846 1130 915 sphaeris
1148 849 1335 917 superioribus
1349 851 1542 919 propemodum
1559 850 1609 904 lm·

255 935 349 974 mensa
372 922 561 979 attribuerunt.
597 925 641 979 Ita
663 924 738 994 apud
764 941 859 980 omues
885 925 946 980 illos
971 925 1061 993 ipsum
1082 948 1112 979 το
1139 928 1192 993 ὁτι,
1219 928 1286 982 ordo
1311 928 1415 984 scilicet
1432 927 1608 997 sphaerarum

255 998 394 1055 involutus
412 1011 471 1057 erat
488 1019 587 1071 magna
605 1003 726 1071 caligine.
764 1003 938 1057 Ptolemaeus
958 1003 1066 1071 quidem
1085 1004 1219 1072 ordinem,
1244 1021 1324 1074 quem
1347 1007 1405 1076 ipse
1429 1013 1539 1061 secutus
1557 1014 1607 1073 est,

256 1078 285 1132 in
303 1079 392 1149 Opere
410 1084 511 1150 Magno
530 1082 716 1153 comprobavit
734 1084 901 1153 argumentis
920 1092 975 1138 tam
995 1081 1109 1152 levibus,
1129 1092 1160 1139 ut
1177 1084 1257 1139 facile
1275 1093 1429 1156 appareret,
1448 1084 1607 1139 etsiverum

256 1158 382 1230 credidit,
407 1161 488 1216 uuico
513 1169 604 1217 tamen
630 1160 817 1231 experimento
836 1159 927 1229 (quale
950 1166 992 1214 est
1020 1158 1088 1215 illud
1106 1160 1141 1216 de
1159 1162 1279 1235 Venere,
1306 1182 1377 1220 nuuc
1395 1162 1514 1219 rotunda
1536 1178 1608 1218 nunc

255 1238 430 1309 corniculata)
449 1242 573 1309 potuisse
590 1241 668 1297 illum
687 1239 720 1295 de
739 1240 790 1294 hac
809 1239 936 1308 opinione
956 1238 1044 1307 dejici.

344 1335 470 1391 Secundo
494 1337 664 1405 Pythagoras
692 1338 727 1395 ds
749 1340 898 1396 intervallis
921 1348 949 1394 et
972 1341 1072 1410 topicis
1097 1340 1275 1410 sphaerarum
1301 1349 1329 1395 et
1350 1340 1460 1395 musicis
1488 1348 1608 1395 motuum

257 1415 444 1483 quaestionem
462 1432 544 1471 unam
561 1414 639 1486 iecit,
666 1418 838 1475 Ptolemaeus
857 1412 932 1474 illam
949 1420 977 1473 iu
996 1420 1079 1488 duas,
1097 1426 1129 1474 ut
1146 1435 1177 1474 re
1195 1434 1259 1475 vera
1277 1427 1353 1488 sant,
1373 1419 1463 1474 divisit
1481 1427 1508 1473 et
1526 1414 1609 1488 priori

258 1494 292 1549 de
310 1495 432 1564 sphaeris
451 1503 533 1565 caput
552 1497 594 1551 14.
613 1496 696 1567 dedit,
723 1498 868 1567 posteriori
890 1498 924 1552 de
937 1497 1056 1552 motibus
1075 1505 1158 1567 caput
1170 1499 1213 1553 15.
1249 1498 1308 1553 Nec
1320 1497 1372 1552 hoc
1383 1499 1489 1566 nahum,
1508 1498 1608 1567 quippe

255 1590 324 1643 cunr,
344 1574 418 1644 quod
441 1573 522 1628 tertio
540 1572 601 1629 loco
620 1574 784 1643 notandum,
807 1577 990 1647 Pythagoraei
1008 1576 1127 1646 primum
1145 1585 1247 1630 motum
1274 1575 1494 1645 considerarent,
1518 1575 1607 1631 Ptole·

256 1667 349 1709 maeus
367 1653 502 1709 secundos
524 1652 694 1722 singulorum
716 1655 849 1723 proprios.
885 1657 953 1710 Naar
978 1657 1037 1724 ipse
1060 1655 1094 1708 de
1112 1655 1200 1724 primo
1218 1662 1295 1710 motu
1314 1664 1407 1724 egerat
1427 1657 1519 1725 capite
1538 1660 1561 1711 9.
1581 1663 1608 1709 et

255 1733 306 1800 11,
330 1740 459 1800 tanquam
478 1731 512 1786 de
531 1746 579 1801 eo,
612 1732 660 1800 qui
678 1733 857 1787 communiter
874 1733 985 1789 adesset
1009 1734 1134 1788 omnibus
1152 1733 1285 1803 planetis;
1312 1735 1401 1804 capite
1428 1749 1491 1789 vero
1511 1737 1554 1801 tt,
1578 1743 1609 1791 ut

254 1825 337 1878 supra
355 1809 469 1878 dietum,
497 1826 575 1865 orsus
595 1819 654 1866 erat
676 1811 927 1867 considerationem
945 1811 1112 1880 singulorum
1130 1812 1303 1881 planetarum
1329 1820 1356 1867 et
1384 1812 1423 1867 sic
1442 1813 1523 1868 etiam
1546 1830 1606 1882 pro-

255 1886 376 1955 priorum
399 1895 531 1944 motuum.
571 1889 641 1945 Nam
664 1891 716 1944 etsi
743 1891 825 1945 etiam
848 1890 1019 1961 Pythagoras
1044 1890 1166 1959 singulos
1191 1892 1348 1951 considerat
1370 1893 1507 1962 planetas,
1534 1901 1608 1948 recte

255 1975 347 2021 mmsn
364 1968 471 2021 censuit
487 1965 667 2029 Ptolemaeus.
687 1969 802 2037 primum
820 1975 923 2023 motum
941 1968 996 2023 illis
1014 1968 1129 2038 singulis
1147 1971 1208 2025 loco
1227 1970 1326 2038 quietis
1343 1985 1419 2039 esse,
1438 1987 1498 2025 curu
1516 1986 1608 2026 omnes

256 2045 283 2099 in
302 2045 396 2100 eadem
414 2044 499 2101 veluti
517 2045 597 2101 domo
616 2046 728 2101 volubili
748 2048 895 2117 compacti,
913 2047 1037 2103 attritum
1056 2049 1126 2103 atris
1145 2048 1262 2116 nullum,
1286 2048 1470 2103 diversitatem
1488 2055 1607 2103 motuum

257 2123 360 2180 nullam
379 2125 510 2194 sentiant,
537 2125 611 2194 quod
629 2124 701 2179 idem
725 2134 753 2180 et
771 2125 939 2189 defixarum
958 2126 1067 2182 circulis
1091 2127 1204 2196 diurnis,
1229 2128 1337 2183 infinita
1353 2128 1545 2197 magnitudinis
1562 2145 1606 2183 aa·

253 2205 350 2259 mutate
363 2220 393 2260 se
410 2205 525 2259 invicem
538 2220 554 2258 a
565 2204 630 2274 polo
651 2205 687 2260 ad
698 2214 874 2275 aequatorem
892 2205 1129 2275 consequentibus,
1150 2205 1294 2261 dicendum
1307 2214 1358 2262 est.
1393 2207 1505 2262 Rectius
1518 2206 1606 2263 adhuc

256 2293 329 2338 esset
346 2301 407 2339 eum
427 2285 575 2353 Copernico
594 2283 818 2355 philosophatus,
846 2287 869 2341 si
888 2287 1044 2354 statuisset,
1070 2293 1173 2341 motum
1191 2287 1306 2356 primum
1326 2286 1403 2341 coelo
1426 2301 1456 2340 re
1475 2300 1537 2339 vera
1555 2303 1609 2341 non

255 2362 353 2424 inesse,
371 2362 419 2418 sed
438 2362 534 2417 saltem
551 2362 638 2417 videri
655 2362 758 2432 inesse,
778 2365 862 2420 Terra
878 2364 907 2420 in
925 2367 1092 2421 contrarium
1111 2364 1204 2419 voluta
1227 2364 1299 2420 eirea
1317 2380 1404 2419 axem.
1419 2392 1427 2415 ι
1440 2363 1510 2418 Hine
1527 2364 1609 2432 igitar

256 2444 369 2511 emergit
392 2450 420 2496 et
445 2442 497 2498 hoc
516 2449 643 2511 quartum
666 2442 825 2512 discrimen,
851 2445 926 2513 quod
944 2444 1115 2513 Pythagoras
1134 2444 1284 2512 superiora,
1302 2441 1477 2511 amplissimis
1498 2443 1609 2497 orbibus

255 2523 349 2594 citata,
377 2521 444 2578 iacit
460 2522 630 2589 acutissima,
657 2520 748 2577 infima
766 2522 938 2591 gravissima,
962 2532 990 2577 et
1008 2524 1119 2578 Terram
1139 2523 1217 2581 basin
1236 2521 1387 2590 gravissimi
1405 2521 1524 2577 omnium
1542 2522 1608 2592 soni,

257 2601 301 2656 cui
319 2609 409 2656 tamen
434 2601 536 2657 rectius
555 2601 692 2656 silentium
719 2616 822 2657 merum
848 2601 876 2655 in
894 2601 946 2655 hac
965 2601 1091 2669 analogia
1110 2607 1290 2670 competeret:
1315 2596 1489 2654 Ptolemaeus
1514 2614 1609 2655 econ·
1632 2614 1635 2623 ’

255 2674 339 2734 trunio
362 2681 519 2736 acutissimo
542 2682 644 2736 sonitui
667 2686 808 2749 comparat
829 2679 935 2735 Lanam
957 2679 1092 2745 infimam,
1119 2680 1277 2748 gravissime
1297 2679 1443 2734 Saturnum
1465 2679 1608 2751 ert>imum3

256 2759 358 2815 Terrae
376 2767 404 2815 et
421 2760 484 2818 fixis
503 2776 586 2817 sonos
604 2761 650 2816 hic
667 2760 758 2815 nullos
782 2760 916 2828 assignat,
943 2767 1018 2814 tanto
1043 2774 1124 2826 quam
1141 2758 1310 2828 Pythagoras
1328 2757 1511 2827 verisimilior,
1538 2759 1609 2827 quod

255 2838 283 2890 in
302 2844 360 2891 tota
377 2854 468 2893 rerum
484 2846 583 2893 natura
600 2838 664 2893 moli
684 2854 828 2908 corporum
848 2844 876 2892 et
892 2837 1044 2907 prolixitati
1061 2839 1303 2894 instrumentorum
1322 2837 1473 2892 associatur
1490 2838 1608 2905 gravitas

256 2932 392 2971 sonorum.
428 2916 497 2972 Vide
521 2916 584 2971 libri
606 2918 658 2971 mci
676 2917 724 2971 llI.
746 2934 805 2986 cap.
826 2919 851 2973 1.
886 2917 933 2971 Ex
950 2916 1003 2972 hoc
1027 2917 1121 2985 itaque
1139 2925 1266 2987 apparet,
1292 2924 1423 2986 quantum
1446 2917 1609 2972 aberraverit

254 2995 330 3050 isab
348 2996 454 3049 intento
473 2995 637 3065 Ptolemaei,
663 2997 710 3065 qui
734 2997 856 3052 lemmati
879 2996 976 3066 capitis
995 2997 1038 3052 16.
1063 2996 1254 3051 tractationem
1273 2995 1390 3063 subjecit
1408 2995 1622 3062 alienissimam,

256 3089 417 3143 comparans
436 3075 598 3142 Saturnum,
617 3082 648 3128 ut
666 3076 863 3146 Pythagoraei,
883 3093 945 3133 cum
964 3092 1030 3131 sono
1049 3074 1221 3144 acutissimh,
1239 3073 1345 3129 Lunam
1363 3089 1425 3127 cum
1442 3074 1608 3145 gravissimo,

256 3163 284 3209 et
302 3152 412 3223 quidem
429 3154 456 3208 iu
476 3153 530 3209 alia
548 3154 703 3222 systematis
722 3153 824 3224 iorma,
842 3155 870 3209 in
889 3170 944 3224 quo
961 3154 1156 3215 tetrachordon
1175 3169 1367 3225 synemmenon
1390 3160 1433 3208 est
1449 3153 1510 3208 loco
1527 3159 1608 3209 tetra·

256 3233 351 3289 chordi
370 3233 591 3302 diezeugmenon.
618 3234 767 3303 'Mirorque
787 3234 912 3289 Barlaam
932 3234 1107 3297 monachum,
1126 3236 1174 3303 qui
1192 3236 1265 3290 hunc
1283 3249 1402 3303 errorem
1420 3233 1535 3301 notavit,
1553 3248 1608 3287 nou

194 3342 200 3359 ι
255 3321 368 3366 notasse
387 3319 415 3365 et
432 3311 517 3380 illum,
535 3311 576 3365 uti
593 3325 645 3364 uec
662 3311 724 3380 hoc,
740 3312 814 3380 quod
831 3311 910 3368 fucus
928 3313 981 3368 isto
999 3313 1131 3367 Venerem
1150 3330 1234 3383 supra
1253 3313 1345 3368 Solem
1361 3310 1469 3366 locavit.
1499 3310 1607 3386 Quinto,

251 3393 310 3461 jam
329 3406 393 3446 vero
411 3390 583 3444 Ptolemaeus
601 3388 630 3442 in
649 3388 701 3445 hoc
719 3390 863 3446 absurdior
881 3397 924 3446 est
940 3390 1105 3460 Pythagora,
1116 3392 1200 3461 ,quod
1213 3389 1455 3462 sphaerasprirnas
1473 3388 1516 3444 vel
1528 3389 1608 3447 etiam

255 3487 370 3541 corpora
387 3469 527 3525 stellarum
551 3470 585 3524 iis
603 3476 681 3523 vecta
699 3468 738 3523 sic
757 3477 898 3539 comparat
917 3469 991 3525 souis
1009 3469 1038 3523 in
1056 3478 1217 3539 systemate,
1242 3478 1274 3524 ut
1290 3469 1338 3523 illa
1360 3466 1530 3546 respectibus
1553 3484 1607 3523 mo·

256 3558 335 3607 tuum
354 3558 444 3606 exuat.
481 3548 680 3620 Longitudines
700 3548 771 3603 enim
791 3547 996 3617 diametrorum,
1020 3563 1069 3602 seu
1094 3547 1167 3615 quod
1190 3548 1262 3602 idem
1280 3556 1322 3603 est
1343 3544 1536 3615 amplitudines
1559 3548 1608 3601 cir·

255 3630 385 3697 culorum,
403 3645 453 3698 per
472 3645 540 3698 quos
559 3637 625 3683 eunt
643 3627 757 3696 singuli,
771 3635 912 3697 comparat
928 3626 1145 3696 longitudinibus
1163 3626 1325 3682 chordarum
1338 3624 1492 3694 systematis
1510 3624 1538 3678 in
1556 3626 1609 3679 hoc

256 3707 296 3764 14.
316 3708 414 3777 capite,
433 3715 536 3778 quanta
555 3724 617 3762 vero
636 3705 776 3761 celeritate
794 3707 933 3761 vehantur
951 3705 1052 3773 singuli
1070 3721 1120 3774 per
1137 3720 1202 3760 suos
1220 3704 1309 3772 orbes,
1327 3704 1356 3759 id
1375 3702 1467 3758 differt
1483 3703 1511 3756 in
1525 3713 1609 3772 caput

254 3803 379 3857 sequens.
417 3787 447 3857 Si
464 3786 536 3842 enim
554 3785 667 3842 eandem
683 3786 854 3840 celeritatem
871 3785 1005 3841 tribueret
1022 3784 1156 3854 omnibus,
1174 3799 1258 3840 causa
1275 3783 1352 3838 nulla
1369 3789 1451 3851 esset,
1469 3782 1534 3851 quin
1548 3799 1610 3838 cam
1695 3794 1700 3804 ’

254 3866 394 3921 Macrobio
418 3866 598 3937 aperiodicis
617 3866 785 3936 temporibus
811 3872 1048 3933 argumentaretur
1065 3865 1100 3919 ad
1120 3865 1213 3932 orbes,
1238 3870 1270 3917 ut
1287 3861 1352 3931 quia
1369 3860 1502 3923 Saturnus
1525 3861 1610 3929 trige-

256 3943 337 4013 caplo
355 3944 459 3999 tardior
477 3953 520 4000 est
538 3945 610 4013 Sole,
630 3944 747 3999 eundem
765 3946 847 4000 stiam
865 3945 1019 4014 trigecuplo
1038 3943 1162 4007 altiorem
1180 3943 1243 3998 Sole
1261 3941 1378 4011 iaceret,
1396 3954 1430 3996 ue
1449 3955 1518 4009 opus
1537 3946 1610 3994 esset

254 4022 282 4076 in
299 4020 426 4079 lemmate
444 4024 541 4093 capitis
559 4026 760 4094 praescribere,
785 4041 815 4079 se
833 4023 901 4079 velle
920 4024 1028 4080 demum
1046 4024 1148 4093 primos
1166 4037 1293 4078 numeros
1311 4021 1488 4089 investigare,
1509 4017 1608 4087 quibus

255 4101 458 4170 explicarentur
476 4105 654 4175 sphaerarum
673 4105 874 4174 proportiones.
909 4105 1006 4173 ltaque
1024 4103 1109 4173 vides,
1128 4119 1184 4159 non
1202 4102 1320 4159 alienum
1338 4100 1390 4154 hoc
1408 4115 1425 4153 a
1442 4104 1533 4153 mente
1545 4096 1609 4150 Pto-

254 4180 351 4237 lemaei
368 4182 462 4250 fuisse,
480 4201 497 4240 a
514 4200 557 4239 me
575 4186 759 4254 perscriptum
777 4185 806 4239 iu
822 4185 985 4240 tractatione
998 4183 1096 4253 capitis
1110 4190 1137 4238 et
1152 4181 1318 4251 explicatum
1330 4178 1413 4247 paulo
1426 4177 1517 4247 prius:
1535 4173 1608 4246 quod

254 4260 396 4318 inferiores
415 4264 471 4319 sint
488 4279 518 4319 re
536 4279 601 4319 vera
618 4264 765 4319 celeriores
784 4262 979 4333 superioribus,
998 4278 1054 4316 uon
1071 4270 1179 4317 tantum
1191 4261 1323 4316 brevitate
1335 4256 1448 4325 reditus,
1467 4256 1515 4311 sed
1528 4254 1609 4309 etiam

255 4341 348 4408 vigore
366 4342 526 4413 celeritatis,
552 4352 583 4398 ut
600 4343 656 4398 siut
679 4343 718 4398 ita
735 4340 842 4412 periodi
859 4341 1016 4396 inferiorum
1033 4339 1186 4409 breviores,
1215 4354 1297 4408 quam
1314 4353 1364 4407 pro
1389 4336 1496 4391 orbium
1513 4332 1610 4402 ampli·

256 4418 359 4477 tudine.
396 4420 508 4477 Sextum
534 4430 563 4475 et
581 4422 701 4492 speciale
725 4421 870 4489 discrimen
894 4421 964 4475 inter
988 4427 1137 4489 systemata
1153 4416 1328 4487 Pythagorae
1352 4421 1380 4470 et
1397 4413 1545 4469 Ptolomaei
1567 4420 1610 4468 est

255 4498 283 4552 in
302 4499 494 4568 amplitudine.
529 4502 701 4571 Pythagoras
725 4501 797 4555 euim
822 4515 916 4556 omnes
939 4499 1064 4569 planetas
1087 4506 1116 4553 et
1137 4498 1208 4552 fixas
1233 4494 1313 4549 unico
1339 4493 1470 4561 diapason
1494 4490 1610 4548 includit

253 4580 406 4635 seeundum
423 4580 556 4644 Plinium,
580 4581 627 4636 alii
643 4582 825 4652 Pythagoraei
843 4579 915 4649 apud
933 4578 1102 4633 Macrobium
1124 4577 1152 4633 id
1176 4574 1342 4643 ampliarunt
1364 4571 1401 4627 ad
1418 4570 1535 4626 tetralris
1552 4569 1609 4624 dia·

256 4671 344 4725 paeon
366 4660 547 4730 epidiapeote.
583 4662 740 4717 Ptolemaeo
763 4660 880 4730 dispersi
902 4666 966 4715 suut
988 4657 1115 4726 planetas
1139 4670 1189 4726 per
1206 4658 1326 4722 systema
1348 4649 1511 4719 perfectum,
1535 4645 1609 4717 q¹¹⁰d

256 4734 462 4802 amplitudinem
483 4736 567 4792 habet
589 4738 772 4810 disdiapason.
809 4739 940 4809 Septimo,
965 4736 1149 4806 septenarium
1168 4732 1338 4803 planetarum
1363 4738 1478 4799 uterque
1502 4728 1611 4818 quaerit

256 4813 337 4869 etiam
354 4815 383 4877 tn
401 4832 452 4874 suo
470 4816 627 4889 archetypo,
645 4819 777 4890 religiono
794 4818 941 4889 praecipua
958 4816 1123 4886 septenarii,
1142 4813 1203 4885 qui,
1220 4817 1252 4867 ot
1267 4808 1426 4867 Macrobius
1444 4823 1480 4864 ex
1498 4808 1607 4903 Somnm
