3792 5860
916 1314 981 1393 ro.
1007 1262 1242 1392 narrem*

611 1606 614 1617 ¹
692 1475 997 1591 iilllllllli
1032 1475 1184 1591 libili
1218 1474 1365 1591 lillll
1401 1478 1431 1590 Ι.

389 1682 440 1754 Ile
467 1682 671 1771 Figuratum
687 1680 929 1799 legatarium,
958 1699 1050 1773 quae
1078 1681 1318 1771 proportiones
1342 1682 1560 1755 harmonicas
1587 1682 1738 1771 pariunt,

384 1835 397 1860 ·
486 1809 583 1895 ortu,
612 1804 799 1892 classibus,
827 1803 949 1876 ordine
976 1808 1015 1905 et
1039 1804 1255 1893 differentiis,
1284 1825 1390 1880 causa
1416 1806 1584 1879 scientiae
1611 1811 1648 1878 et

908 1925 1220 1999 demonstrationis.

612 2089 754 2147 Procius
772 2088 968 2146 Diadochus
986 2089 1069 2147 Libro
1086 2089 1108 2145 L
1128 2091 1274 2147 comment.
1292 2089 1321 2145 in
1338 2090 1359 2147 t
1378 2088 1510 2146 Euclidia.
1559 2112 1563 2121 ·

389 2194 474 2274 Προς
493 2198 527 2255 da
548 2214 600 2272 την
621 2213 742 2272 φυσικην
763 2196 892 2272 cooptat
914 2186 947 2274 (ἡ
970 2188 1174 2275 μαθηματικη)
1197 2215 1235 2254 su
1256 2213 1373 2274 pwytow
1395 2192 1609 2269 nuptialium,
1632 2212 1684 2269 την
1704 2211 1738 2251 sa

314 2276 324 2291 '
388 2303 447 2344 cmv
469 2283 559 2360 lopus
581 2276 717 2353 stratas
739 2276 951 2362 ἀναφαινονπα,
974 2276 1041 2341 καθ’
1066 2274 1359 2361 q‘vsdadqpcouppqsut
1373 2302 1408 2341 so
1428 2301 1488 2342 uus
1510 2325 1517 2339 .
1541 2324 1549 2340 .
1574 2323 1581 2338 .
1605 2320 1613 2337 .
1637 2301 1685 2340 aut
1700 2299 1739 2338 τα

389 2362 471 2430 dulc
492 2391 540 2428 aut
562 2388 735 2448 npusovpyu
765 2388 904 2447 στοιχεια,
933 2389 980 2428 και
1001 2388 1094 2447 nunp
1116 2389 1150 2445 tp
1171 2387 1330 2447 ouppccpcqt
1361 2390 1409 2429 και
1428 2389 1464 2448 sp
1485 2365 1593 2444 ἷσοτητι
1623 2385 1739 2444 uuvspo·

388 2478 460 2531 pavo
484 2452 618 2529 δειξασα,
649 2451 681 2516 dt'
707 2449 749 2517 uls
775 2477 824 2516 και
852 2449 869 2517 ὁ
898 2475 956 2524 stuc
977 2451 1103 2532 οὖρανος
1132 2452 1303 2533 baalsamen,
1335 2476 1467 2535 σχηματα
1495 2476 1533 2517 ru
1560 2474 1741 2534 rtpoeqaona

735 2564 810 2603 ausa
830 2562 883 2612 τας
904 2538 1010 2604 ἑαυτου
1029 2546 1149 2622 paptdue
1170 2536 1391 2617 ὖποὸεξαμυος.

686 2696 761 2758 Cum
790 2696 821 2758 S.
852 2696 885 2758 G.
915 2697 957 2758 M.
986 2698 1146 2776 Privileglu
1176 2697 1214 2760 ad
1245 2714 1338 2759 annos
1368 2697 1439 2760 XV.

563 2851 666 2902 nmen
683 2853 856 2905 ausnsmn.
891 2832 1037 2905 mamasac
1052 2853 1181 2906 souma
1197 2852 1318 2918 eunom,
1336 2867 1403 2905 anno
1420 2851 1562 2905 mocxrx.

898 3261 1217 3349 iustitium.

479 3441 553 3502 Cum
575 3460 594 3501 a
616 3441 810 3502 divisionibus
834 3440 934 3502 circuli
956 3444 986 3502 io
1009 3451 1105 3523 partes
1128 3442 1274 3520 aliquotas
1296 3442 1449 3520 aequales,
1473 3458 1549 3518 quae
1570 3440 1644 3500 liunt
1664 3457 1739 3518 geo-

389 3529 506 3589 metrice
529 3536 560 3589 et
580 3528 745 3604 scientifice,
768 3529 826 3589 hoc
847 3536 893 3589 est
914 3548 933 3589 a
954 3530 1054 3607 figuris
1077 3530 1172 3610 planis
1187 3530 1370 3608 regularibus
1385 3528 1658 3589 demonstrabitibus
1680 3531 1740 3588 sint

391 3617 478 3675 nobis
499 3616 643 3693 petendae
665 3634 772 3677 causae
795 3618 1015 3696 proportionum
1036 3618 1281 3678 harmonicorum:
1311 3616 1383 3676 illud
1410 3619 1492 3677 initio
1515 3614 1739 3693 significandum

391 3702 475 3778 duxi,
507 3703 683 3765 differentias
706 3722 800 3764 rerum
822 3708 1063 3781 geometricorum
1083 3704 1240 3779 mentales,
1263 3704 1367 3784 bodie,
1397 3713 1538 3780 quactum
1559 3711 1680 3781 apparot
1703 3719 1740 3763 ex

316 3864 319 3869 Ι
389 3790 471 3850 libris
493 3791 594 3865 editis,
617 3795 647 3850 in
670 3791 797 3852 solidum
818 3794 956 3869 ignorari.
1000 3792 1144 3871 Adeoque
1165 3810 1203 3853 ne
1225 3810 1262 3855 ex
1283 3793 1432 3852 veteribus
1454 3790 1589 3869 quidem,
1612 3792 1662 3868 qui
1685 3789 1739 3849 bas

300 3912 310 3935 0
390 3876 541 3957 specificas
562 3895 658 3939 rerum
679 3881 920 3955 geometricorum
944 3878 1119 3941 differentias
1148 3897 1179 3941 sc
1202 3887 1304 3941 exacte
1327 3881 1500 3957 cognovisse
1523 3876 1751 3954 significaverit·

389 3975 505 4043 practer
527 3966 677 4027 Euclidem
700 3968 822 4043 ejusque
845 3976 1102 4029 commentatorem
1124 3966 1270 4041 Proclum,
1296 3970 1452 4044 quisquam
1474 3967 1607 4026 occurrit.
1638 3963 1740 4044 Puppi

358 4082 364 4087 ·
389 4053 508 4130 quidem
531 4052 722 4114 Alexandrini
742 4064 944 4135 veterumque,
967 4072 1041 4133 quos
1064 4056 1114 4116 ille
1129 4056 1269 4132 sequitur,
1293 4055 1459 4115 distributio
1475 4048 1686 4133 problematum
1708 4055 1741 4110 in

389 4139 485 4218 plana,
508 4141 603 4201 solida
625 4150 655 4202 et
675 4141 805 4218 linearia,
828 4144 900 4202 satis
923 4151 967 4203 est
980 4147 1117 4222 apposita
1130 4142 1169 4202 ad
1183 4142 1301 4202 babitus
1316 4144 1429 4217 mentis,
1453 4145 1530 4202 circa
1545 4156 1740 4217 unamquam-

389 4244 447 4304 que
462 4228 588 4305 subjecti
601 4230 769 4306 geometrici
784 4238 896 4309 partem
912 4231 1046 4304 orientes,
1064 4229 1268 4309 explicandos:
1285 4228 1442 4289 illatamen
1458 4236 1487 4288 et
1500 4229 1597 4287 brevis
1613 4237 1658 4287 est
1668 4243 1740 4287 vcr-

388 4315 435 4374 bis
458 4323 487 4375 et
509 4316 547 4391 ad
568 4318 672 4396 praxim
694 4317 859 4395 applicata,
883 4316 919 4376 de
935 4318 1047 4377 tbeoria
1061 4317 1143 4378 nulla
1157 4317 1190 4377 tit
1203 4319 1328 4377 mentio:
1353 4323 1383 4378 et
1405 4333 1474 4378 vcro
1491 4317 1548 4375 nisi
1563 4322 1625 4376 tota
1640 4321 1739 4375 mente

388 4403 421 4479 in
441 4401 555 4463 theoria
576 4403 664 4480 hujus
685 4407 728 4464 rei
752 4421 940 4484 occupemur,
963 4421 1114 4482 nunquam
1135 4407 1254 4482 assequi
1274 4404 1434 4482 poterimus
1447 4407 1575 4463 rationes
1589 4401 1740 4463 barmoni-

392 4506 456 4549 cas.
501 4490 623 4551 Procius
640 4491 811 4552 Diadochus
834 4492 916 4551 libris
937 4500 1064 4569 quatuor
1085 4493 1116 4550 in
1144 4493 1268 4571 primum
1283 4489 1415 4551 Euclidis
1431 4490 1517 4553 editis
1532 4489 1741 4569 philosophum

389 4576 580 4638 theoreticam
606 4580 635 4636 in
666 4579 871 4640 mathematico
900 4579 1034 4655 subiecto
1066 4595 1103 4638 ex
1130 4581 1262 4659 professo
1291 4580 1367 4655 cgitz
1398 4580 1449 4656 qui
1478 4580 1503 4639 si
1531 4578 1740 4638 commentaria

388 4682 444 4724 sua
464 4665 495 4723 in
517 4664 662 4726 decimum
684 4669 773 4726 etiam
794 4667 900 4726 librum
922 4652 1053 4726 Euclidis
1073 4666 1161 4728 nobis
1183 4666 1364 4744 reliquisset,
1387 4671 1416 4726 et
1437 4671 1552 4727 nocuos
1574 4672 1740 4743 geometras

295 4752 299 4773 ¹
387 4753 504 4813 inscitia
524 4752 678 4814 liberasset
699 4770 758 4815 non
780 4753 939 4830 neglectus,
962 4760 992 4814 et
1013 4770 1060 4814 mc
1076 4753 1184 4831 ,labore
1204 4754 1262 4814 hoc
1283 4752 1449 4831 explicandi
1471 4770 1567 4815 rerum
1580 4754 1740 4831 geometri·

389 4857 487 4900 carum
515 4839 691 4901 differentias
720 4843 750 4900 in
772 4841 898 4902 solidum
920 4840 1114 4902 sublevasset
1159 4840 1238 4902 Satis
1260 4841 1338 4901 enlm
1358 4840 1401 4900 illi
1424 4843 1543 4918 cognita
1563 4840 1653 4901 iuuse
1675 4838 1739 4900 dis·

389 4930 509 4989 erimbra
530 4930 588 4990 ista
609 4931 719 4990 entium
740 4930 926 5004 mentalium,
955 4946 992 4990 cx
1013 4930 1078 5007 ipso
1102 4928 1222 4990 exordio
1242 4928 1328 4990 icelle
1350 4938 1486 5009 apparet,
1509 4945 1576 4990 cum
1597 4929 1741 5008 principia
