3882 5862
384 436 446 498 396
576 500 578 505 ⁴
895 434 1045 492 Ptolemaei
1061 436 1217 492 Harmonia

359 636 361 641 ·
383 608 484 681 placita
500 610 672 679 Pythagorae
689 626 750 666 esse
769 612 899 683 diapason
918 613 1095 679 harmoniam,
1114 629 1131 668 a
1148 610 1234 668 Tarra
1251 624 1316 667 tero
1334 612 1370 667 ad
1382 613 1487 668 Lunam
1505 613 1636 669 accedam
1653 630 1736 669 unum

383 696 476 745 tonum
494 690 766 760 supernumerarium.
804 693 847 746 lta
864 692 1028 747 coelestibus
1048 691 1155 759 quidem
1175 690 1334 759 corporibus
1352 698 1466 761 propter
1477 698 1580 746 motum
1598 693 1654 747 dati
1672 701 1737 747 sunt

383 768 482 837 singuli
499 770 559 824 soni
576 771 700 839 interque
719 787 802 826 sonos
821 772 977 843 intervella3
1002 771 1103 825 Terrae
1121 786 1199 839 raro,
1215 786 1286 839 qaae
1304 769 1452 840 putabatur
1470 771 1625 842 quiescere,
1653 787 1736 826 sonus

383 851 474 902 tamen
499 864 568 903 unna
591 857 634 904 eat
657 849 817 917 attributus,
843 858 955 920 propter
974 850 1062 904 solum
1086 850 1258 904 intervallum
1283 851 1354 903 hano
1377 850 1449 903 inter
1473 856 1501 904 et
1518 852 1637 918 Lunam,
1662 850 1736 919 qnod

384 929 538 983 statuerunt
559 929 673 998 aequale
695 929 838 984 intervallo
862 930 933 984 inter
955 928 1061 982 Lunam
1085 935 1113 982 et
1137 928 1310 983 Mercurium.
1352 928 1442 1001 Illusit
1468 930 1539 985 enim
1564 946 1614 985 seu
1635 930 1736 1001 Pytha·

383 1019 464 1070 gorae
482 1021 529 1060 seu
548 1008 607 1075 ejus
625 1008 767 1077 interpreti
786 1005 875 1062 Plinio
898 1007 1060 1075 ambiguitas
1077 1008 1151 1062 vocis
1173 1007 1389 1077 »intervallum«,
1413 1025 1482 1077 quae
1501 1011 1636 1066 interdum
1654 1007 1737 1078 signi·
1837 1012 1846 1025 ⁸

383 1074 580 1152 ficat'aiicujus
599 1087 682 1155 spatii
699 1086 910 1155 longitudinem,
936 1102 989 1155 quo
1007 1100 1091 1140 sensu
1107 1085 1180 1139 inter
1198 1092 1287 1140 omnia
1311 1102 1426 1155 corpora
1444 1087 1573 1158 deinceps
1598 1090 1690 1145 locata
1706 1086 1735 1140 in

383 1174 438 1213 una
455 1164 524 1217 serie
540 1162 655 1219 interest
672 1165 783 1234 aliquod
800 1164 988 1231 intervallum,
1007 1165 1092 1219 etsie
1111 1163 1191 1218 etiam
1210 1165 1281 1218 inter
1299 1165 1409 1219 Terram
1429 1168 1613 1235 quiescentem
1637 1174 1665 1223 et
1681 1168 1735 1223 Lu-

382 1252 445 1292 nam
462 1236 601 1307 mobilem,
625 1243 762 1299 interdum
780 1259 844 1298 vero
862 1241 1046 1310 intervallum,
1073 1241 1218 1309 diastema,
1243 1242 1378 1310 significat
1399 1244 1579 1301 differentiam
1604 1245 1736 1302 acuminis

383 1320 568 1389 etgravitatis
586 1324 657 1378 inter
675 1324 744 1379 duos
762 1338 853 1392 sonos,
873 1338 927 1390 quo
946 1335 1029 1375 sensu
1048 1322 1178 1389 competit
1196 1329 1300 1377 tantum
1318 1324 1351 1378 iis
1370 1325 1538 1394 corporibus,
1558 1341 1629 1394 qnae
1646 1331 1736 1382 motus

382 1396 520 1455 celeritate
542 1403 584 1456 rel
602 1403 732 1459 tarditate
750 1419 832 1459 sonos
857 1400 993 1467 efficiunt,
1021 1398 1067 1452 ubi
1094 1400 1262 1466 quiescentia
1286 1418 1414 1472 corpora,
1442 1404 1545 1473 quippe
1568 1421 1664 1460 sonum
1681 1423 1736 1462 non

383 1472 533 1544 efficientia,
552 1477 641 1536 loc‘um
659 1500 714 1538 non
732 1483 842 1538 habent.
880 1479 951 1547 Quia
969 1483 1059 1532 tamen
1079 1478 1184 1547 opinati
1202 1488 1267 1535 sunt
1283 1481 1473 1551 Pythagoraei,
1493 1499 1637 1553 corporum
1654 1483 1736 1538 iuter-

383 1554 454 1608 valla
471 1557 569 1614 localia
587 1568 663 1616 tanta
681 1576 741 1616 esse
759 1564 876 1626 statuta,
903 1567 934 1611 ut
952 1556 1092 1625 proportio
1111 1571 1203 1610 eorum
1222 1558 1250 1611 in
1269 1573 1414 1628 corporum
1433 1560 1586 1616 celeritates
1604 1560 1738 1616 mamista

383 1631 502 1689 efficeret
520 1639 662 1693 intervalla
681 1640 926 1704 consonantiarum,
945 1637 1007 1691 ideo
1026 1637 1108 1690 etiam
1127 1636 1155 1691 id
1173 1636 1354 1700 intervallum,
1373 1638 1445 1707 quod
1463 1639 1534 1693 inter
1552 1640 1663 1695 Terram
1681 1655 1735 1693 non

383 1722 523 1768 sonantem
548 1725 575 1770 et
600 1718 705 1773 Lunam
733 1725 875 1772 sonantem
900 1716 1044 1786 intererat,
1064 1716 1177 1770 abusive
1200 1725 1293 1770 tonum
1321 1716 1464 1786 dixerunt,
1491 1733 1560 1787 quae
1587 1736 1641 1774 vox
1664 1734 1735 1774 com·

383 1790 451 1855 petit
468 1795 609 1852 intervallo
629 1806 734 1853 tantum
753 1795 848 1852 vocali.

469 1874 565 1931 Potest
583 1884 673 1931 tamen
691 1877 759 1932 haec
777 1890 838 1931 esse
855 1875 939 1943 ratio,
965 1890 1014 1929 cur
1032 1873 1202 1942 Pythagoras
1221 1874 1302 1928 etiam
1320 1875 1422 1930 Terrae
1439 1876 1590 1944 quiescenti
1614 1877 1736 1946 assigna

383 1953 450 2007 verit
468 1968 547 2009 suum
565 1955 743 2025 phthongum,
763 1955 837 2024 quod
853 1961 952 2019 motus,
971 1970 1024 2022 quo
1044 1959 1108 2007 sunt
1126 1951 1259 2007 tardiores
1277 1959 1308 2007 ut
1326 1953 1412 2022 quieti
1430 1954 1657 2024 promereatur
1674 1971 1736 2025 gra·

383 2026 470 2087 riores
487 2033 571 2088 edunt
588 2036 709 2095 sonitus.
729 2033 787 2102 jam
806 2048 870 2086 vero
889 2032 974 2086 Terra
995 2033 1066 2087 inter
1090 2032 1181 2087 sidera
1205 2041 1307 2086 motum
1331 2042 1520 2102 repraesentat
1542 2035 1735 2114 tardissimum,

383 2108 486 2166 scilicet
502 2113 584 2180 plane
603 2113 722 2182 nullum,
748 2129 812 2181 ergo
831 2114 915 2168 Terra
933 2112 1017 2167 vicem
1043 2112 1114 2182 gerit
1130 2109 1265 2181 phthongi
1287 2113 1446 2180 gratissimi.
1485 2114 1675 2169 Consentanea
1693 2123 1736 2170 eat

382 2187 449 2244 haec
467 2193 537 2245 ratio
556 2192 637 2248 etiam
656 2192 748 2259 modo,
777 2209 831 2261 quo
850 2192 961 2245 suerunt
978 2191 1110 2259 assignati
1128 2189 1247 2259 planetis
1266 2190 1339 2257 soni;
1367 2198 1519 2246 astantem
1537 2192 1574 2261 is,
1592 2193 1735 2263 quodPy-

384 2266 511 2336 thagoras
529 2286 584 2324 uon
603 2272 725 2339 respexit
743 2270 778 2325 ad
796 2277 886 2325 motus
905 2269 1053 2337 secundos,
1080 2267 1129 2322 sed
1152 2267 1187 2321 ad
1205 2275 1308 2321 motum
1326 2268 1465 2338 diurnum,
1489 2271 1616 2333 horarum
1634 2271 1682 2337 24,
1706 2272 1735 2324 in

383 2360 436 2411 quo
455 2354 485 2400 ut
503 2348 644 2416 quodlibet
657 2349 732 2404 sidus
746 2357 788 2405 est
801 2349 883 2404 altius
897 2365 913 2402 a
925 2348 1018 2415 Terra,
1036 2348 1075 2403 ita
1085 2347 1207 2402 celeriori
1221 2346 1307 2402 fertur
1318 2348 1428 2416 impetu,
1447 2349 1552 2403 scilicet
1564 2356 1595 2403 ut
1607 2350 1735 2419 majorem

382 2424 510 2481 circulum
529 2428 624 2483 eodem
642 2430 771 2498 temporis
790 2427 879 2497 spatio
897 2427 1048 2494 emetiatur,
1068 2442 1121 2494 quo
1134 2426 1260 2481 humilior
1273 2429 1400 2482 emetitur
1412 2429 1603 2496 angustiorem.
1638 2429 1736 2496 Itaque

383 2501 534 2559 celeritates
552 2508 670 2562 siderum
689 2508 717 2561 in
735 2508 787 2562 hoc
804 2507 891 2575 primo
910 2514 986 2561 motu
1005 2507 1037 2574 (si
1056 2520 1136 2560 verus
1155 2513 1183 2560 et
1199 2506 1280 2560 realia
1300 2508 1381 2571 esset)
1400 2507 1561 2576 contingunt
1583 2505 1736 2576 proportio·

381 2582 455 2639 nales
474 2585 639 2656 intervallis,
666 2587 834 2655 acciditque,
863 2593 894 2640 ut
912 2585 1023 2653 signifer
1055 2602 1116 2640 curn
1135 2585 1221 2639 stellis
1245 2583 1308 2637 fixis
1336 2584 1468 2638 altissimo
1492 2585 1553 2639 loco
1572 2585 1737 2640 constitutus

382 2663 607 2735 rapidissimoque
628 2675 704 2721 motu
722 2666 842 2733 delatus,
867 2666 998 2720 sortiatur
1023 2682 1119 2721 sonum
1145 2664 1330 2718 acutissimum
1349 2668 1389 2728 (ut
1411 2662 1494 2717 etiam
1510 2663 1667 2719 Macrobius
1684 2662 1736 2731 Py·

382 2744 557 2811 thagoraeum
576 2745 648 2800 huno
665 2745 775 2800 modum
793 2743 933 2812 explicat).
952 2744 1032 2798 Luna
1048 2760 1112 2799 roro
1131 2743 1281 2798 humillima
1300 2759 1350 2811 per
1367 2742 1588 2809 angustissimum
1605 2741 1735 2797 cuculum

383 2820 472 2876 delata
490 2823 650 2888 tardissime.
671 2824 782 2879 definiat
800 2840 898 2879 sonum
917 2824 1037 2878 omnium
1050 2822 1168 2877 siderum
1180 2823 1376 2890 grauissimum.
1413 2822 1451 2876 Et
1463 2823 1502 2876 sic
1520 2820 1629 2876 tandem
1642 2822 1735 2890 Terra,

383 2908 412 2952 ut
430 2900 584 2957 humilitate
602 2912 630 2956 et
647 2903 808 2958 remissione
825 2908 916 2957 motus
935 2901 1103 2969 omnimoda,
1125 2900 1153 2955 id
1173 2909 1216 2955 est
1234 2901 1338 2970 quiete,
1362 2902 1402 2956 sic
1420 2903 1501 2956 etiam
1525 2901 1658 2969 gravitate
1677 2899 1736 2953 soni

381 2984 455 3032 recte
473 2986 501 3035 et
518 2980 613 3036 ordine
631 2983 755 3055 succedit
772 2983 875 3038 Lunae.
913 2981 1057 3036 Sententia
1073 2980 1246 3049 Pythagorae
1264 2987 1331 3048 tota,
1350 2986 1381 3033 ut
1399 2987 1441 3035 ιιι
1459 2978 1576 3036 aPlinio
1595 2991 1734 3046 expressa,

381 3066 603 3124 repraesentatur
620 3061 672 3117 hoe
691 3060 831 3116 schemate
849 3060 919 3115 fere:

702 3231 1009 3346 {5m
1116 3303 1133 3308 --
1337 3229 1362 3236 ·
1452 3228 1490 3379 s

673 3376 768 3487 ,rara
813 3375 1021 3507 iii?
1072 3425 1110 3502 Θ
1168 3432 1194 3492 <5
1251 3420 1287 3507 it
1345 3420 1499 3503 bargum

467 3610 537 3665 Nam
555 3628 572 3668 a
589 3613 675 3670 Terra
696 3616 731 3671 ad
748 3609 774 3679 J)
792 3613 901 3672 dicebat
919 3628 979 3669 esse
997 3620 1107 3683 tonum,
1131 3605 1191 3674 a)
1210 3613 1244 3667 ad
1261 3596 1287 3683 Q
1306 3614 1387 3684 injus
1405 3613 1553 3684 dimidium,
1574 3617 1638 3675 hino
1656 3619 1692 3675 ad
1710 3597 1736 3680 Q

382 3696 542 3753 tantundem
564 3700 631 3769 fere,
655 3704 720 3760 hinc
744 3705 779 3760 ad
800 3694 838 3770 Θ
859 3706 1041 3777 sesquiplum,
1061 3715 1088 3761 et
1106 3706 1174 3761 hinc.
1191 3719 1300 3759 rursum
1325 3701 1420 3757 eodem
1439 3702 1532 3757 ordine
1545 3717 1567 3755 a
1584 3695 1622 3769 Θ
1641 3707 1676 3761 ad
1703 3696 1728 3758 d

381 3796 488 3854 tonum,
507 3804 525 3842 a
550 3782 576 3844 ὀ
602 3790 638 3845 ad
660 3776 696 3861 Ἃ
716 3792 799 3861 hujus
818 3792 970 3862 dimidium
989 3793 1053 3847 hinc
1071 3792 1105 3846 ad
1125 3777 1147 3860 ft
1176 3793 1336 3848 tantundem
1355 3793 1421 3861 fere,
1443 3793 1507 3847 hinc
1526 3792 1560 3846 ad
1580 3793 1739 3862 signiferum

382 3867 601 3939 sesquiduplum,
620 3877 651 3924 ut
669 3869 709 3924 ita
727 3871 773 3924 Sol
793 3877 967 3926 connecteret
985 3871 1039 3926 duo
1058 3871 1186 3940 diapente
1205 3882 1366 3943 systemata,
1392 3874 1513 3929 medians
1531 3875 1737 3945 proportionem

381 3949 455 4004 inter
468 3948 581 4001 Terram
599 3955 628 4001 et
645 3949 814 4017 signiferum.
851 3950 1007 4006 Macrobius
1027 3951 1148 4020 explicat
1165 3954 1248 4022 paulo
1266 3953 1472 4008 incommodius.

451 4028 494 4082 Ex
513 4026 556 4081 his
575 4027 633 4095 jam
650 4028 731 4082 facile
754 4027 972 4097 demonstratur,
998 4047 1068 4100 quae
1092 4033 1128 4086 sit
1146 4032 1289 4087 diversitas
1307 4031 1379 4086 inter
1395 4032 1579 4100 Pythagoram
1602 4037 1630 4085 et
1646 4030 1738 4089 Ptole·

380 4124 495 4164 meeum.
534 4107 671 4174 Quaedam
691 4108 762 4161 enim
781 4111 960 4164 communiter
978 4117 1079 4173 emant,
1097 4111 1125 4164 in
1143 4110 1282 4166 nonnullis
1295 4109 1463 4180 Pythagoras
1482 4116 1613 4179 praestat,
1630 4111 1660 4166 in
1677 4111 1739 4168 aliis

380 4188 564 4245 Ptolemaeus.
601 4187 720 4241 Primum
746 4188 873 4257 utrinque
896 4191 1046 4245 assumitur
1066 4190 1134 4245 ordo
1159 4191 1331 4259 planetarum
1355 4188 1502 4244 inmundo
1521 4188 1607 4258 idem,
1631 4191 1678 4259 qni
1695 4198 1739 4246 est

380 4270 408 4324 in
427 4268 594 4323 astronomia
612 4266 777 4335 Ptolemaei;
803 4276 886 4335 atque
905 4269 957 4325 hoc
976 4277 1018 4324 est
1035 4290 1065 4323 το
1084 4271 1136 4339 du,
1156 4269 1235 4338 cujus
1254 4284 1353 4323 causac
1372 4274 1548 4337 quaeruntur,
1573 4275 1601 4322 et
1617 4290 1647 4322 to
1665 4276 1738 4325 horr·

381 4347 466 4418 Atqui
490 4347 558 4401 haec
582 4345 616 4400 de
639 4343 803 4400 coelestibus
822 4348 913 4416 opinio
941 4363 1056 4402 erronea
1073 4347 1139 4415 iuit,
1168 4346 1239 4435 quod
1258 4346 1338 4402 facile
1362 4347 1404 4399 vel
1423 4362 1457 4401 ex
1475 4347 1535 4416 ipsa
1560 4346 1738 4406 fluctuatione

380 4427 537 4497 opinionum
554 4433 677 4494 apparet.
713 4426 783 4480 llam
802 4427 875 4495 apud
889 4427 1057 4481 Macrobium
1070 4426 1161 4479 ridere
1176 4434 1218 4481 est
1231 4426 1378 4480 eorundem
1387 4426 1638 4496 Pythagoreeorum
1651 4430 1737 4485 diver·

381 4506 502 4561 mammas
520 4504 662 4572 opiniones
680 4520 763 4574 super
781 4504 875 4560 ordine
893 4505 1080 4574 sphaerarum.
1115 4506 1205 4559 lirant
1226 4506 1296 4560 enim
1316 4504 1361 4574 qui
1380 4506 1419 4558 sic
1436 4515 1623 4562 numerarent:
1649 4508 1735 4577 Luna,

382 4586 442 4656 Sol,
461 4583 628 4653 Mercurius,
647 4584 751 4651 Venus,
771 4584 846 4637 Mars
865 4592 932 4653 etc,
952 4591 1030 4639 erant
1048 4590 1076 4637 et
1088 4585 1133 4653 qui
1145 4585 1350 4653 aliter,·Lnna,
1371 4584 1430 4651 Sol,
1450 4585 1555 4653 Venus,
1575 4587 1737 4655 Mercurius,

381 4667 455 4721 Mars
473 4671 525 4720 etc.
562 4663 653 4731 Quare
676 4663 758 4717 etiam
776 4662 960 4717 diversissima
977 4662 1121 4717 commenti
1139 4671 1203 4718 aunt
1221 4662 1377 4720 coelestium
1397 4671 1545 4733 systemata
1562 4665 1682 4732 musica,
1709 4672 1737 4718 et

381 4746 434 4800 uisi
452 4760 494 4798 me
512 4744 671 4812 conjectura
687 4744 767 4809 fallit,
787 4741 965 4797 Archimedes
982 4740 1028 4795 ille
1046 4740 1159 4795 tradidit
1176 4750 1295 4809 systema
1314 4740 1475 4812 Plinianum,
1493 4744 1539 4798 hic
1557 4759 1573 4798 a
1591 4745 1669 4800 nobis
1688 4760 1736 4798 ex·

382 4823 525 4893 plicatumr
549 4823 708 4878 observasse
727 4823 797 4876 enim
816 4822 916 4890 legitur
934 4821 1055 4876 ordinem
1077 4820 1248 4889 planetarum
1266 4818 1395 4887 eundem,
1420 4821 1475 4888 qui·
1486 4829 1529 4876 est
1553 4824 1625 4892 apud
1644 4820 1735 4878 Ptole·

382 4915 498 4958 maeurn.
534 4902 594 4957 Nisi
616 4902 686 4957 iortc
709 4901 782 4957 illiue
807 4901 927 4957 auctoris
950 4907 993 4957 est
1015 4900 1189 4957 intervallum
1212 4899 1461 4970 tetralrisdiapason
1485 4900 1673 4971 epidispente,
1700 4900 1736 4957 aa
