3872 5846
641 338 644 355 '
743 370 827 426 uter
843 369 889 424 rv.
909 370 999 439 caput
1016 368 1066 425 nt
1518 382 1600 441 nat·

229 553 328 611 insunt
356 551 464 624 eidem,
496 557 529 608 ut
559 545 639 626 operi
661 549 728 609 Dei.
774 546 858 624 Quae
886 566 958 609 vero
981 552 1106 617 materia
1134 551 1323 629 participant,
1354 551 1406 611 illa
1433 553 1522 613 simul
1539 561 1584 617 ·et

230 655 349 701 numero
380 645 410 701 et
431 637 632 714 magnitudine
662 637 846 713 participant.
870 706 874 713 ¹
894 638 933 695 Αι
963 638 1195 713 magnitudinem
1225 641 1357 716 sequitur
1379 657 1477 701 earum
1507 644 1584 704 sitos

230 727 260 784 in
283 726 364 801 loco;
395 727 501 803 quihus
531 724 656 801 denique
687 724 794 783 accidit
824 733 921 783 motus
950 724 1062 786 localis.
1106 726 1250 785 Numerus
1279 727 1367 802 igitur
1397 738 1441 788 est
1470 729 1584 807 aliquid

230 821 334 872 natura
357 814 435 892 prius
458 813 618 885 harmonia,
643 814 713 888 quia
736 820 851 888 oportet
872 815 1010 872 terminos
1033 811 1203 873 harmoniae
1219 812 1361 889 cujusque
1376 832 1441 875 esse
1464 834 1584 877 numero

230 900 329 980 plures
355 918 423 960 nno.
468 899 568 959 Habet
596 908 693 958 ιειιιειι
722 908 752 958 ει
783 916 919 960 numerus
948 902 1107 977 primomm
1138 900 1238 960 mundi
1269 917 1419 979 corporum
1447 922 1516 964 suas
1548 922 1585 964 ex

231 991 391 1065 geometria
414 1005 534 1061 causas,
558 1005 633 1063 quas
655 986 730 1045 inira
751 985 802 1044 lib.
825 986 863 1045 V.
887 1005 924 1046 ex
946 987 1089 1065 Mysterio
1112 1007 1178 1048 meo
1201 988 1449 1066 Cosmographico
1474 1000 1584 1070 repeto.

233 1074 432 1150 Quantitatem
454 1078 586 1152 sequitur
608 1074 711 1150 figura,
735 1072 888 1134 individua
911 1074 975 1149 ejus
997 1079 1170 1153 proprietas,
1194 1093 1270 1152 quae
1293 1093 1344 1135 cur
1358 1078 1484 1153 globosa
1505 1079 1586 1139 side·

231 1164 312 1222 ribus
335 1164 450 1241 ipsique
472 1162 548 1222 adeo
571 1162 679 1221 mundo
703 1162 865 1235 deberetur,
889 1179 930 1222 sc.
955 1181 991 1221 ex
1014 1164 1158 1239 sphaerici
1179 1165 1350 1241 archetypo,
1374 1165 1491 1225 idalrbi
1514 1168 1585 1243 pa‘s·

232 1253 286 1309 sim
308 1250 384 1309 solet
408 1249 555 1327 explicari.
600 1250 724 1325 Figurae
747 1266 901 1327 corporum
924 1249 1106 1311 diversorum
1127 1254 1234 1313 ,statim
1257 1254 1391 1328 sequitur
1414 1263 1492 1313 certa
1516 1272 1585 1333 pro-

233 1340 326 1418 portio
351 1356 445 1414 eaque
467 1338 585 1414 triplex:
610 1355 668 1396 uua
691 1336 913 1416 diametrorum,
936 1338 1030 1398 altera
1053 1339 1287 1418 superficierum,
1314 1342 1400 1399 tertia
1423 1343 1510 1418 spatii
1533 1359 1584 1401 seu

233 1443 396 1503 corporum.
441 1424 535 1502 Igitur
557 1427 582 1484 si
605 1442 713 1483 causae
736 1425 840 1484 harum
862 1428 1084 1501 proportionum
1107 1428 1184 1487 aliae
1207 1445 1266 1486 aon
1290 1433 1494 1505 suppeterent,
1516 1414 1606 1507 pro-⁷

233 1513 370 1572 hebiliter
392 1530 544 1593 possemus
568 1511 719 1585 affirmare,
744 1530 780 1572 ex
803 1513 961 1572 harmoniis
983 1530 1048 1573 esse
1064 1515 1222 1575 deauratas.
1269 1514 1468 1591 Quaecunque
1487 1524 1585 1577 tamen

234 1619 286 1659 eae
310 1608 388 1673 sunt,
410 1601 477 1659 illas
500 1599 582 1676 globi
605 1600 749 1677 coelestes
772 1602 834 1658 sine
851 1599 913 1658 ulie
927 1605 1089 1662 mutatione
1113 1602 1290 1676 custodiunt,
1315 1604 1423 1680 quippe
1439 1606 1489 1679 qui
1505 1603 1586 1663 nullo

233 1696 315 1746 motu
338 1689 514 1766 temporisve
545 1687 668 1762 decursu
701 1688 827 1762 majores
849 1690 1014 1748 minoresve
1037 1688 1118 1748 fiunt
1165 1689 1257 1750 Seens
1286 1699 1332 1749 est
1361 1707 1426 1749 cum
1449 1693 1487 1749 iis
1516 1709 1587 1768 pro-

236 1777 433 1853 portionibus,
465 1793 542 1851 qnae
564 1778 661 1834 insunt
686 1776 856 1852 corporibus
885 1792 975 1835 eausa
997 1778 1071 1835 situs
1100 1787 1129 1837 ει
1159 1795 1247 1837 causa
1276 1785 1409 1837 motuum
1431 1778 1587 1851 localium3

237 1862 305 1922 illae
329 1865 406 1922 enim
428 1866 554 1921 retinent
575 1865 725 1939 ingenium
748 1870 846 1922 motus
868 1864 971 1939 ipsius,
995 1866 1046 1939 qni
1068 1874 1101 1923 ιιι
1123 1867 1152 1922 in
1176 1867 1313 1924 condano
1335 1864 1414 1940 fleri,
1438 1884 1589 1942 nunqnam

235 1952 264 2008 iu
294 1968 352 2009 csse
375 1958 524 2029 versatur,
555 1952 598 2009 sic
628 1953 717 2009 etiam
746 1952 949 2027 proportiones
978 1958 1110 2010 motuum
1142 1954 1341 2011 inconstantes
1372 1948 1441 2011 sunt
1462 1954 1588 2030 aliisque

235 2039 416 2116 temporibus
446 2037 534 2096 aliae.
584 2037 695 2097 Verum
725 2036 842 2114 quidem
872 2047 932 2112 est,
965 2041 991 2096 si
1017 2026 1116 2098 motus
1146 2057 1299 2117 corporum
1329 2040 1500 2100 coelestium
1531 2059 1589 2100 aon

236 2128 362 2184 variaret
385 2143 486 2185 eorum
508 2125 664 2185 intervalia
691 2143 711 2184 a
733 2127 879 2184 communi
900 2133 979 2187 meta
1006 2144 1059 2185 sen
1088 2127 1151 2186 hasi
1181 2127 1296 2201 mundi,
1328 2128 1356 2186 h.
1380 2146 1405 2187 e.
1433 2131 1458 2186 si
1491 2129 1589 2187 aulius

237 2221 314 2272 esset
337 2231 436 2272 eorum
458 2220 554 2274 motus
577 2217 607 2270 in
631 2214 723 2271 altum
746 2221 776 2273 et
797 2213 982 2289 profundum,
1006 2213 1059 2272 sed
1073 2218 1167 2273 omnis
1190 2219 1220 2272 in
1235 2232 1345 2275 memm
1363 2216 1502 2274 arculam
1517 2233 1589 2275 con-

237 2302 404 2374 centricum,
427 2309 496 2360 tunc
518 2317 576 2359 non
601 2307 713 2359 tantum
736 2299 956 2359 intervallorum
978 2303 1138 2378 proportio·
1152 2312 1300 2376 constans,
1323 2301 1375 2361 sed
1399 2305 1487 2363 etiam
1512 2320 1590 2364 mere

237 2388 406 2448 harmonica
434 2390 531 2447 lutura
560 2388 678 2461 suisset,
708 2389 733 2446 si
764 2404 870 2447 causae
893 2389 970 2447 aliae
1000 2405 1059 2448 non
1081 2394 1298 2468 suppetiissent.
1343 2389 1426 2450 Idem
1449 2390 1485 2451 de
1508 2396 1591 2449 motu

237 2475 392 2535 dicendum
415 2494 505 2535 causa
527 2494 598 2536 suae
621 2476 774 2549 essentiae,
799 2475 827 2533 id
851 2485 896 2535 est
918 2493 1008 2536 causa
1030 2494 1102 2535 suae
1123 2478 1280 2539 celeritatis
1302 2494 1389 2537 verae
1412 2496 1465 2555 per
1487 2478 1591 2539 aethe·

126 2616 131 2623 ,
237 2581 310 2639 rem;
340 2566 463 2639 quaesi
487 2561 769 2641 consmnssingnlis
797 2571 875 2622 esset
904 2571 933 2622 et
954 2572 1111 2641 perpetua,
1144 2564 1265 2625 dubiam
1291 2563 1404 2624 nullum
1430 2574 1498 2639 est,
1520 2570 1591 2642 quin

236 2649 292 2709 hae
317 2650 497 2710 diversorum
520 2650 683 2711 celeritates
716 2658 745 2710 et
767 2651 919 2710 tarditates
951 2652 989 2709 ad
1012 2651 1092 2727 leges
1124 2652 1308 2712 harmonicas
1337 2652 1460 2712 luissent
1483 2662 1590 2713 attem-

237 2745 364 2814 peratae.
409 2738 491 2801 Idem
515 2738 641 2815 denique
664 2738 710 2798 de·
724 2736 828 2797 eodem
850 2746 931 2797 motu
956 2737 1111 2798 dicendum
1134 2742 1326 2798 etiamcausa
1349 2740 1472 2799 coniecti
1492 2742 1590 2816 spatii,

238 2826 293 2884 sub
316 2825 439 2885 zodiaco
462 2829 639 2904 apparentis.
684 2825 761 2885 Nam
783 2829 808 2884 si
832 2842 934 2885 omnes
955 2826 1091 2903 planetae
1123 2826 1231 2887 eodem
1254 2832 1335 2884 motu
1360 2829 1514 2904 apparenti
1535 2827 1590 2885 sub

239 2912 362 2973 zodiaco
386 2913 555 2973 debuissent
577 2914 719 2985 incedere,
744 2930 798 2972 nec
821 2930 951 2988 unquam
974 2913 1092 2989 longius
1114 2913 1189 2973 alter
1203 2915 1242 2972 ab
1257 2913 1349 2973 altero
1370 2915 1509 2989 separari,
1532 2930 1591 2972 nou

240 3009 285 3061 est
308 2999 445 3074 dubium,
477 3003 546 3078 quin
570 3002 653 3060 Deus
677 3000 766 3059 talem
789 2999 903 3059 illorum
937 3001 1027 3058 situm
1049 3000 1086 3058 ad
1108 3018 1141 3059 se
1163 3008 1265 3059 mutuo
1296 3000 1351 3059 sub
1374 3001 1495 3059 zodiaco
1519 3018 1591 3061 oon·

240 3090 384 3147 stitnisset
406 3089 473 3148 inde
496 3089 533 3149 ab
557 3091 640 3147 initio
664 3083 827 3169 (siquidem
848 3088 940 3147 libera
963 3095 992 3147 et
1009 3104 1071 3147 non
1096 3088 1161 3146 aliis
1183 3089 1365 3148 necessitatis
1380 3086 1494 3165 legibus
1516 3104 1593 3148 nexa

240 3176 343 3234 luisset
374 3174 491 3235 illorum
519 3171 710 3255 dispositio),
741 3177 791 3250 qui
823 3174 1014 3251 undiquaque
1045 3176 1198 3235 zodiacum
1226 3176 1388 3234 rationibus
1418 3175 1594 3254 dispensaret

241 3262 428 3322 harmonicis.
472 3262 510 3322 Id
531 3263 605 3322 adeo
630 3271 658 3322 et
682 3266 710 3320 in
734 3263 877 3339 principio
900 3270 1032 3321 motuum
1056 3259 1142 3345 (cum
1161 3265 1332 3340 principium
1358 3267 1498 3340 temporis
1521 3282 1592 3323 con·

242 3349 385 3410 sideretur
408 3353 470 3410 sine
493 3346 639 3431 tempore)
662 3350 751 3409 luisse
775 3358 1003 3410 consentaneum
1026 3360 1085 3425 est,
1108 3360 1141 3410 ut
1162 3367 1197 3409 ex
1221 3348 1365 3409 communi
1388 3353 1446 3410 situ
1470 3360 1499 3411 et
1521 3369 1593 3412 con-

242 3436 414 3513 figuratione
437 3438 607 3498 harmonica
630 3434 743 3518 (qualis
765 3437 814 3496 vel
837 3456 873 3496 ex
895 3437 1000 3510 Terra,
1032 3437 1080 3498 vel
1102 3440 1201 3514 potius
1224 3455 1259 3497 ex
1282 3436 1351 3498 Sole
1374 3456 1514 3515 apparere
1537 3457 1594 3515 po·

243 3527 313 3599 tuit)
338 3525 420 3585 velut
442 3544 461 3584 a
485 3526 647 3585 carceribus
670 3528 698 3583 in
723 3543 777 3584 sua
799 3526 924 3601 quilibet
945 3527 1042 3602 spatia
1065 3543 1117 3585 seu
1138 3527 1243 3584 itinera
1259 3529 1424 3585 excurrerit
1470 3528 1510 3585 At
1525 3529 1594 3602 quia

187 3652 190 3659 .
243 3611 382 3688 planetae
404 3622 557 3673 moventur
579 3616 608 3671 in
630 3612 722 3673 altum
746 3621 776 3672 ει
797 3612 989 3689 protundum,
1013 3616 1087 3672 situs
1110 3612 1265 3672 intervalla
1287 3620 1450 3687 mumutes,
1473 3622 1503 3673 et
1524 3615 1595 3689 quia

244 3698 282 3758 ad
306 3700 383 3759 hunc
405 3709 516 3760 motum
538 3703 712 3763 necessitate
735 3699 858 3776 physica
880 3702 1012 3777 sequitur
1034 3703 1123 3760 etiam
1151 3701 1238 3759 realis
1261 3702 1387 3760 intensio
1411 3709 1441 3760 et
1462 3702 1595 3760 remissio

244 3794 376 3847 motuum
400 3805 490 3849 causa
512 3788 685 3861 celeritatis,
718 3786 844 3864 denique
867 3790 939 3863 qnia
960 3805 1012 3864 per
1033 3786 1204 3864 inaequales
1228 3787 1408 3847 diversorum
1432 3788 1595 3848 celeritates

245 3883 420 3952 apparentes
443 3876 556 3935 zodiaci
579 3878 714 3953 spatium,
749 3874 828 3949 quod
852 3875 986 3935 videntur
1009 3874 1053 3933 illi
1075 3876 1218 3954 trajicere,
1242 3873 1381 3934 dividitur
1400 3875 1472 3935 alias
1496 3874 1595 3934 aliter:

245 3960 325 4022 bisce
349 3965 442 4023 tribus
465 3954 632 4024 nominibus
655 3971 715 4022 tarn
737 3963 858 4036 sitibus,
882 3981 969 4038 quam
991 3964 1120 4022 motibus
1144 3962 1220 4023 idem
1243 3965 1385 4039 contingit
1407 3980 1498 4022 eausa
1520 3970 1597 4022 tem-

246 4052 342 4128 poris,
374 4050 455 4128 quod
477 4052 691 4128 quantitatibus
719 4052 790 4127 ipsis
821 4052 884 4109 sine
911 4060 1046 4127 respectu
1076 4053 1223 4128 temporis.
1269 4050 1351 4110 Sicut
1380 4053 1456 4111 enirn
1486 4067 1544 4110 non
1567 4052 1596 4107 in

246 4144 309 4197 toto
333 4138 440 4198 circulo
470 4139 517 4198 vel
540 4147 621 4199 recta
651 4141 739 4214 inque
770 4139 905 4197 omnibus
935 4139 999 4214 ejus
1030 4141 1145 4215 punctis
1175 4147 1244 4197 sunt
1276 4140 1388 4197 termini
1419 4156 1472 4198 seu
1501 4144 1597 4197 metae

246 4228 393 4284 rationum
421 4226 667 4296 harmonicorum,
699 4224 752 4284 sed
783 4226 887 4285 saltem
916 4228 945 4293 in
974 4226 1075 4286 certis'
1091 4224 1257 4301 aliquibus,
1287 4229 1329 4285 sic
1352 4229 1440 4285 etiarn
1470 4225 1596 4284 hicnon

247 4306 309 4372 toto
341 4324 471 4391 tempore
501 4322 599 4373 motus
627 4315 750 4373 existere
780 4320 904 4390 possunt
923 4313 1116 4391 harmoniae,
1148 4330 1243 4390 neque
1266 4315 1294 4371 in
1318 4312 1480 4373 intervallis
1502 4329 1598 4389 neque

248 4401 277 4458 in
301 4413 434 4461 motuum
457 4401 603 4461 celeritate
627 4418 722 4476 neque
745 4403 774 4458 in
797 4402 900 4476 spatiis
922 4401 1036 4459 zodiaci
1064 4403 1139 4459 inter
1161 4401 1294 4479 planetas
1316 4402 1498 4476 interceptis3
1526 4418 1598 4476 pos-

249 4474 317 4547 suit
339 4496 436 4549 tameo
460 4491 577 4549 omnino
606 4490 637 4546 iu
660 4489 745 4548 certis
767 4489 904 4566 temporis
926 4490 1080 4546 momentis
1111 4494 1140 4546 et
1162 4496 1284 4566 possunt
1306 4487 1362 4546 hoc
1385 4489 1456 4547 citra
1478 4487 1599 4547 ulterio-

250 4593 309 4633 rem
333 4576 390 4636 Dei
422 4594 554 4654 operam,
585 4575 676 4636 semel
706 4576 789 4634 initio
818 4584 915 4635 motus
943 4576 1022 4634 dato.
1070 4574 1147 4633 Nam
1176 4578 1226 4651 qui
1255 4581 1383 4637 exhetna
1411 4576 1599 4652 praescripsit

250 4664 391 4738 motibus,
418 4672 447 4723 et
470 4666 661 4723 mutationem
685 4662 806 4723 indulsit
827 4664 865 4723 ab
880 4681 939 4722 uno
963 4671 1092 4722 extremo
1114 4665 1144 4720 in
1160 4661 1291 4735 alterum,
1314 4662 1390 4721 idem
1402 4665 1494 4722 etiam
1508 4664 1600 4721 inter-

250 4750 348 4810 media
369 4751 493 4827 largitus
517 4758 564 4810 est
585 4754 699 4826 omnia,
729 4759 788 4810 tam
818 4753 994 4827 incongrua,
1026 4768 1103 4825 quae
1136 4756 1205 4809 sunt
1233 4749 1360 4824 infinita,
1393 4768 1481 4827 quam
1511 4752 1599 4808 etiam

253 4853 383 4916 congrua
406 4846 437 4898 ει
456 4838 634 4913 harmonica,
658 4845 736 4898 certo
759 4856 878 4898 numero
901 4839 1066 4915 incongmis
1092 4837 1252 4912 interjecta.
1296 4837 1398 4914 Neque
1428 4841 1504 4898 enim
1525 4838 1600 4898 haec

1380 4942 1445 5001 15*
