3704 5962
394 360 459 426 620
768 352 801 414 Iu
818 352 1038 416 Stereometriam
1055 353 1197 416 Doliorum
1213 352 1369 430 appendix.

392 535 456 606 legi,
475 535 583 592 omnino
601 533 666 590 mihi
683 541 815 605 punctum
832 532 973 589 satisfecit.
1009 533 1046 588 At
1062 550 1118 589 non
1135 534 1214 590 valde
1231 542 1300 605 puto
1318 544 1455 606 receptam
1468 536 1505 591 iri
1515 537 1588 592 hanc
1596 532 1706 604 logistica

394 615 428 669 ab
447 614 503 669 ullo
522 614 660 668 hominnm
678 627 785 682 genere,
803 612 963 681 nequidem
982 612 1006 666 si
1024 614 1164 668 octonaria
1181 616 1337 683 progressio
1355 618 1515 686 peremnia
1533 616 1651 674 obtineat
1676 617 1707 671 lle

394 695 508 749 cessitas
527 694 598 747 enim
616 690 738 746 nullast
754 691 818 760 plus
837 698 880 745 est
897 691 925 744 iu
943 690 1104 745 confusione
1123 691 1306 763 difficultatis,
1330 712 1411 766 qnam
1429 697 1457 751 in
1475 696 1631 752 reductione
1644 696 1670 750 td
1681 696 1707 749 a

392 772 497 827 uanam
514 771 623 825 laboris.
661 771 751 838 Quare
770 786 835 839 ergo
854 772 1033 840 sexagenaria
1050 780 1162 840 recepta
1174 773 1210 827 sit
1232 773 1266 828 ab
1291 775 1461 844 aeconomis,
1493 775 1631 830 octonaria
1653 771 1708 843 recol

393 868 447 906 non
465 851 573 921 possit?
593 849 664 917 Quia
681 849 860 918 sexagenaria
877 866 1003 919 magnam
1021 866 1161 921 summam,
1179 859 1252 920 puta
1270 854 1312 921 60,
1331 852 1492 919 accumulat,
1513 852 1645 908 octonaria
1653 853 1708 906 niun

391 934 540 1002 quam10;
567 939 595 985 et
612 929 676 999 qnia
693 929 872 998 sexagenaria
898 929 1027 998 quamdiu
1052 937 1081 985 et
1107 936 1242 1000 quatenus
1265 931 1341 987 infra
1360 934 1394 988 10
1420 940 1534 1002 manet,
1561 932 1620 987 nori
1642 930 1708 985 uhic

333 1034 341 1055 ·
391 1012 504 1068 denaria
521 1010 587 1066 facit
603 1011 631 1065 in
649 1024 744 1065 mensa
760 1008 950 1080 Pythagorica,
970 1008 1110 1063 octonaria
1126 1009 1208 1079 plane
1226 1011 1308 1065 vertit
1326 1009 1448 1066 abacum.

946 1188 992 1247 Ad
1015 1174 1133 1283 Caput
1154 1188 1197 1251 X.

460 1343 523 1398 Jam
535 1342 665 1412 respondi
682 1342 741 1397 fere
760 1344 891 1410 qnantum
909 1342 1058 1409 quaeritur.
1094 1341 1155 1395 Etsi
1173 1342 1244 1396 enim
1262 1341 1371 1396 nomina
1388 1338 1543 1411 ponderum
1562 1341 1590 1395 in
1607 1338 1708 1395 octennis

392 1425 497 1479 ratione
515 1423 621 1478 institui
638 1423 753 1493 possint,
772 1436 827 1476 non
845 1420 976 1473 suaserim
993 1426 1084 1473 tamen
1101 1420 1199 1491 rulgus
1222 1422 1390 1476 onerandum
1410 1436 1482 1476 nora
1499 1420 1653 1475 numerandi
1666 1428 1708 1471 aas

317 1542 320 1551 ,
392 1503 463 1571 Quin
487 1504 595 1573 potins,
625 1503 689 1571 quia
716 1501 826 1556 schema
853 1498 1061 1566 comparationis
1087 1514 1282 1567 progressuum
1307 1500 1462 1555 octonarius
1489 1507 1519 1554 et
1547 1500 1663 1554 denudas
1677 1498 1709 1549 hu

390 1585 423 1638 X.
444 1601 502 1653 cap.
521 1582 709 1650 introducitur,
727 1581 788 1635 loco
807 1577 954 1634 schematis
972 1577 1054 1646 hujus
1072 1577 1146 1634 aliud
1165 1578 1275 1634 schema
1293 1586 1321 1633 et
1337 1586 1419 1650 typus
1443 1580 1615 1649 aequationis
1626 1577 1708 1633 omum

391 1675 578 1717 mensurarum
596 1670 625 1717 et
642 1660 788 1728 nominum,
808 1659 889 1713 etiam
906 1657 934 1711 in
952 1657 1128 1726 proportione
1145 1656 1317 1714 discoutinna
1335 1675 1395 1714 sese
1408 1666 1505 1715 mutuo
1524 1658 1709 1729 subsequentur

309 1734 314 1739 ’
390 1739 418 1793 in
436 1739 532 1807 vulgus
551 1740 638 1795 detur.
676 1740 721 1794 Sic
739 1738 811 1792 enlm
828 1736 980 1791 rectissime
997 1734 1094 1803 uulgus
1112 1736 1253 1806 iurabitur
1274 1738 1377 1795 relictis
1399 1739 1611 1796 nomenclatoris
1628 1747 1654 1794 et
1667 1753 1708 1792 cu·

390 1819 577 1874 suetudinibns
596 1827 624 1873 et
641 1818 736 1888 adjuta
753 1815 926 1873 nihilominus
944 1815 1082 1870 memoria.

475 1898 506 1950 In
524 1898 597 1951 omni
613 1897 763 1952 mutatione
780 1895 924 1964 plurimum
948 1893 1031 1949 habet
1053 1894 1170 1950 invidiae
1187 1895 1338 1952 subtilitas:
1355 1898 1427 1954 hanc
1445 1903 1625 1953 exsecrantur
1639 1892 1708 1950 subditi

388 1973 487 2043 potiori
506 1991 540 2031 ex
557 1982 647 2046 purte;
665 1973 785 2044 populns
804 1974 875 2029 enim
892 1975 1079 2029 incommune
1098 1991 1159 2030 cum
1181 1975 1247 2044 ipsis
1269 1975 1338 2032 adeo
1361 1978 1512 2033 minoribus
1536 1974 1707 2047 magistrantis

388 2053 473 2110 hebes
491 2063 540 2111 est.
576 2058 675 2129 ltaque
690 2053 846 2124 hujusmodi
865 2054 968 2124 optima
986 2054 1067 2108 etiam
1092 2054 1206 2110 consilia
1227 2056 1392 2114 curiositatis
1415 2058 1526 2113 nomine
1543 2055 1707 2117 anundum

389 2141 417 2188 et
435 2135 462 2189 in
480 2135 588 2191 scholas
606 2133 732 2205 ablegare
751 2133 847 2189 solent.
883 2134 936 2202 Qui
959 2149 1023 2190 vero
1050 2143 1161 2190 nostras
1188 2151 1242 2190 non
1269 2138 1387 2192 subsunt
1407 2138 1610 2207 iurisdictioni,
1633 2142 1706 2191 cutm

388 2215 467 2269 abest
483 2223 515 2270 ut
532 2220 626 2271 nostro
645 2213 769 2285 exemplo
787 2213 893 2268 inritati
911 2214 985 2268 brevi
1003 2214 1080 2283 sequi
1098 2213 1181 2269 velint
1209 2214 1278 2271 haec
1303 2216 1430 2287 subtilia,
1458 2223 1489 2272 ut
1517 2217 1610 2286 potius
1631 2213 1706 2280 langha

389 2293 470 2348 etiam
488 2309 505 2348 a
521 2294 599 2349 nobis
618 2295 673 2349 sint
685 2294 837 2350 discessuri.
874 2293 1009 2349 Existimo
1027 2293 1129 2363 itaque,
1162 2309 1219 2348 rem
1242 2294 1311 2350 adeo
1334 2295 1508 2364 popularem.
1532 2302 1566 2349 ιιι
1588 2299 1646 2349 sunt
1659 2304 1706 2345 uca-

372 2389 477 2443 1surae,
495 2379 523 2428 et
539 2374 567 2427 in
585 2390 664 2429 usum
680 2374 775 2445 populi
792 2372 914 2428 futurum
933 2371 1038 2427 felicius
1057 2380 1085 2426 et
1102 2370 1197 2427 utilius
1215 2372 1338 2443 expediri
1353 2388 1408 2429 uon
1420 2388 1511 2442 posse,
1531 2389 1612 2441 qnam
1622 2373 1642 2429 si
1653 2383 1706 2439 quau

387 2450 447 2505 deri
464 2459 556 2521 potest
573 2453 696 2508 tradatur
713 2452 932 2522 popularissime.
1382 2489 1388 2506 ,

475 2530 545 2598 Quia
561 2530 749 2588 liberalissime
766 2532 920 2602 quaesitum
936 2532 1001 2600 init,
1024 2531 1069 2585 his
1087 2531 1122 2587 10
1148 2531 1281 2600 capitibus
1299 2530 1421 2586 cmdide.
1436 2530 1520 2585 etium
1538 2528 1605 2585 duxi
1621 2542 1706 2597 respon

389 2607 516 2665 (lendum.
553 2611 666 2665 Veniam
691 2612 784 2680 itaque
809 2627 907 2682 precor
933 2609 1113 2667 confidentiae
1137 2624 1214 2663 meae
1235 2607 1433 2679 pronunciandi
1454 2607 1488 2662 de
1509 2608 1595 2664 rebus
1619 2605 1704 2679 polit'u't

387 2704 482 2745 amec
498 2688 668 2759 professione
685 2690 797 2761 ahenis,
824 2699 856 2747 nt
880 2707 950 2762 quae
977 2689 1054 2746 nulla
1071 2705 1105 2744 ex
1123 2688 1386 2759 arrogantiagmsro
1403 2701 1468 2741 vero
1492 2701 1528 2743 ex
1547 2686 1657 2743 candore
1672 2679 1705 2735 llll

387 2775 527 2840 usurpata
790 2777 797 2790 ·

473 2848 594 2917 saurga
609 2847 711 2904 inserui
728 2848 882 2906 delectandi
899 2853 995 2906 causat
1014 2850 1038 2906 si
1054 2849 1145 2905 minus
1162 2846 1207 2903 hic
1223 2845 1290 2904 felix
1307 2834 1370 2903 esis
1386 2844 1477 2915 potui,
1501 2850 1546 2900 sat
1564 2850 1635 2901 certa
1649 2837 1706 2895 rolli·

542 2961 648 3032 Pragae
665 2961 707 3018 bl.
725 2961 792 3018 Dec.
811 2977 882 3018 anno
900 2963 977 3020 1005.

1223 3039 1375 3110 Perscripsi
1392 3039 1420 3095 J.
1438 3039 1585 3110 Keplerns.

931 3252 1192 3321 Postscripts.

456 3410 488 3464 In
503 3411 556 3465 hoc
568 3410 669 3479 scripto
682 3409 751 3465 haec
763 3416 839 3465 sunt:
859 3410 885 3477 1)
903 3409 971 3465 Dico
983 3408 1063 3489 adde
1074 3408 1168 3465 afflem
1181 3422 1242 3464 esse
1254 3405 1394 3463 scientiam
1406 3405 1577 3477 aequaeua
1588 3402 1705 3475 punicus

386 3502 636 3560 mmurarnmque.
655 3490 682 3559 2)
700 3488 856 3545 Difficulter
873 3504 937 3544 vero
955 3489 1059 3556 aliquid
1082 3489 1110 3542 in
1134 3487 1168 3543 iis
1185 3487 1284 3542 mutari
1302 3485 1531 3555 confudonesqne
1548 3484 1606 3541 tolli
1622 3478 1704 3544 ,cup

386 3582 477 3636 posse.
514 3568 542 3632 3)
561 3568 657 3637 Itaque
675 3582 729 3621 uon
748 3568 901 3638 consentio,
924 3574 956 3623 ιιι
980 3567 1140 3623 aboleantur
1160 3566 1295 3622 vocabula
1315 3565 1426 3635 propria
1445 3565 1560 3633 singulis
1576 3559 1705 3632 rumoribus

387 3661 477 3715 neque
495 3653 526 3701 ιιι
543 3662 615 3702 nova
631 3647 713 3716 plane
730 3646 897 3715 imperentur
914 3646 1055 3701 universis.
1092 3646 1119 3713 l)
1138 3646 1213 3714 Quae
1230 3661 1295 3700 vero
1313 3652 1378 3700 sunt
1395 3645 1515 3699 omnium
1532 3644 1704 3721 regiuncula

387 3725 491 3793 cabula,
503 3725 638 3789 utlibree‚
650 3724 908 3794 conteceritpedes,
927 3724 1017 3788 ulnae,
1035 3725 1166 3793 canthari,
1184 3740 1254 3791 nego
1272 3724 1299 3779 in
1317 3730 1424 3777 tantum
1442 3723 1582 3791 mutanda,
1600 3726 1628 3775 ιιι
1639 3711 1704 3772 mults

386 3803 414 3857 in
431 3803 498 3858 locis
515 3804 606 3873 triplo,
625 3803 786 3874 quadruplo,
807 3804 922 3874 decuplo
938 3801 1057 3857 vevadant
1074 3802 1178 3870 majora
1195 3802 1236 3856 rel
1254 3803 1364 3856 minora.
1403 3801 1432 3868 b)
1451 3796 1703 3861 consecraneus

386 3883 502 3938 medium
511 3883 613 3952 aliquid
621 3884 692 3939 inter
701 3890 822 3939 extrema
832 3883 972 3952 regionum
981 3879 1104 3949 eligatur,
1115 3880 1151 3934 ad
1162 3881 1235 3949 quod
1247 3882 1449 3937 conformentur
1460 3877 1572 3935 illorum
1583 3880 1702 3933 mensum,

328 4008 333 4013 .
385 3965 430 4031 qni
451 3962 552 4018 habent
570 3961 686 4031 majores
705 3963 856 4017 minoresve
881 3974 1022 4014 mensuras
1050 3974 1100 4028 eo,
1128 3959 1201 4027 quod
1224 3975 1317 4015 snmus
1344 3959 1465 4014 electuri.
1501 3960 1528 4026 d)
1546 3959 1621 4013 Hanc
1643 3953 1703 4031 ipsit

385 4047 477 4096 tamen
499 4040 674 4095 mutationem
694 4039 796 4094 spudeo
813 4037 980 4108 pedetentim
997 4036 1228 4107 introducendam,
1247 4038 1351 4093 scilicet
1368 4038 1397 4090 iu
1414 4036 1448 4091 iis
1465 4036 1653 4099 contractibus,
1673 4036 1702 4092 11]

386 4125 452 4172 sunt
468 4118 670 4187 magistratibus
692 4118 763 4173 inter
781 4133 811 4173 se
829 4126 876 4173 ant
894 4134 956 4173 eum
974 4117 1098 4174 subditis.
1133 4117 1238 4186 Nempe
1253 4116 1298 4186 jus
1316 4116 1422 4171 dicatur
1439 4115 1590 4170 secundnm
1610 4100 1701 4179 idonci

386 4211 481 4252 sumus
500 4196 626 4263 electuri,
645 4214 700 4254 non
718 4199 866 4254 secundum
883 4197 1069 4266 discrepantes
1087 4195 1222 4252 vammum
1238 4196 1380 4266 regionum
1397 4194 1490 4264 pedes.
1528 4194 1556 4264 7)
1575 4190 1701 4275 Continent

385 4276 561 4332 bisectionem
586 4276 655 4331 assis
679 4276 854 4332 admittimus.
890 4276 920 4343 8)
939 4275 1131 4330 Collectionem
1158 4290 1222 4329 vero
1250 4272 1351 4329 muium
1368 4273 1397 4326 iu
1415 4269 1544 4327 contiuua
1561 4271 1701 4341 proportant

386 4354 468 4424 vulgo
485 4353 669 4423 imperandam
687 4354 769 4424 plane
786 4353 940 4410 dissuadeo.
977 4354 1007 4422 0)
1024 4353 1155 4409 Permitto
1182 4359 1281 4415 tamen,
1309 4351 1449 4408 emendari
1476 4350 1607 4419 paulatim
1629 4346 1700 4400 fornae

385 4431 575 4488 collectionum
592 4439 763 4501 receptarum
781 4432 815 4488 ad
834 4449 915 4487 unam
933 4431 1059 4501 aliquam,
1077 4434 1117 4488 sic
1134 4440 1165 4488 ut
1182 4432 1305 4488 omnibus
1329 4431 1396 4487 locis
1422 4432 1439 4486 6
1456 4429 1549 4485 himer
1566 4430 1618 4485 sint
1632 4418 1697 4479 sudu

386 4527 479 4581 uuum,
497 4511 623 4567 omnibus
641 4512 708 4567 locis
726 4512 778 4569 100
795 4512 886 4581 pondo
904 4512 940 4566 sit
958 4513 1136 4567 centenarius.
1174 4512 1221 4580 10)
1239 4511 1289 4566 His
1316 4522 1485 4579 consequens
1503 4516 1559 4579 est,
1582 4514 1611 4562 nt
1625 4503 1699 4586 das*

386 4591 472 4661 deam,
491 4591 587 4662 vulgus
598 4589 821 4663 adstringendum
839 4592 873 4646 ad
891 4591 1024 4647 nnimtem
1041 4591 1134 4646 lateris
1147 4590 1267 4645 omnium
1279 4588 1387 4643 assium.
1420 4587 1462 4655 11)
1480 4588 1518 4643 Et
1529 4581 1700 4665 ιιιιιιιιΙιιιιι

386 4670 706 4726 commensurabilitatem
730 4670 824 4727 lateris
851 4672 970 4727 omnium
996 4671 1110 4735 assium,
1136 4686 1192 4724 nou
1215 4668 1243 4723 in
1269 4668 1374 4723 unitate
1399 4666 1604 4735 instituendam,
1627 4659 1698 4743 still

350 4818 354 4825 ¹
386 4752 505 4806 numeris
523 4748 645 4820 pulchris
663 4757 691 4804 et
708 4750 908 4820 receptissimis.
947 4749 1171 4824 remunerandi
1189 4748 1299 4806 modum
1316 4764 1367 4817 per
1380 4745 1550 4804 octonariam
1567 4746 1698 4816 pregre!ni

386 4840 448 4883 uem
465 4829 578 4899 evulgo
596 4829 678 4901 plane
697 4828 802 4888 aufero.
