3940 5856
398 407 459 467 352
689 428 692 435 ·
908 397 1058 455 Ptolemaei
1076 397 1233 457 Harmonia.

482 577 555 635 Nota
572 575 617 631 lv.
654 571 877 631 communissima
894 573 1003 644 quidem
1019 578 1093 643 sirint¹
1112 590 1191 643 quae,
1212 589 1247 629 ex
1260 581 1376 644 unoque
1391 591 1490 645 gerere
1508 591 1598 632 raram
1612 577 1749 651 deaurata,

395 658 441 712 bic
459 658 531 710 inter
556 670 586 710 se
604 652 779 723 comparandi
797 668 842 707 res
861 653 934 722 ipsas
953 660 1143 723 argumentum
1166 656 1366 724 praebuerunt:
1394 655 1566 724 simplicitas,
1589 655 1749 725 aequalitas,

396 733 589 797 indifferentia3
608 731 739 799 diapason
758 746 819 789 cum
837 730 1024 799 simplicitate,
1043 731 1221 802 aequalitate,
1240 732 1437 802 indifferentia,
1464 733 1608 789 facultates
1627 733 1749 805 intellec·

396 815 503 876 tuales,
527 813 717 884 propinquitas
735 809 863 878 diapente
881 810 915 864 ad
934 808 1064 878 diapason
1084 826 1144 865 cum
1161 813 1365 880 propinquitate
1384 814 1512 868 sensitiva
1530 813 1565 868 ad
1582 813 1750 869 intellectua-

397 892 457 948 lem
495 892 566 962 Quid
589 892 613 945 si
635 904 733 957 negem
761 890 920 944 duahmtem
943 885 1081 942 aemam
1109 888 1264 967 dicamque,
1293 894 1409 948 animam
1437 894 1549 949 eandem
1576 910 1625 962 per
1653 908 1750 948 sensus

395 973 504 1044 quidem
527 972 630 1026 sentire
653 984 698 1024 res
721 967 787 1023 ioris
810 967 971 1034 existentes,
996 981 1045 1034 per
1062 967 1116 1021 alia
1134 969 1268 1036 quaedam
1292 971 1422 1027 interiora
1447 988 1515 1041 non,
1528 972 1569 1026 ita
1594 971 1749 1041 conspicua,

396 1055 470 1108 velut
488 1067 597 1120 organa,
615 1059 646 1104 nt
665 1051 764 1104 docent
782 1047 877 1103 medici
890 1045 1021 1112 nonnulli,
1041 1045 1083 1100 vel
1102 1047 1183 1100 etiam
1201 1062 1251 1117 per
1268 1062 1298 1102 se
1316 1050 1403 1118 ipsam
1421 1051 1481 1105 sine
1498 1050 1619 1118 corporis
1632 1049 1749 1120 organis,

397 1143 429 1188 ut
445 1129 616 1202 philosophi,
644 1126 813 1196 intelligere?
849 1126 919 1193 Quid
943 1141 1012 1194 opus
1037 1132 1079 1179 cst
1097 1124 1246 1182 harmoniis
1269 1127 1303 1181 ad
1323 1129 1494 1184 dividendam
1519 1128 1651 1195 animum,
1679 1140 1750 1196 qnae

395 1229 450 1267 nna
467 1218 512 1265 est
526 1207 654 1276 essentia,
673 1206 697 1261 si
713 1221 804 1260 rernm
822 1204 929 1260 illarum
948 1203 1043 1258 divisio
1062 1205 1129 1258 satis
1141 1220 1240 1260 causae
1256 1206 1297 1261 illi
1309 1210 1431 1276 praebet,
1451 1224 1500 1263 cur
1511 1223 1561 1263 sna
1574 1206 1751 1277 dispertiatur
1796 1222 1798 1233 ⁴

394 1291 504 1350 munia?
539 1289 641 1343 Rerum
659 1285 731 1340 enim
749 1283 881 1354 quaedam
899 1282 972 1337 intra
988 1281 1158 1337 intellectum
1176 1291 1247 1349 sunt,
1266 1293 1345 1340 extra
1356 1286 1512 1357 singularia,
1532 1284 1665 1354 quaedam
1683 1282 1750 1338 ioris

335 1414 342 1433 ,
395 1379 474 1425 extra
490 1365 659 1423 intellectum
675 1364 705 1419 in
722 1361 913 1432 singularibus,
932 1376 1002 1429 quae
1021 1365 1053 1414 at
1069 1360 1146 1429 ipsae
1164 1361 1199 1416 ab
1216 1363 1305 1417 anima
1317 1364 1589 1434 comprehendantur,
1607 1377 1658 1432 per
1675 1362 1749 1415 iores

395 1462 525 1507 sensnum
542 1445 643 1500 debent
659 1442 764 1510 ingredi
782 1439 968 1510 specietenus:
995 1446 1027 1493 ιιι
1042 1439 1083 1493 ita
1100 1440 1253 1508 intelligens
1277 1458 1331 1496 non
1351 1442 1436 1497 altera
1462 1458 1512 1498 sna
1529 1457 1623 1511 manu,
1650 1441 1700 1495 sed
1720 1455 1749 1495 se

394 1529 456 1596 ipsa
479 1534 508 1580 et
529 1522 720 1591 intelligendo,
749 1521 802 1575 hoc
826 1528 868 1573 est
892 1518 1068 1588 percipiendo
1087 1518 1247 1589 singularia,
1272 1520 1321 1575 fiat
1338 1521 1476 1577 sensitiva
1514 1522 1585 1589 Quid
1611 1522 1634 1576 si
1651 1534 1749 1591 negem

395 1604 548 1661 intellectui
573 1600 789 1670 simplicitatem,
814 1597 1019 1667 aequalitatem,
1046 1596 1254 1653 indifferentiam
1279 1608 1406 1671 respectu
1424 1600 1590 1656 sensitivaei
1625 1602 1669 1654 An
1684 1597 1749 1651 ideo

395 1683 536 1754 multiplex
560 1692 588 1738 et
610 1680 718 1735 omnino
744 1679 906 1749 quintuplex
929 1678 1012 1745 haec,
1038 1677 1102 1745 quia
1126 1679 1247 1747 quinque
1269 1680 1353 1735 habet
1371 1697 1487 1749 organa,
1513 1682 1585 1737 circa
1602 1694 1673 1749 quae
1691 1694 1748 1733 ver·

395 1780 459 1821 sans
483 1764 602 1831 quinque
627 1758 731 1815 efficit?
767 1756 918 1826 specimina
943 1757 1089 1813 sensitivae
1111 1758 1268 1814 sensitivam
1290 1759 1491 1829 multiplicant?
1531 1758 1592 1815 Erit
1614 1758 1700 1828 igitur
1717 1764 1749 1812 'et

394 1842 549 1911 intelligens
571 1838 715 1908 multiplex
740 1852 773 1891 ea
797 1842 825 1891 et
849 1836 976 1892 distincta
998 1838 1113 1892 sortitur
1135 1838 1239 1907 munia,
1266 1854 1337 1906 quae
1360 1839 1471 1893 inferius
1497 1845 1593 1894 auctor
1609 1837 1669 1907 ipse
1688 1851 1749 1903 sep·

395 1925 612 1983 maureconem,
637 1914 666 1971 'et
683 1914 764 1971 variis
782 1914 925 1984 speciebus
943 1922 974 1973 ut
993 1915 1108 1984 objectis
1130 1924 1268 1985 movetur3
1294 1917 1427 1985 quaedam
1451 1918 1521 1971 enim
1543 1923 1607 1972 sunt
1623 1923 1748 1970 recentes

397 2000 440 2056 vel
458 2015 475 2055 a
493 1999 617 2054 sensibus
635 1996 789 2066 proiectae,
808 1995 849 2048 vel
869 1994 943 2051 intus
961 1994 995 2049 ab
1013 1996 1073 2065 ipso
1091 1994 1173 2049 animi
1191 1996 1314 2063 cogitatu
1331 1995 1527 2065 conformatae,
1552 1995 1684 2066 quaedam
1703 2009 1747 2048 ve·

395 2087 486 2137 motas
505 2078 646 2146 utriusque
669 2075 776 2145 generis
796 2092 827 2128 ex
845 2073 990 2131 memoriae
1008 2090 1094 2145 penu,
1121 2074 1317 2131 reminiscentis
1343 2075 1431 2131 conda
1452 2090 1563 2144 proma,
1589 2073 1747 2142 productae.

394 2162 515 2216 Annon
538 2155 700 2210 Aristoteles
723 2154 783 2223 ipse
806 2152 902 2209 dividit
923 2154 1092 2209 intellectum
1118 2154 1148 2207 in
1167 2161 1293 2225 agentem
1316 2161 1344 2210 et
1361 2156 1532 2225 patientem?
1568 2156 1606 2208 lit
1630 2155 1749 2209 situata

396 2237 555 2311 simplicitas
572 2233 737 2301 intellectus,
756 2249 806 2288 cur
822 2246 857 2288 sa
873 2250 927 2288 non
947 2238 1120 2304 comparatur
1139 2250 1200 2289 cum
1217 2234 1340 2291 unisortis
1359 2235 1464 2305 potius,
1488 2249 1559 2303 quac
1575 2233 1749 2288 intervallum

396 2317 566 2375 consfflnunt
582 2311 700 2375 nullum,
727 2326 808 2379 quam
826 2327 887 2366 cnm
905 2311 1065 2368 identisonis
1084 2327 1133 2369 sen
1152 2314 1347 2384 homopbcnis,
1372 2328 1441 2382 quae
1459 2313 1622 2382 maximnm,
1647 2312 1749 2382 quippe

396 2396 546 2467 diapason?
582 2393 666 2448 Esset
682 2389 736 2445 alia
753 2391 839 2446 multo
858 2392 1006 2460 speciosior
1024 2393 1132 2447 occasio
1150 2393 1249 2447 mentis
1269 2406 1366 2462 opera,
1391 2392 1655 2460 comprehensionis,
1677 2407 1748 2447 eom-

395 2473 511 2549 parandi
528 2487 590 2527 cum
608 2469 800 2525 consonantiis.
836 2469 906 2524 Nam
929 2470 1136 2538 comprehensio
1155 2473 1215 2540 ipsa
1238 2477 1266 2524 et
1285 2478 1375 2524 motus
1400 2470 1508 2551 quidem
1528 2478 1571 2526 est
1598 2476 1626 2527 et
1643 2469 1750 2536 relatio,
1807 2474 1818 2482 “

396 2555 527 2613 terminos
544 2550 649 2606 habens
666 2556 783 2606 mentem
801 2548 1076 2618 comprehendentem
1094 2557 1123 2605 et
1140 2549 1276 2615 objectum
1292 2549 1525 2617 comprehensum.
1561 2547 1614 2603 Hic
1631 2550 1659 2602 in
1676 2563 1749 2603 men·

395 2636 446 2693 tali
469 2628 724 2701 comprehensione,
755 2635 786 2683 ut
808 2627 1007 2698 perfectissima
1033 2636 1061 2684 at
1079 2626 1288 2699 epistemonica,
1313 2636 1457 2696 possemus
1479 2626 1581 2683 intueri
1606 2627 1749 2695 imaginem

398 2713 520 2782 emiseni,
545 2710 593 2766 nbi
610 2709 718 2762 tumim
734 2709 845 2776 penitus
863 2707 977 2775 similas,
996 2715 1033 2763 ut
1050 2725 1111 2764 cum
1130 2721 1160 2760 se
1178 2706 1265 2774 ipsam
1282 2720 1359 2759 mens
1377 2704 1477 2760 dicitur
1494 2705 1592 2760 intueri
1598 2727 1604 2768 ;
1630 2705 1659 2759 in
1677 2721 1748 2760 com.
1821 2706 1827 2715 '

396 2787 575 2866 prehensione
593 2787 758 2842 definitionis
777 2802 870 2842 eorum
888 2786 1041 2843 essentialis
1063 2787 1154 2854 imago
1173 2790 1247 2838 esset
1265 2782 1406 2853 diapason.
1443 2784 1513 2839 Nam
1539 2790 1570 2840 ut
1593 2783 1675 2852 hujus
1695 2783 1749 2841 dno

340 2890 344 2909 ι
397 2872 458 2930 soni
475 2867 550 2924 velut
567 2882 601 2921 ex
620 2866 746 2937 opposito
764 2866 895 2921 acuminis
914 2874 942 2922 ct
960 2866 1101 2939 gravitatis
1120 2871 1184 2920 sunt
1202 2862 1321 2933 identici,
1339 2863 1379 2919 sic
1394 2862 1518 2919 definitio
1529 2864 1570 2923 rai
1589 2872 1616 2919 et
1634 2879 1677 2918 res
1688 2864 1750 2933 ipsa

395 2958 461 3008 sunt
477 2947 552 3003 velot
569 2946 694 3017 opposita
712 2952 740 3000 et
757 2952 847 3000 tamen
865 2946 945 3002 idem.
985 2949 1023 3003 Et
1042 2946 1107 3016 qma
1123 2944 1257 3013 diapason
1280 2948 1389 2999 constat
1407 2958 1440 2996 ex
1459 2943 1587 3012 diapente
1606 2949 1634 2997 et
1651 2942 1749 2998 diates·

397 3046 485 3100 saron,
506 3025 627 3082 delinitio
643 3039 707 3078 vero
726 3023 890 3095 syllogismis
908 3025 1063 3095 congeritur
1081 3030 1109 3079 et
1126 3021 1203 3093 quasi
1222 3018 1417 3091 proficiscitur,
1435 3029 1531 3091 posset
1549 3040 1609 3079 cum
1622 3023 1750 3092 diapente

397 3105 548 3178 comparari
565 3104 652 3173 major
670 3103 828 3174 propositio,
850 3104 959 3159 axioma
981 3104 1136 3161 universale
1153 3100 1347 3167 scientificum,
1373 3102 1472 3170 thesis,
1498 3116 1559 3156 aum
1581 3100 1749 3157 diatmsam

396 3185 546 3259 propositio
564 3183 660 3252 minor,
679 3182 838 3251 subsumtio,
856 3183 1031 3254 hypothesis,
1055 3190 1087 3238 ut
1103 3181 1174 3237 sicut
1191 3181 1218 3234 in
1237 3179 1365 3248 diapante
1386 3180 1477 3233 minus
1499 3187 1541 3234 est
1558 3180 1693 3235 mixturae
1711 3178 1749 3233 al·

396 3264 521 3334 tentatis,
541 3279 621 3333 quam
638 3262 667 3317 in
685 3260 864 3330 diatessaron,
883 3262 923 3315 sic
940 3261 968 3316 iu
985 3262 1122 3316 axiomata
1140 3259 1286 3315 universali
1304 3260 1393 3314 minos
1407 3260 1443 3313 sit
1455 3259 1650 3328 singularitatis
1669 3259 1750 3327 (quae

397 3344 527 3401 mendae
547 3342 715 3411 adversatur)
733 3355 814 3411 qnam
832 3340 861 3394 in
879 3342 1027 3396 subsumto.
1065 3339 1143 3394 Tunc
1161 3339 1293 3394 concinna
1311 3339 1423 3393 dissona
1440 3346 1533 3392 essent
1550 3339 1750 3410 propositiones

397 3421 512 3478 sensiles
530 3419 652 3491 singulae
676 3419 853 3488 singularium
871 3418 937 3475 locis
956 3426 984 3474 et
1000 3417 1168 3488 temporibus
1193 3417 1470 3487 circumscriptorum,
1498 3432 1612 3486 quarum
1629 3416 1749 3471 inductio

397 3502 438 3556 sic
455 3499 595 3556 conmituit
612 3498 755 3567 firmatque
778 3497 979 3568 propositiones
997 3496 1227 3567 syllogismorum,
1254 3497 1324 3552 sicut
1341 3497 1490 3551 intervallis
1513 3496 1652 3551 concinnis
1670 3495 1749 3550 mini·

397 3578 447 3632 mis
465 3585 686 3633 consummantur
704 3576 908 3632 consonantiae.
945 3574 1034 3630 Multa
1051 3575 1117 3629 talia
1130 3575 1253 3643 jucunde
1271 3579 1309 3642 (at
1327 3594 1381 3631 non
1400 3576 1619 3645 demonstrative)
1638 3583 1749 3645 possent

397 3657 545 3728 excomtari
561 3672 596 3712 ex
615 3656 736 3712 doctrina
754 3655 928 3711 amatotelica
946 3663 974 3709 et
992 3654 1216 3709 scholasticorum
1235 3660 1299 3723 post
1317 3671 1378 3708 eum
1396 3654 1437 3710 de
1464 3656 1561 3710 menda
1587 3657 1749 3725 operationi-

396 3736 456 3806 bus,
474 3735 561 3791 multo
578 3734 752 3790 communiora
769 3733 815 3803 iis,
835 3748 905 3802 quae
923 3733 967 3787 hle
986 3732 1113 3787 dicantur
1130 3735 1165 3788 ah
1183 3734 1302 3800 incerto,
1321 3742 1352 3788 nt
1370 3733 1490 3804 videtur,
1510 3740 1629 3789 anctore.

484 3815 557 3871 Nota
573 3815 605 3870 V.
641 3812 780 3882 Diapason
807 3813 963 3867 continetur
986 3811 1095 3867 chordis
1119 3813 1236 3881 portium
1260 3804 1301 3881 2,
1317 3819 1343 3882 ¹3
1373 3813 1524 3869 differentia
1546 3829 1596 3868 sen
1621 3814 1749 3868 excessus

395 3893 518 3963 ipslns2
541 3894 656 3962 suprai
679 3900 723 3947 ast
743 3894 770 3960 l,
797 3892 918 3962 aequalis
942 3891 1118 3945 terminorum
1143 3892 1228 3946 alteri.
1265 3894 1327 3947 Non
1351 3893 1391 3949 sic
1413 3892 1554 3963 diapente,
1579 3892 1651 3947 inter
1667 3893 1696 3964 2,
1724 3894 1748 3947 3.

396 3972 467 4028 Nam
485 3986 614 4041 oxomam
632 3969 719 4040 ipsius
737 3974 753 4025 3
771 3987 855 4040 supra
873 3971 890 4024 2
908 3976 950 4024 eat
969 3973 991 4025 i.
1028 3970 1090 4024 Non
1110 3968 1189 4024 etiam
1209 3969 1386 4033 diatessaron,
1404 3971 1475 4025 inter
1494 3972 1560 4035 ml,
1578 3970 1625 4026 nbi
1642 3978 1750 4026 rutrsnm

396 4067 525 4108 excessus
542 4058 586 4106 est
602 4052 627 4106 1.
655 4049 696 4107 ,ln
714 4050 842 4120 diapente
859 4059 950 4105 tamen
969 4063 1099 4106 excessus
1118 4050 1267 4119 proximior
1291 4058 1333 4105 est
1351 4051 1521 4120 aequalitati,
1549 4066 1630 4119 quam
1648 4052 1676 4105 in
1694 4038 1750 4107 oia!

395 4139 528 4188 lassaron.
563 4131 634 4188 Nam
652 4129 707 4185 illic
727 4132 737 4183 i
760 4130 909 4186 atermlno
927 4132 944 4185 2
962 4129 1046 4184 distat
1064 4128 1124 4184 sola
1142 4129 1253 4196 unitate,
1271 4129 1316 4185 hic
1334 4131 1405 4197 idem
1428 4136 1437 4187 l
1464 4147 1481 4187 a
1498 4131 1612 4187 termino
1631 4131 1647 4185 3
1666 4129 1750 4187 distas

396 4210 501 4266 duabus
521 4208 677 4265 nnitadbns.
989 4228 997 4251 s
1127 4256 1129 4263 ,
1467 4239 1471 4244 ·

481 4289 618 4347 Notavi.
654 4288 723 4346 Nam
748 4287 821 4359 quod
839 4305 947 4345 rursum
976 4294 1019 4344 cst
1043 4286 1189 4357 insipidum
1208 4289 1419 4358 comparationis
1443 4297 1647 4358 argumentum,
1676 4287 1749 4358 qnod

395 4369 505 4427 habitus
523 4382 641 4438 sensnm,
660 4381 757 4423 sensns
774 4377 891 4422 mentem
909 4383 965 4423 non
983 4366 1137 4421 necessario
1155 4376 1247 4437 ponat,
1266 4376 1295 4423 at
1311 4385 1387 4425 mens
1405 4384 1528 4437 sensnm,
1558 4384 1655 4425 sensns
1673 4368 1749 4424 hobi·

395 4457 460 4507 tum.
479 4448 599 4517 siquod
617 4445 657 4502 sio
675 4446 756 4502 etiam
774 4446 1003 4516 mammenus
1020 4446 1117 4512 minus,
1136 4460 1191 4499 non
1208 4456 1293 4515 ponat
1311 4446 1447 4515 diapente,
1467 4454 1497 4501 nt
1517 4449 1618 4518 majus:
1638 4464 1749 4517 genera·

396 4526 529 4582 hammum
547 4524 657 4595 quidem
675 4525 728 4581 lroc
746 4534 788 4581 est
805 4540 856 4581 nec
874 4526 910 4581 ad
927 4524 1003 4580 aliud
1020 4524 1094 4591 utile,
1114 4538 1195 4591 quam
1214 4531 1244 4579 ut
1260 4526 1340 4593 scias,
1359 4524 1427 4578 nibil
1439 4526 1635 4595 comparationi
1648 4526 1749 4596 opponi

396 4621 479 4678 posse
495 4619 531 4662 ex
549 4604 660 4673 majam
679 4612 707 4659 et
724 4605 835 4660 minoris
853 4604 1082 4671 musidemtiore,
1102 4602 1235 4671 siquidem
1253 4603 1438 4659 fundamentis
1456 4603 1516 4658 aliis
1534 4604 1691 4659 melioribus
1710 4605 1748 4659 ni·

395 4694 478 4740 tatur.
514 4683 595 4738 Ratio
614 4684 723 4753 quidem
740 4700 851 4741 sensum
873 4683 1038 4738 inhumana
1056 4690 1137 4752 gente
1154 4684 1233 4761 pouit
1249 4691 1326 4751 actu,
1352 4683 1484 4752 diapason
1505 4698 1570 4738 vero
1597 4685 1676 4753 ponit
1693 4684 1749 4739 dia·

396 4772 478 4835 pente
495 4762 556 4819 sola
571 4768 716 4832 potestate,
735 4764 871 4833 positione
888 4778 943 4818 non
961 4762 1130 4831 harmonica,
1150 4763 1199 4818 sed
1217 4762 1344 4833 generali,
1363 4763 1555 4831 quantitatim,
1573 4763 1645 4819 siout
1662 4763 1749 4819 omnis

397 4841 483 4912 major
500 4839 639 4910 quartas
656 4840 735 4911 ponit
751 4841 890 4900 minorem
