3792 5860
651 441 841 515 Cumanus
877 439 1014 499 noan.
1450 449 1512 507 lat

148 638 252 724 genua
283 626 312 687 i
327 621 510 700 θεοὶὶαοῇιι
541 624 572 686 8.
586 622 786 702 Pentagonas.
816 616 845 685 9
861 623 956 686 Stella
971 624 1044 701 ejus.
1079 625 1127 684 io
1143 622 1330 701 Decagouna
1356 623 1406 682 11.
1421 620 1514 683 Stella

151 711 225 786 eius
259 713 309 770 12.
323 711 506 787 Icosigonns

235 795 346 859 Omnes
368 797 445 859 aliae
466 799 578 876 figurae
607 806 676 859 sunt
703 800 896 876 incongruae,
927 799 1078 875 prosimus
1110 806 1207 859 tamen
1237 800 1445 876 congruentiae
1468 804 1514 857 est

148 885 477 964 pentclraedccagonus‚
507 888 578 964 qnia
607 888 709 964 incipit
737 903 895 962 congruere
926 904 992 947 corn
1014 886 1081 946 aliis
1103 889 1133 945 iu
1159 887 1264 964 plauoz
1291 893 1323 945 at
1351 885 1514 946 excluditur

148 990 200 1050 per
223 975 276 1033 23.
299 991 359 1051 quo
386 976 482 1034 minus
504 982 538 1032 ut
559 977 728 1052 icosigonne
752 977 829 1051 cingi
851 972 981 1052 undiquc
1003 974 1166 1051 aequaliter
1187 976 1290 1054 possit.
1335 972 1409 1032 Post
1430 972 1513 1032 illum

149 1068 194 1120 est
215 1060 312 1138 figura
336 1064 374 1121 16
396 1063 522 1122 laterum
544 1070 573 1122 at
595 1061 725 1140 similes,
755 1079 831 1139 quaa
852 1061 939 1141 plane
968 1079 1026 1122 non
1058 1073 1222 1138 congruunt
1243 1079 1310 1121 cum
1331 1060 1513 1137 regularibus

148 1148 225 1224 aliis,
248 1148 427 1228 impediente
448 1150 650 1227 magnitudine
673 1150 856 1227 angulorum.
885 1149 926 1209 At
948 1149 1135 1229 heptagonus
1157 1158 1188 1210 et
1209 1148 1321 1210 similes
1342 1148 1430 1224 longe
1453 1147 1514 1207 alla

149 1238 263 1296 ratione
285 1244 355 1296 snut
376 1239 554 1316 incongruae
575 1237 701 1315 figurae,
732 1240 802 1314 qaia
831 1254 886 1297 uec
914 1241 969 1297 toti
1000 1238 1102 1315 anguli
1129 1254 1182 1297 nec
1210 1246 1307 1315 partes
1338 1237 1513 1313 angulorum

149 1323 312 1401 aliquotae,
336 1327 469 1404 propriae
492 1324 658 1403 figurarum.
682 1342 750 1385 cnm
772 1325 838 1385 aliis
860 1324 1044 1402 regularibus
1066 1333 1238 1401 congruant

236 1411 296 1470 Ita
307 1414 336 1470 in
358 1413 452 1472 tribus
474 1430 572 1491 perse
586 1412 856 1473 demonstrabilium
872 1412 1016 1472 classibus
1031 1412 1138 1473 desinit
1152 1411 1351 1490 congruentia,
1376 1413 1407 1469 in
1428 1420 1512 1471 octo-

148 1516 246 1576 gono,
277 1499 485 1577 dodecagono,
515 1503 684 1581 icosigono,
718 1503 748 1561 in
782 1508 887 1576 quarto
917 1503 1018 1578 spurio
1049 1518 1087 1563 ne
1123 1502 1231 1580 incepit
1258 1499 1385 1577 quidem.
1430 1498 1513 1560 Haec

148 1585 224 1646 libro
248 1586 302 1646 IV.
326 1590 355 1645 ln
378 1587 493 1647 delectu
516 1599 688 1667 aspectuum
711 1607 796 1648 soum
818 1606 903 1647 usum
926 1588 1044 1649 babent

238 1673 349 1734 XXX.
372 1674 676 1736 Consectarinm.
721 1676 765 1735 Ex
787 1677 834 1735 bis
854 1679 1014 1753 genuinum
1036 1676 1191 1739 discrimen
1219 1682 1341 1756 apparet
1362 1676 1438 1735 inter
1459 1674 1513 1735 de-

150 1763 393 1822 monstrationem
416 1770 446 1822 ct
467 1766 686 1838 congruentiam
709 1763 866 1840 figurarum
889 1780 979 1824 caasa
1001 1763 1173 1823 latitudinis.

236 1848 313 1909 Nam
345 1853 372 1909 l.
404 1849 659 1912 demonstrationis
688 1854 822 1930 propriae
852 1851 961 1928 gradus
989 1851 1067 1911 ultra
1096 1858 1289 1928 octogonum,
1320 1848 1512 1927 decagonum‚

149 1934 373 2015 dodacagonum
395 1939 425 1996 ln
446 1937 556 2016 figuras
579 1938 734 2018 duplorum
755 1939 879 1999 laterum
901 1940 930 1997 in
953 1939 1097 1998 infinitum
1119 1944 1290 2011 excurrunt3
1322 1939 1512 2013 congruentia

150 2028 179 2083 in
202 2032 366 2102 octogono,
389 2027 558 2103 icosigouo‚
587 2026 777 2104 dodecagono
800 2028 942 2086 subsisdt
988 2030 1017 2086 2.
1041 2026 1230 2102 Pentagonns
1253 2042 1319 2086 cnm
1340 2024 1428 2085 stella
1449 2043 1512 2101 sna,
1578 2029 1579 2035 ’

150 2129 240 2172 caasa
263 2113 519 2174 demonstrationis
542 2121 572 2179 ct
592 2116 749 2187 scientiae,
777 2122 823 2174 est
845 2114 1003 2191 ignobilior
1034 2113 1242 2191 dodecagonoc
1272 2130 1363 2172 cansa
1386 2129 1512 2190 congru-

152 2202 249 2259 entiae
281 2199 430 2261 insolide
460 2210 505 2261 est
533 2200 627 2260 multo
654 2203 789 2262 nobilior.
835 2204 862 2261 3.
896 2199 1066 2278 Octogonns
1089 2203 1130 2262 ibi
1152 2203 1283 2280 sequitur
1304 2208 1514 2281 pentagonum,

152 2287 198 2346 bic
220 2288 379 2348 antecedit
424 2290 454 2347 4.
476 2286 771 2367 Helkaedecagonus
794 2289 834 2348 ibi
857 2297 919 2349 erat
941 2292 1054 2367 potiore
1077 2287 1153 2365 loco,
1177 2291 1461 2367 qnamicosigonue:
1484 2298 1514 2349 ct

154 2385 250 2465 umen
273 2375 325 2436 illa
348 2384 394 2437 est
413 2375 509 2455 figura
531 2368 704 2455 incongrua,
734 2378 809 2437 hacc
837 2395 967 2453 congrua
995 2377 1218 2455 quadamtenus.
1266 2377 1294 2435 b.
1323 2375 1365 2435 Ac
1386 2378 1417 2436 ln
1439 2394 1514 2456 pcn-

154 2462 394 2541 teiacdecagouo
416 2463 539 2541 pulchra
561 2472 606 2525 cst
627 2468 669 2525 rei
691 2467 844 2541 utriusque
866 2467 1081 2539 convenientia,
1104 2465 1273 2542 analogiam
1296 2481 1417 2525 savem
1441 2483 1515 2525 can-

153 2549 231 2627 dem,
263 2553 334 2628 quia
362 2553 437 2610 inter
467 2549 727 2613 demonstrationes
756 2552 839 2611 nulla
868 2552 910 2611 illi
934 2554 1055 2613 obvenit
1080 2556 1212 2632 propria,
1244 2551 1296 2612 sed
1319 2551 1514 2612 accidentaria

153 2638 273 2713 saltem3
296 2642 371 2698 inter
394 2656 463 2698 vcro
487 2644 691 2717 congruentias
714 2640 795 2700 nulla
817 2649 1029 2721 consummata,
1050 2640 1102 2701 scd
1127 2642 1227 2720 aliqua
1249 2639 1354 2701 saltem
1376 2639 1515 2700 inchoata

153 2743 206 2787 nco
227 2734 322 2787 totam
351 2726 476 2804 liguram
504 2745 658 2806 occupans.
705 2727 790 2789 Haec
818 2730 893 2789 inira
915 2730 988 2790 libro
1012 2728 1066 2791 nn
1097 2730 1127 2788 in
1150 2738 1216 2788 ortu
1238 2735 1267 2789 et
1289 2745 1346 2789 usu
1368 2729 1513 2787 semitonii

152 2820 220 2874 sunt
240 2813 381 2875 notanda.

682 3114 790 3175 Finis
819 3112 913 3175 libri
944 3113 985 3215 H.
