3792 5860
613 443 795 501 Hmmouicia.
832 439 915 502 Lrirer
933 440 1088 539 llltdsput
1106 438 1167 502 VII.
1504 447 1564 511 itt
1623 530 1626 536 .

221 620 296 682 duae
318 623 460 700 chordae,
483 642 605 701 quarum
627 625 742 702 longior
764 642 830 686 oum
851 625 978 684 maxima
994 624 1183 684 constitueret
1198 624 1382 684 semitonium
1403 640 1457 702 pro
1480 631 1567 685 cantu

220 712 320 790 molli,
341 711 435 772 altera
457 720 557 771 tonum
579 714 720 773 minorem
742 728 794 789 pro
818 712 900 771 duro.

308 799 431 858 Accedit
452 799 588 871 secundo,
612 800 691 878 quod
712 809 835 860 naturae
858 805 1083 859 consentaneum
1099 796 1222 872 videtur,
1246 803 1287 871 ut,
1312 797 1477 876 ubicunque
1493 796 1569 858 libe·

220 902 284 944 rum
306 888 443 945 sectionis
465 887 637 947 electionem
660 888 813 960 habemus,
836 886 949 963 majora
971 884 1125 946 intervalla
1147 894 1269 963 vergant
1291 884 1329 945 ad
1345 902 1433 947 sonos
1455 902 1569 963 graves,

220 974 291 1047 quia
313 975 403 1032 etium
424 975 481 1049 ipsi
503 991 609 1051 graves
631 978 724 1035 scutis
747 983 815 1034 sunt
834 976 970 1033 minores

308 1060 524 1138 Eodemprima
546 1063 659 1123 ratione
675 1063 843 1122 evlnoomns
859 1063 957 1135 etiam
979 1061 1156 1137 superiorem
1179 1013 1303 1132 tertiam,
1326 1030 1482 1118 indivisam
1497 1057 1570 1118 hac·

219 1153 317 1219 tenus,
339 1149 383 1207 sic
406 1166 469 1209 esse
492 1136 689 1224 dividendam,
712 1156 745 1209 ut
766 1156 853 1209 tonus
876 1147 970 1225 major
991 1150 1029 1206 sit
1043 1146 1108 1207 loco
1123 1164 1245 1220 summo,
1269 1163 1306 1205 ne
1320 1148 1445 1222 septima
1461 1144 1569 1205 chorda

219 1235 338 1309 gemina
358 1235 420 1298 ilat.
465 1235 518 1295 Est
540 1239 616 1297 enim
639 1238 669 1296 in
693 1244 780 1296 cantu
801 1236 884 1294 molli
906 1237 1039 1311 superius
1062 1230 1156 1318 ⁴25,
1142 1252 1178 1315 pu
1201 1235 1272 1293 duro
1295 1230 1335 1314 ⁵!ss
1356 1233 1484 1293 naturali
1506 1250 1571 1293 me-

219 1319 312 1380 thodo
342 1324 371 1381 in
394 1324 593 1401 superioribus
616 1324 732 1387 tradita.
778 1322 808 1383 Si
832 1339 900 1399 ergo
924 1329 1023 1382 tonum
1046 1321 1205 1400 perlectum
1228 1317 1367 1402 (alterum
1386 1319 1496 1380 scilicet
1510 1318 1572 1379 ele·

218 1418 350 1467 mentum
372 1407 492 1491 tertiae)
516 1412 715 1472 ordinaremus
738 1410 803 1470 loco
825 1410 952 1470 inferiori
975 1409 1063 1486 hujus
1085 1411 1187 1469 tertiae
1203 1409 1368 1485 superioria,
1391 1414 1460 1467 tunc
1482 1409 1573 1466 inter·

220 1494 334 1554 vallum
356 1496 444 1568 idem,
469 1516 487 1557 a
510 1497 645 1559 diversae
667 1498 829 1560 altitudinis
852 1498 975 1557 vocibus
998 1513 1189 1572 consurgens,
1221 1498 1396 1571 pertingeret
1425 1496 1512 1557 etiam
1535 1493 1573 1552 sd

223 1581 360 1643 diversae
383 1584 545 1645 altitudinis
567 1603 673 1661 voces,
705 1602 778 1662 quas
799 1602 851 1662 pro
875 1602 933 1644 unu
954 1584 1063 1644 laceret
1085 1582 1168 1644 duas.
1211 1581 1279 1642 Hae
1299 1584 1427 1649 rationes
1452 1581 1574 1641 demon·

220 1671 366 1730 stratisue
389 1678 420 1731 et
440 1671 528 1750 plane
550 1675 734 1734 necessariae
755 1672 904 1732 suliioiunt
926 1678 1026 1731 contra
1049 1672 1238 1730 auctoritates
1260 1669 1432 1743 Ptolemaei,
1455 1667 1574 1742 Zarlinl,

222 1755 369 1826 Galilaei‚
395 1763 444 1835 qui
467 1762 527 1823 imo
549 1761 614 1821 loco
638 1767 761 1821 octavae
783 1759 894 1820 habent
915 1744 1016 1819 tonum
1039 1762 1189 1819 minorem

195 1918 201 1929 ²
308 1844 403 1923 Igitur
425 1846 550 1908 chordae
573 1856 640 1908 octo
663 1848 844 1925 explicantur
865 1848 911 1906 his
933 1848 1076 1921 numeris,
1104 1844 1142 1905 ad
1165 1844 1290 1906 cundem
1312 1860 1495 1905 communem
1516 1844 1574 1901 mi-

221 1933 334 1992 nimum
357 1933 604 1997 denominatorem
626 1935 762 1996 redactis.

587 2088 743 2159 Systema
764 2094 911 2144 octavae
935 2088 1092 2143 incentu
1114 2084 1218 2143 molli

377 2242 535 2370 initu
572 2280 606 2336 a
674 2246 913 2371 tulitin
963 2279 1099 2350 sum
1188 2276 1315 2345 nra

487 2639 493 2651 .
590 2626 607 2652 s
738 2595 834 2654 72nel
852 2598 912 2653 360.
998 2422 1109 2650 Π

739 2719 771 2775 81
796 2748 830 2758 -
851 2717 912 2773 405.
998 2713 1041 2769 27.

1112 2611 1198 2660 Medis
1215 2616 1318 2673 natum

1134 2680 1192 2730 liter
1207 2681 1295 2731 divisa.
1351 2734 1354 2743 Ι

1133 3042 1223 3096 3o-
1248 3040 1288 3096 18.
1356 3042 1397 3100 27.

1132 3145 1287 3201 to-ttt
1355 3147 1397 3205 30.

1355 3267 1397 3324 32.

1354 3373 1397 3431 36.
1413 3408 1418 3419 ·
1485 3388 1491 3399 “

590 2875 606 2902 0
740 2841 774 2896 oo
796 2869 827 2880 -
851 2838 910 2894 no.
999 2836 1042 2892 eo.
1134 2834 1168 2890 eo
1186 2832 1281 2889 vor

739 2943 773 3000 oo
796 2973 829 2981 -
852 2943 912 2998 teo.
999 2940 1041 2998 32.
1112 2766 1424 3026 Π*
1340 2901 1405 2957 ¹³¹⁸

763 3540 802 3594 In
826 3546 929 3594 cautu
954 3537 1044 3593 duro.

323 3674 540 3808 Vopggaseu
577 3714 611 3770 h
628 3715 708 3769 notis
755 3679 821 3803 {¹1:³⁰³
837 3676 917 3803 m
964 3710 1101 3780 Superior.
1151 3714 1281 3783 Quartae.

1001 4059 1061 4115 120·
1115 4082 1202 4132 Medis
1220 4086 1322 4132 nature·

1000 4161 1061 4217 135
1138 4153 1196 4202 liter
1212 4153 1300 4202 dirius.

1003 4266 1062 4321 tit.
