3940 5856
756 377 840 433 Liber
856 376 906 433 111.
927 378 1015 449 Caput
1032 378 1081 434 111.
1533 392 1595 467 341
1635 420 1638 431 .

239 548 371 605 ficiscitur
390 550 462 606 actio
486 550 683 620 singulariter
703 550 848 615 dictamine
865 552 994 624 rationis,
1022 552 1069 611 bic
1083 554 1139 624 jam
1158 552 1229 609 actio
1248 552 1395 612 habitualis
1415 558 1598 629 proficiscitur

239 647 274 685 ex
291 631 421 685 memoria
438 630 536 700 prioris
556 630 651 685 similis
669 631 793 701 actionis,
812 647 894 702 quam
913 648 984 688 noua
1001 633 1131 687 imitatur.
1167 631 1301 687 Memoria
1318 650 1382 689 uero
1406 639 1518 697 cerebro
1537 642 1598 697 niti-

131 714 139 719 ‘
238 714 291 779 tur,
309 709 489 765 instrumento
508 725 647 779 corporeo,
665 716 696 765 ut
714 717 741 765 et
758 709 819 765 loco
832 709 960 765 cerebelli
977 712 1170 807 motivo,'cum
1193 712 1360 797 econtrario
1379 714 1599 776 ratiocinationes

238 804 292 843 non
312 788 352 844 sic
370 788 508 855 indigeant
526 789 706 844 instrumento
724 804 865 858 corporeo.

326 870 399 935 Nota
416 869 516 924 XVIII.
552 869 628 923 Haec
646 868 801 939 specialiter
819 869 858 925 ait
876 869 994 925 sicheri
1012 870 1046 924 ab
1064 869 1113 925 illa
1130 868 1245 936 ratione,
1265 883 1335 937 quae
1352 872 1425 927 circa
1442 872 1597 933 harmonias

239 956 395 1018 occupatur,
414 950 478 1019 quia
496 947 685 1004 uniuersaliter
702 949 789 1003 omnia
807 949 877 1002 ratio
897 947 1000 1018 triplex
1017 944 1070 1003 hoc‘
1088 949 1233 1004 discrimen
1251 949 1386 1006 observat.

326 1039 468 1117 Adeoque
488 1040 554 1116 jure
576 1041 680 1100 merito
703 1039 840 1099 aldemari
863 1046 969 1116 potest,
993 1039 1072 1116 quod
1096 1042 1162 1117 ipsa
1183 1044 1272 1101 etiam
1295 1050 1458 1135 eommquis
1473 1053 1597 1111 seientia

238 1129 426 1189 rationalium
448 1130 624 1206 specterum,
655 1126 862 1188 mathematice
889 1124 1057 1205 specialiter
1085 1125 1252 1208 dictam),
1284 1148 1342 1190 non
1373 1136 1402 1193 in
1426 1135 1505 1197 nuda
1526 1139 1595 1216 pul·

240 1216 446 1277 uberrimarum
468 1232 563 1277 rerum
588 1213 789 1291 speculatione
812 1223 960 1289 versetur,
984 1223 1017 1274 ut
1040 1214 1132 1292 aitqui
1155 1219 1300 1293 suspicari
1322 1231 1458 1297 possent,
1490 1226 1542 1285 sed
1565 1229 1595 1287 in

236 1304 505 1470 {qutaetaraeergtxajtioue
541 1302 628 1362 simul
660 1312 690 1362 et
725 1304 754 1360 in
784 1302 992 1377 meditatione,
1028 1319 1105 1377 quae
1140 1320 1175 1363 ex
1206 1303 1266 1364 fida
1300 1309 1462 1371 inritatione
1499 1313 1597 1375 solent

324 1489 397 1547 Nota
414 1489 487 1545 xlx.
514 1488 565 1543 liic
582 1487 755 1555 adeodate,
774 1488 946 1551 considerata
963 1496 994 1543 ut
1012 1487 1174 1559 substantia,
1193 1492 1291 1546 transit
1308 1493 1345 1548 ad
1357 1494 1497 1557 facultatis
1513 1501 1595 1575 illius,

236 1570 264 1626 id
283 1577 326 1625 est
343 1569 378 1625 ad
397 1569 478 1625 animi
496 1567 628 1637 habitum,
646 1566 751 1623 scilicet
767 1566 801 1621 ad
821 1566 963 1623 scientiam
980 1566 1199 1638 respondentem,
1219 1571 1378 1641 ostendens,
1398 1578 1472 1645 quod
1490 1578 1519 1634 in
1535 1586 1596 1637 tota

236 1648 284 1711 illa
301 1648 370 1703 ratio
388 1647 428 1702 sic
446 1647 589 1716 tripliciter
607 1654 744 1717 operetur.
780 1646 860 1701 Prius
880 1646 951 1700 enirn
973 1662 990 1701 a
1008 1646 1114 1701 ratione
1132 1647 1292 1704 harmonica
1314 1654 1476 1719 transiverat
1499 1657 1536 1713 ad
1552 1675 1595 1714 ra·

237 1729 338 1782 tionem
356 1726 514 1796 simpliciter
531 1731 559 1780 et
576 1724 766 1781 universaliter
784 1724 991 1781 consideratam.
1027 1725 1106 1781 Illius
1131 1726 1213 1796 igitur
1237 1728 1363 1797 specialis
1387 1734 1501 1790 rationis
1519 1736 1595 1791 hahi-

238 1816 283 1863 tus
302 1806 429 1878 specialis
448 1812 507 1861 crat
524 1804 638 1860 scientia
655 1805 822 1872 harmonica,
840 1804 923 1873 hujus
943 1805 1106 1874 generaliter
1124 1807 1312 1863 consideratae
1328 1809 1437 1867 habitus
1461 1813 1596 1881 generalis

238 1891 280 1941 est
298 1885 411 1941 scientia
428 1884 628 1940 mathematica.
663 1885 741 1939 Hanc
759 1883 881 1954 appellat
899 1900 1067 1941 communem
1087 1884 1259 1940 rationalium
1272 1887 1423 1954 specierum
1445 1894 1594 1969 scientiam,

238 1982 287 2021 seu
305 1965 377 2034 qnia,
397 1965 443 2035 qui
460 1963 680 2018 mathematicam
697 1963 867 2034 pronunciat,
885 1964 909 2018 is
928 1980 1021 2019 ornnes
1041 1966 1099 2033 ejus
1119 1965 1246 2020 scientias
1264 1981 1318 2020 una
1336 1981 1402 2023 voce
1420 1973 1594 2045 comprehcn-

125 2098 129 2101 Α
238 2045 311 2102 disse
326 2044 444 2113 ridetur,
472 2049 503 2099 ut
520 2045 559 2099 sie
576 2040 724 2098 rationales
743 2044 849 2112 speeies
867 2043 922 2099 slnt
940 2044 1007 2098 nihil
1025 2043 1113 2114 uliud,
1139 2060 1220 2115 quarn
1240 2045 1307 2100 rarii
1325 2047 1437 2105 habitus
1454 2051 1594 2109 facultatis

237 2124 455 2191 ratiocinatum,
482 2138 531 2178 seu
550 2123 613 2192 quia
631 2121 824 2181 mathematica
850 2122 1002 2189 subjectum
1020 2124 1076 2180 tale
1094 2124 1178 2180 hahet
1197 2125 1394 2194 (quantitates,
1418 2146 1547 2185 numeros
1566 2138 1594 2188 et
1665 2190 1670 2201 ,

237 2203 454 2273 proportiones),
474 2202 547 2269 quod
564 2200 601 2257 ad
619 2215 713 2254 onnes
730 2200 828 2255 mentis
846 2199 955 2255 habitus
966 2202 1103 2271 partium,
1132 2203 1173 2257 sic
1190 2211 1222 2257 ut
1240 2203 1354 2271 quilibet
1370 2220 1465 2261 eorum
1492 2209 1594 2278 aliquid

237 2282 319 2351 hujus
337 2281 389 2335 sihi
406 2279 581 2349 peculiariter
606 2288 655 2333 aut
673 2278 803 2348 peculiari
820 2288 950 2348 respectu
973 2280 1091 2343 uindicet
1116 2281 1238 2350 illudque
1260 2283 1407 2350 specialius
1430 2288 1539 2344 excolat
1566 2296 1595 2345 ct
1638 2274 1644 2291 ’
1729 2299 1733 2312 ·

238 2358 456 2417 conclusionibus
483 2357 681 2413 mathematicis
708 2357 905 2419 uniuersalibus
932 2375 996 2414 suus
1024 2360 1149 2429 proprias
1177 2368 1362 2433 superstruat5
1395 2363 1452 2419 siue
1478 2365 1595 2437 denique

241 2439 348 2509 species
365 2437 512 2493 rationales
530 2437 575 2492 hle
593 2454 647 2492 non
666 2446 732 2493 sunt
748 2436 800 2506 ipsi
819 2436 935 2509 habitus,
954 2441 1002 2507 sed
1020 2440 1128 2495 illerum
1147 2439 1262 2509 objecta,
1288 2449 1316 2495 et
1333 2441 1405 2511 quia,
1423 2448 1454 2497 at
1471 2444 1595 2513 singulae

237 2517 290 2572 hae
308 2517 414 2587 species
432 2516 538 2571 ratione
556 2515 770 2584 comprehensae
788 2516 910 2582 singtrlos
929 2517 1152 2573 circumscribunt
1177 2517 1320 2589 emendas,
1347 2526 1420 2575 artes
1438 2526 1466 2575 et
1483 2522 1594 2578 habitus

239 2595 402 2666 operetiros,
420 2595 496 2651 uerbi
514 2610 598 2649 eausa
615 2595 720 2663 figurae
737 2594 919 2664 geometriam,
939 2597 1044 2651 numeri
1059 2596 1264 2665 arithmeticam,
1283 2596 1593 2655 harmoniaeharmoni·

239 2691 297 2744 cen,
317 2673 357 2728 sic
375 2688 469 2727 omnes
487 2674 540 2727 hae
559 2675 665 2743 species
679 2675 795 2743 iunctim
809 2675 998 2729 consideratae
1011 2674 1237 2729 circumscribunt
1253 2690 1340 2743 aeque
1352 2675 1435 2731 latam
1445 2677 1593 2745 scientiam,

238 2766 309 2821 quae
326 2750 517 2807 mathematice
536 2752 640 2808 dicitur.

325 2830 400 2886 Nota
417 2831 477 2887 XX.
515 2832 567 2900 Ait,
587 2833 658 2888 hanc
676 2831 815 2888 scientiam
834 2833 932 2887 dictam
953 2846 1014 2885 ease
1032 2830 1188 2899 specialiter
1204 2831 1431 2901 mathematicam,
1451 2835 1593 2902 quiscum

237 2927 291 2965 roa
310 2924 326 2964 a
344 2907 473 2964 &scendo
492 2909 655 2981 descendat,
683 2911 772 2965 omnia
790 2910 900 2978 quidem
927 2909 980 2964 alia
999 2908 1154 2970 discuntur.
1180 2909 1337 2978 specialiter
1353 2924 1417 2965 vero
1435 2910 1495 2981 illa,
1522 2926 1594 2981 quae

237 2988 284 3044 illo
303 2985 395 3042 seculo
414 2989 507 3056 pueris
524 2989 611 3058 primo
630 2990 749 3045 omnium
773 2988 807 3043 ad
828 2987 984 3061 discendum
1003 2988 1237 3057 proponebantur,
1265 2988 1387 3067 doctrina
1405 2987 1440 3043 de
1458 2990 1593 3058 quantita·

238 3067 312 3123 tibus
331 3070 360 3120 et
377 3066 503 3120 numeria.
1385 3090 1388 3105 ·

327 3154 426 3217 Utitur
449 3161 524 3217 enim
548 3158 622 3218 haec
645 3166 705 3218 tam
728 3164 879 3234 praestans
903 3156 1028 3219 facultas
1053 3159 1191 3234 proauis
1215 3155 1296 3216 velut
1320 3159 1518 3218 instrumentis
1540 3178 1594 3220 seu

239 3247 379 3307 ministris
402 3262 540 3305 sensuum
564 3248 729 3324 praecipuis
753 3255 783 3305 et
805 3240 1080 3320 admirabilissimis,
1106 3248 1171 3303 visu
1195 3254 1225 3304 et
1240 3244 1351 3320 auditu,
1377 3249 1427 3323 qui
1450 3265 1519 3325 prae
1543 3266 1593 3308 ce·

239 3336 309 3395 teris
338 3350 426 3409 quam
459 3336 584 3394 menime
616 3352 648 3394 se
681 3351 782 3395 versus
811 3334 973 3410 principem
1002 3334 1117 3393 animae
1144 3332 1315 3392 facultatem
1337 3336 1502 3410 porrigunt,
1534 3336 1590 3395 soli

240 3438 310 3483 sero
332 3437 387 3487 sua
410 3421 527 3498 objecta
549 3438 608 3480 uon
631 3420 784 3498 voluptate
806 3420 888 3495 sola,
918 3420 970 3480 sed
992 3419 1085 3479 multe
1108 3421 1203 3497 magis
1231 3420 1442 3494 honestateet·
1459 3421 1591 3498 pulchri-

240 3509 340 3570 tudine
363 3505 606 3588 metiuatarffl).
651 3508 686 3566 In
709 3508 902 3585 unoquolibet
924 3511 1002 3569 enim
1025 3524 1113 3568 sensu
1145 3515 1241 3567 certae
1264 3508 1410 3584 quaedam
1433 3512 1591 3570 invenimi-

239 3605 286 3657 tur
308 3594 491 3655 sensibilium
514 3594 724 3669 differentiae,
741 3597 821 3655 verbi
844 3613 935 3655 causa
959 3595 1119 3654 ulsibilium
1142 3595 1336 3655 differentiae:
1367 3597 1468 3656 album
1490 3606 1521 3657 et
1543 3602 1591 3657 ui·

239 3701 341 3761 gruum
364 3681 555 3742 audlbiliumt
579 3690 697 3742 acutum
720 3692 749 3742 et
770 3672 876 3758 grave,
908 3682 1119 3743 adorabilium:
1142 3683 1275 3758 fragrans
1296 3692 1326 3742 et
1347 3683 1502 3759 foetidum,
1533 3704 1591 3763 gn-

239 3770 401 3830 stahiliam:
427 3769 510 3830 dulce
534 3779 567 3830 et
586 3784 733 3842 amarum,
758 3770 913 3830 tectilium:
937 3769 1041 3848 molle,
1069 3771 1094 3826 si
1117 3786 1172 3827 asu
1195 3771 1304 3843 veniat,
1329 3780 1358 3830 et
1381 3770 1502 3847 durum3
1526 3790 1591 3831 om*

240 3854 313 3937 aiud,
333 3856 413 3933 quad
437 3860 542 3934 cuique
566 3834 793 3917 didirentiarum
817 3861 994 3918 conveniens
1017 3860 1055 3916 sit
1079 3852 1301 3937 caiacum).
1347 3857 1506 3918 Pulchrum
1524 3878 1591 3920 sero

159 3940 163 3957 “
241 3954 270 4006 et
294 3944 421 4005 deforme
446 3943 481 4005 de
505 3944 670 4018 tactilibus,
703 3945 901 4021 gustabilihus
925 3945 971 4004 rel
995 3943 1195 4004 odorabihbus
1218 3961 1304 4004 nemo
1328 3948 1509 4019 enuntiabit,
1538 3946 1591 4007 sed

241 4032 277 4092 de
308 4032 378 4091 solis
407 4031 574 4091 visibdibus
605 4042 635 4092 et
662 4031 856 4115 audibilibus,
886 4041 917 4091 ut
948 4031 983 4091 dc
1007 4031 1100 4091 forma
1132 4030 1180 4090 vel
1204 4040 1307 4104 cantu,
1342 4040 1393 4092 aut
1417 4049 1530 4093 rursum
1554 4035 1591 4094 dc

240 4118 418 4201 coelestibus
440 4120 619 4183 motionibus
642 4127 693 4178 aut
716 4119 850 4179 humanis
873 4113 1141 4196 astronianum).
1186 4118 1260 4179 Inde
1284 4124 1337 4191 est,
1362 4118 1441 4197 quod
1464 4121 1519 4180 soli
1542 4124 1591 4180 isti

241 4208 299 4265 duo
322 4223 425 4265 seusus
448 4223 502 4267 aec
524 4225 594 4266 suas
617 4206 735 4266 tradant
758 4224 878 4283 operas,
906 4223 966 4265 naa
991 4206 1111 4265 alterius
1140 4207 1234 4267 vicem
1267 4208 1297 4263 iu
1321 4208 1589 4285 comprehensioni-

241 4295 295 4353 bus
319 4293 554 4354 administrantes
583 4295 678 4367 varie,
708 4296 823 4354 animae
851 4293 991 4354 facultate
1018 4292 1155 4353 radonali
1177 4310 1264 4368 asae,
1296 4296 1405 4371 quippe
1434 4312 1591 4370 germanae
1653 4348 1654 4351 ,

241 4380 457 4457 quodammodo
479 4399 594 4441 sorores
617 4382 747 4442 allectae.
794 4380 878 4455 Quae
893 4383 970 4440 euim
991 4379 1177 4440 solummodo
1194 4380 1323 4440 visibitia
1338 4378 1415 4455 sunt,
1439 4383 1490 4441 illa
1505 4382 1592 4443 audi·

240 4478 287 4527 tus
321 4469 517 4547 mediantibus
550 4470 732 4529 sermonibus
763 4464 886 4541 indicat,
921 4485 998 4545 quae
1027 4483 1096 4527 vero
1126 4467 1310 4527 solummodo
1339 4478 1408 4527 sunt
1437 4469 1591 4544 audibilia,

240 4558 361 4614 nunciat
383 4556 465 4614 visus
487 4557 682 4616 medienthua
712 4546 870 4632 scripturis.
917 4555 1023 4632 Fitque
1052 4553 1150 4612 multis
1172 4554 1284 4629 modis,
1316 4565 1349 4614 ut
1371 4556 1511 4632 majorem
1535 4556 1590 4615 he·

240 4643 330 4702 beant
353 4641 530 4702 euidentiam
553 4643 626 4703 haec
649 4644 764 4702 illorum
787 4643 879 4702 veluti
902 4644 1012 4703 vicarie
1035 4642 1146 4714 mania,
1177 4659 1265 4718 quani
1293 4645 1317 4700 si
1341 4644 1448 4719 singuli
1478 4650 1590 4703 tantum
1630 4710 1634 4717 ⁴

245 4732 426 4808 propriorum
450 4745 569 4788 suoram
591 4731 771 4807 objectorum
795 4732 969 4790 internuncii
992 4732 1155 4788 existerent
1201 4726 1243 4789 Ut
1265 4744 1330 4787 curn
1353 4747 1403 4805 ea,
1427 4748 1504 4809 quae
1526 4732 1591 4792 sola

241 4821 372 4878 oratione
396 4815 470 4877 uadi
485 4828 617 4894 possunt,
641 4836 692 4899 per
714 4822 842 4897 pleturas
865 4818 1003 4896 et'signa
1025 4816 1188 4876 efficiuntur
1210 4814 1361 4878 intellectu
1384 4827 1413 4878 ct
1426 4826 1588 4887 memoratu
