3882 5862
752 382 835 438 Liber
852 382 901 437 ιιι.
920 382 1008 452 Caput
1027 381 1099 436 XIV.
1538 386 1600 445 393

251 566 311 611 cum
329 530 433 609 chorda
450 554 486 610 sit
503 572 631 612 mensura
648 556 721 624 soni,
744 554 825 613 orbis·
837 572 901 611 aero
923 573 979 611 non
1002 557 1038 613 sit
1059 568 1186 613 mensura
1208 555 1251 613 sui
1272 560 1371 611 motus.
1409 555 1496 612 Orbas
1520 556 1602 626 igitur

251 630 305 700 ipsi
327 632 407 702 plane
427 651 480 690 non
500 643 565 691 suut
581 637 756 706 comparandi
774 653 864 706 neque
882 636 992 692 chordis
1010 652 1099 707 neque
1112 636 1195 691 sonis
1229 635 1300 690 Nam
1313 634 1387 703 quod
1399 634 1601 692 similitudinem
1688 681 1695 689 ,

251 712 351 766 attinet
367 722 526 783 usurpatam
545 717 722 785 transitionis,
741 716 797 771 illic
815 716 1029 772 aconsonantiis
1046 717 1081 771 ad
1100 714 1215 772 chordas
1233 721 1422 779 consonantes,
1440 714 1484 769 hic
1502 731 1519 769 a
1536 731 1602 772 con·

253 790 459 859 figurationibus
477 793 512 849 ad
532 794 657 863 planetas
675 795 874 865 configuratos,
891 811 925 851 ea
942 796 1035 851 fucata
1054 802 1110 863 est,
1133 810 1189 849 non
1208 794 1279 848 euim
1297 800 1356 848 tota
1374 792 1523 862 curricula,
1547 810 1602 849 non
1648 853 1653 865 ,

250 867 349 936 integri
367 871 460 939 orbes,
484 873 559 928 ιιι·
551 875 604 941 ipsi
624 874 721 931 saltem
738 875 909 945 planetarum
927 873 1156 942 configuratorum
1182 873 1250 928 situs
1273 872 1439 944 singulares,
1465 887 1515 931 uec
1532 872 1602 928 situs

251 948 278 1001 in
297 947 429 1005 diametro
448 953 541 1007 mnndi
559 955 629 1021 veri,
655 955 708 1010 hoc
726 964 768 1011 est
786 955 963 1025 sphaerarum
982 954 1108 1021 angustia
1126 960 1154 1008 et
1171 952 1336 1023 amplitudo,
1362 955 1411 1009 sed
1429 955 1498 1010 situs
1516 966 1601 1021 appa·

223 1022 368 1080 ‘rentes
361 1029 445 1096 ipsius
465 1029 561 1085 ιιιιιιι
581 1033 633 1087 sub
651 1032 751 1087 extimo
771 1034 871 1089 circuio
890 1033 1035 1097 zodiaoo'
1027 1049 1056 1087 ιι
1075 1031 1122 1086 illa
1141 1031 1316 1086 similitudine
1338 1033 1507 1102 respondent
1524 1030 1602 1085 chor·

251 1103 300 1158 ιιι
335 1105 432 1174 Itaque
450 1108 608 1177 requirebat
626 1111 783 1179 similitudo,
802 1118 834 1166 ιι
852 1110 1045 1180 unaquaelibet
1066 1110 1169 1166 chorda
1187 1117 1390 1180 compararetur
1407 1111 1524 1179 planatis
1537 1125 1600 1179 pro·

250 1181 352 1236 miscus
371 1185 508 1258 omnihus,
533 1205 588 1244 nou
611 1198 642 1244 ut
660 1190 784 1262 singulae
807 1191 929 1260 singulis
966 1191 998 1245 ld
1022 1205 1085 1244 vero
1107 1190 1263 1259 pertinebat
1285 1190 1320 1245 ad
1345 1190 1421 1259 prius
1444 1191 1602 1263 membrum,

250 1258 285 1314 de
303 1276 357 1328 quo
375 1262 515 1322 hacteuus.

320 1341 393 1398 Nota
410 1345 456 1400 VI.
492 1348 544 1403 Hic
563 1356 682 1419 systema
705 1328 838 1405 musicum
857 1357 1032 1420 comparatur
1054 1366 1109 1405 non
1127 1350 1243 1419 amplius
1261 1349 1386 1418 zodiaco,
1414 1355 1446 1403 ut
1469 1324 1602 1418 capite8‚

252 1418 326 1473 sed'
318 1422 371 1489 ipsi
389 1428 512 1516 compagi
529 1429 614 1485 totius
632 1430 742 1499 mundi,
761 1436 789 1484 et
807 1429 926 1484 chordae
944 1427 1068 1498 singulae
1086 1429 1207 1498 singulis
1219 1428 1342 1497 orbibus;
1362 1428 1474 1485 stabiles
1492 1428 1600 1498 quidem

254 1492 379 1565 sphaeris
398 1502 492 1572 primis
510 1507 690 1578 singulorum,
712 1509 826 1564 mobiles
845 1524 908 1563 vero
927 1508 1146 1564 succedentibus.
1181 1509 1260 1563 Haec
1275 1509 1448 1599 quantumvis
1466 1515 1532 1578 apta
1549 1508 1603 1564 dis·

255 1576 394 1633 tributio'
386 1582 512 1651 impingit
529 1591 619 1641 tamen
636 1588 915 1657 multimodisque
935 1586 1225 1651 minuscausalissit,
1247 1586 1424 1642 antmihiin
1441 1602 1501 1645 ιιι
1521 1600 1603 1657 opere

253 1659 446 1715 consectanda.
480 1664 551 1719 Nam
568 1666 664 1736 primo,
683 1668 706 1722 si
725 1667 804 1723 orbes
823 1668 931 1723 chordis
949 1668 1124 1737 respondent,
1143 1667 1280 1722 debebant
1292 1667 1419 1736 planetae
1436 1662 1602 1736 respondere

250 1740 355 1808 plectro
374 1749 422 1795 aut
439 1742 559 1812 plectris.
594 1746 656 1801 Jam
675 1764 739 1803 vero
764 1748 898 1817 plectrum
917 1749 1051 1817 percurrit
1069 1762 1162 1802 omnes
1181 1746 1312 1814 chordas,
1336 1752 1384 1802 aut
1406 1745 1531 1817 singulae
1548 1744 1603 1800 sal·

251 1826 306 1874 tem
325 1819 438 1889 singulis
455 1821 590 1879 feriuntur
608 1825 734 1895 plectris,
759 1834 788 1881 at
805 1843 894 1897 neque
913 1844 985 1885 uuus
1003 1826 1115 1896 planeta
1131 1826 1265 1897 percurrit
1281 1841 1375 1882 omnes
1392 1827 1486 1895 orbes,
1512 1840 1602 1894 neque

252 1899 351 1967 singuli
370 1916 435 1955 suos
453 1917 560 1974 omnes;
586 1922 656 1959 unns
676 1907 748 1960 enim
766 1906 840 1961 solus
860 1921 920 1961 esse
937 1906 1098 1975 perhibetur
1120 1905 1154 1961 ab
1172 1905 1339 1960 astronomia
1355 1904 1532 1971 Ptolemaiou,
1556 1905 1603 1973 qui

253 1975 391 2045 planetam
408 1980 491 2036 vehit.
528 1984 652 2053 Reliqua,
672 2002 743 2055 quae
760 1986 950 2042 desiderantur
963 1987 990 2040 in
1003 1985 1055 2041 hae
1067 1992 1207 2077 comparat
1195 1987 1278 2052 tione,
1297 1994 1445 2055 sequentur
1457 1986 1514 2041 suis
1526 1985 1603 2042 locis.

339 2056 413 2111 Nota
431 2060 490 2115 Vll.
526 2063 578 2118 Hie
597 2065 821 2122 dissimulandum
839 2067 904 2135 fuit,
923 2066 997 2136 quod
1014 2079 1069 2118 ιοι
1087 2072 1118 2118 ιι
1136 2065 1196 2119 soni
1218 2064 1374 2133 stabilesi,
1393 2064 1521 2134 planetae
1540 2080 1603 2121 rere

252 2138 332 2191 etiam
353 2140 377 2202 7,
396 2139 436 2193 ιιι
454 2141 535 2196 etiam
552 2152 583 2198 ut
601 2146 745 2200 chordae
737 2163 764 2199 ιι
784 2147 938 2201 universum
958 2146 999 2213 ιι,
1018 2143 1058 2198 ιιι
1076 2143 1157 2197 etiam
1175 2142 1282 2198 orbes
1273 2159 1302 2197 ιι
1313 2142 1468 2199 universum
1487 2143 1519 2197 15
1537 2143 1603 2198 siut:

251 2213 331 2284 longe
350 2216 421 2271 euim
439 2219 531 2288 plnres
551 2224 629 2279 orbes
648 2224 813 2281 astronomia
830 2224 980 2280 Ptolemaei
998 2224 1102 2279 statuit.

338 2318 412 2372 Nota
429 2319 503 2373 vm.
540 2319 628 2374 Etsi'
621 2337 648 2374 ιι
667 2327 813 2389 systemate
831 2319 980 2375 Ptolemaei
998 2321 1136 2390 perfecto,
1163 2317 1237 2388 qnod
1255 2324 1416 2373 constater
1434 2316 1604 2392 2diapason,

253 2398 398 2452 monstrari
418 2405 534 2467 possunt
552 2408 580 2453 et
598 2400 688 2454 omnia
704 2416 806 2468 genera
824 2408 929 2469 cantus,
945 2407 973 2455 et
992 2415 1085 2455 omnes
1104 2398 1208 2469 species
1227 2397 1375 2466 primarum
1400 2394 1605 2452 concordantia·

256 2490 324 2539 rum,
340 2484 366 2531 ιι
385 2494 478 2533 omnes
496 2480 569 2534 modi
588 2495 637 2533 seu
655 2481 721 2549 toni,
740 2481 788 2535 illa
805 2487 894 2536 tamen
914 2479 1063 2549 amplitudo
1082 2476 1217 2535 intervalli
1235 2493 1290 2531 uon
1309 2476 1362 2531 alia
1379 2476 1496 2532 naturali
1512 2490 1605 2531 neces·

253 2554 349 2626 sitate,
374 2557 422 2611 ιιι
441 2556 526 2612 ιοιιιι
545 2558 656 2613 humani
674 2567 770 2627 captus
788 2575 873 2614 causa
891 2561 1039 2614 constituta
1053 2557 1120 2625 fuit,
1145 2573 1196 2613 nec
1216 2564 1260 2612 est
1281 2554 1439 2623 verisimile,
1463 2554 1552 2610 Deum
1570 2570 1605 2609 ex

254 2630 306 2687 hoc
324 2634 462 2690 homiuum
482 2643 628 2705 systemate
647 2638 789 2693 arbitrario
807 2639 986 2711 archetypam
1003 2639 1116 2707 petiisse
1134 2637 1272 2706 compagis
1283 2625 1457 2705 planetariae.
1493 2634 1605 2689 Minime

252 2728 316 2768 vero
335 2723 377 2771 ιιι
394 2717 565 2785 rationabile,
583 2717 617 2771 ad
634 2735 777 2773 numerum
794 2733 923 2773 sonorum
940 2720 968 2772 ιι
987 2733 1019 2771 ιο
1037 2718 1175 2773 stabilium
1193 2715 1370 2772 ιοιιιιιιιιιιιι
1383 2728 1444 2769 ιιιι
1463 2726 1605 2768 numerum

252 2793 400 2860 primarum
416 2795 445 2848 iu
464 2796 564 2850 mundo
584 2797 763 2863 sphaerarum
785 2813 835 2852 seu
856 2799 1035 2867 planetarum.
1071 2796 1140 2852 Nam
1164 2810 1293 2849 numerus
1315 2810 1442 2848 sociorum
1466 2790 1605 2846 stabilium

252 2873 423 2940 septenarius
446 2875 569 2942 sequitur
592 2876 627 2931 ad
650 2875 725 2931 illam
748 2876 918 2931 arbitrariam
936 2876 1090 2946 systematis
1117 2872 1336 2943 amplitudinem,
1360 2881 1388 2925 et
1404 2869 1440 2925 ιι
1457 2868 1603 2924 ternarium

252 2953 328 3006 illurn
347 2968 488 3007 numerum
511 2970 565 3008 nou
583 2953 665 3023 plane
682 2956 846 3011 naturalium
871 2971 999 3024 generum
1023 2962 1133 3023 cantus,
1158 2970 1212 3022 qua
1233 2952 1293 3008 sola
1310 2950 1487 3021 usurpatione
1510 2948 1605 3004 nititur

253 3031 391 3086 distinctio
410 3047 545 3099 sonorum,
565 3033 705 3089 instabiles
725 3041 752 3089 ιι
768 3034 894 3103 mobiles,
914 3051 975 3089 cum
992 3039 1090 3088 natura
1108 3048 1201 3087 omues
1219 3031 1279 3086 soni
1304 3028 1460 3100 systematis
1478 3028 1533 3083 sint
1551 3035 1605 3081 sta·

252 3109 331 3179 biles,
349 3109 402 3165 hoc
421 3119 463 3165 est
481 3112 584 3167 definiti
602 3114 685 3170 certis
703 3122 817 3170 naturae
834 3113 923 3173 metis,
941 3111 994 3166 etsi
1011 3111 1063 3166 alii
1076 3108 1135 3167 aliis
1152 3117 1251 3164 cantus
1269 3108 1439 3165 naturalibus
1462 3106 1608 3176 generibus

253 3187 341 3243 utiles.
378 3189 417 3243 Et
438 3199 469 3245 ut
487 3191 562 3262 dem,
587 3208 648 3248 esse
671 3194 725 3248 hoc
742 3199 862 3262 systema
878 3190 1049 3246 retinendum
1071 3198 1099 3247 et
1122 3189 1150 3242 in
1170 3203 1202 3242 eo
1227 3201 1309 3242 sonos
1336 3185 1469 3256 quosdam
1491 3184 1605 3240 mobiles

157 3263 158 3266 ’
254 3266 447 3337 aestimandos,
467 3269 501 3323 ob
520 3272 655 3326 naturalia
673 3277 769 3326 cautus
787 3286 895 3338 genera,
915 3270 1011 3325 dorum
1030 3275 1058 3322 et
1075 3267 1164 3335 molle,
1184 3281 1221 3323 sc.
1241 3266 1270 3334 b,
1288 3265 1307 3320 b
1325 3272 1354 3319 et
1370 3264 1421 3331 do,
1440 3280 1471 3330 e,
1488 3264 1505 3318 4
1523 3279 1606 3320 ιοιοι

248 3354 302 3413 'pro
321 3346 338 3401 2
356 3347 514 3417 mobilibus;
533 3357 624 3405 tamen
643 3368 704 3407 cum
723 3351 898 3420 disdiapason
916 3349 1017 3402 habeat
1035 3350 1068 3404 15
1088 3364 1169 3402 sonos
1188 3362 1236 3402 ιιι
1255 3345 1331 3399 locos
1348 3345 1449 3414 potius,
1467 3343 1485 3397 4
1501 3343 1546 3399 hic
1564 3359 1607 3399 so·

252 3425 309 3479 lum
328 3425 398 3480 fiunt
415 3426 537 3493 mobiles,
557 3428 612 3482 bini
630 3429 657 3483 in
676 3436 793 3498 utroque
812 3429 952 3497 diapason,
972 3429 1083 3483 bisonus
1102 3425 1206 3481 seilicet
1218 3431 1341 3492 uterque,
1360 3424 1503 3477 restabunt
1520 3422 1605 3477 nihilo

251 3505 486 3560 minusuudecim
504 3508 629 3577 stabiles,
655 3517 703 3564 aut
721 3510 744 3563 si
764 3509 845 3563 etiam
861 3510 888 3577 f,
914 3509 943 3577 fo
968 3523 1018 3575 pro
1035 3523 1089 3561 uno
1116 3505 1187 3559 inter
1210 3501 1324 3558 mobiles
1350 3501 1392 3556 bis
1414 3516 1606 3573 accenseamus

253 3582 288 3637 ob
307 3584 385 3638 istam
403 3585 499 3639 literae
518 3588 739 3656 geminationem,
758 3587 811 3642 etsi
829 3586 1006 3644 divisionibus
1024 3581 1381 3654 primismonochordorum
1398 3597 1455 3635 non
1471 3589 1605 3638 monstra-

252 3671 303 3724 tos,
323 3672 414 3717 tamen
433 3665 521 3719 adhuc
540 3675 620 3721 erunt
638 3682 751 3722 numero
770 3670 794 3735 9,
812 3675 911 3723 natura
928 3664 1037 3735 quidem
1056 3663 1133 3729 duce,
1153 3676 1223 3732 quae
1235 3667 1326 3716 autem
1338 3659 1442 3716 clasem
1459 3677 1513 3716 nou
1526 3660 1606 3715 docet

252 3757 397 3812 geminare.
1383 3758 1388 3775 ι

325 3820 404 3889 Quod
429 3822 505 3880 enim
518 3824 690 3883 Ptolemaeus
714 3825 764 3879 4
755 3843 783 3880 ιι
807 3841 862 3880 una
888 3831 985 3879 octava
1006 3837 1055 3876 seu
1073 3820 1204 3890 diapason
1231 3826 1260 3875 et
1282 3821 1357 3876 sici
1383 3819 1412 3875 in
1429 3816 1606 3887 disdiapason

253 3892 379 3956 numerat
400 3901 521 3973 stabiles,
540 3905 568 3960 ιι
587 3913 630 3960 ιιι
647 3912 762 3977 propter
778 3906 833 3961 duo
851 3903 1026 3960 tetrachorda
1043 3899 1196 3968 conjuncta,
1214 3915 1285 3967 qnae
1304 3898 1379 3955 sonis
1395 3899 1437 3967 A,
1456 3897 1570 3966 detti,
1587 3915 1607 3968 q

252 3979 452 4035 continentur'
444 3998 471 4034 ιι
491 3984 604 4052 singulis
624 3984 764 4054 diapason,
782 4000 896 4054 quorum
914 3981 1090 4036 intermedias
1109 3982 1143 4048 (b,
1162 3986 1222 4036 cet
1240 3979 1301 4049 qil
1324 3979 1407 4048 longa
1427 3974 1605 4047 usurpatione

253 4056 327 4112 soliti
345 4065 409 4112 sunt
426 4058 516 4115 facere
534 4064 657 4133 mobiles,
678 4064 783 4119 scilicet
799 4080 855 4118 non
872 4069 978 4116 tanturn
994 4062 1031 4130 B,
1050 4063 1114 4117 bet
1132 4061 1177 4127 dp,
1196 4075 1220 4127 e,
1239 4058 1422 4126 sedetiam,
1441 4057 1489 4127 qui
1505 4065 1605 4124 tamen,

252 4141 352 4190 natura
371 4137 498 4209 docente,
523 4142 727 4197 constituuntur
744 4142 893 4197 rectissime
912 4139 1040 4208 stabiles,
1063 4140 1222 4210 praesertim
1242 4157 1264 4196 c.
1300 4140 1341 4195 Ao
1365 4138 1417 4194 etsi
1441 4137 1523 4192 etiam
1539 4136 1606 4191 milri

251 4220 351 4269 natura
367 4231 458 4270 rerum
479 4221 702 4287 geometricarum
728 4222 819 4291 signat
837 4220 875 4288 G,
901 4237 929 4288 a,
952 4220 983 4287 ι,
1005 4234 1107 4289 ppree
1124 4221 1235 4286 ceteris,
1262 4236 1317 4275 non
1334 4235 1399 4274 nero
1420 4218 1547 4285 signato
1564 4214 1607 4272 vel

250 4299 280 4366 χ’,
298 4295 342 4363 sp,
361 4293 414 4349 nisi
433 4305 568 4364 quatenns
587 4316 631 4355 ars
652 4310 777 4356 naturam
795 4302 929 4359 imitatura
957 4306 985 4353 at
1002 4299 1093 4366 signat
1111 4301 1205 4356 eadem
1224 4308 1323 4356 natura
1339 4298 1406 4354 ιιιιιι
1424 4296 1506 4351 etiam
1523 4295 1555 4361 ιι,
1579 4294 1606 4348 Β

252 4381 281 4429 ιι
298 4374 349 4441 do,
374 4389 400 4441 a,
426 4392 480 4444 quo
498 4380 605 4434 nomine
623 4381 738 4436 mobiles
750 4381 811 4443 ¹duo
829 4382 868 4449 Β,
893 4381 957 4435 ιιιι
975 4380 1025 4447 ἀρ,
1043 4396 1058 4433 e
1075 4377 1109 4432 ab
1127 4380 1247 4448 antiquis
1265 4379 1363 4447 habiti,
1393 4375 1606 4447 praestantiores

253 4469 314 4508 esse
334 4453 465 4507 deberent
484 4456 576 4511 stabili
593 4475 618 4513 o.
656 4459 727 4527 Quin
746 4460 809 4526 imo,
828 4459 850 4513 si
869 4474 978 4513 causam
996 4457 1136 4526 respicias,
1155 4474 1203 4512 cur
1220 4457 1395 4525 disdiapason
1408 4455 1606 4522 introducatur,

252 4530 300 4586 illa
318 4538 361 4586 est
379 4532 505 4589 desumto
523 4551 558 4590 ex
576 4539 719 4594 omnifaria
736 4538 909 4594 successione
928 4554 1058 4591 sonorum
1076 4539 1184 4592 omuino
1204 4537 1336 4603 omnium,
1354 4550 1409 4589 uon
1428 4539 1533 4589 tantum
1552 4540 1606 4588 sta·

250 4610 353 4667 bilium.
390 4610 419 4665 Si
444 4628 510 4683 ergo
533 4617 579 4671 hic
603 4618 691 4673 solum
715 4616 829 4683 stabiles
852 4617 1067 4684 consideramus,
1093 4616 1162 4671 nihil
1179 4614 1214 4668 ad
1232 4614 1306 4681 illos,
1330 4620 1361 4668 ut
1378 4612 1461 4682 tales,
1489 4610 1607 4682 pertinet

253 4697 341 4746 totum
360 4698 479 4759 systema
498 4692 681 4765 disdiapason.
716 4698 786 4769 liam
804 4695 874 4750 idem
894 4696 974 4763 ordo,
1000 4696 1047 4764 qui
1066 4703 1108 4750 est
1125 4696 1245 4766 interp,
1269 4711 1297 4763 e,
1320 4694 1350 4762 cl,
1367 4711 1386 4763 p
1403 4691 1519 4747 recurrit
1535 4692 1606 4745 inter

254 4794 280 4837 c,
298 4770 326 4837 f,
341 4782 373 4840 ι,
391 4780 451 4826 ιιι
469 4774 501 4841 d,
518 4791 548 4843 p,
568 4792 601 4841 o,
620 4776 652 4845 d,
670 4777 789 4831 nondum
807 4774 919 4844 impleto
937 4781 1084 4844 systemate
1102 4772 1284 4841 disdiapason.
1321 4771 1417 4840 Itaque
1434 4770 1508 4839 quod
1527 4769 1605 4826 affet-

252 4854 355 4909 tionem
374 4854 529 4912 stabilitatis
547 4855 653 4922 attinet,
671 4854 775 4911 suffieit
791 4854 845 4910 illis
864 4862 983 4923 systema
1000 4854 1171 4909 damnator
1189 4869 1251 4908 cum
1269 4851 1414 4923 diapason,
1432 4850 1504 4921 quod
1523 4849 1606 4907 hahet
