3872 5846
387 363 449 423 ror
517 342 521 355 ’
824 355 866 413 ue
883 356 1111 425 momontum
1129 355 1308 415 saranum.

384 532 464 609 galis
487 531 602 608 aliqum
615 516 692 593 'aon
715 531 873 595 admittant
895 532 1056 611 deinceps?
1098 535 1296 612 Bmpoudeo,
1320 552 1442 599 masam
1464 534 1541 597 bruc
1560 551 1642 606 essa,
1667 532 1748 610 cuod

384 623 488 683 tertiae
513 621 561 681 vet
580 630 700 691 sartae,
730 637 765 681 sa
788 630 891 681 mutuo
914 631 1128 697 emsequsntes
1151 623 1322 696 altitudine,
1345 625 1404 685 nat
1431 621 1607 697 plerumque
1626 639 1660 683 re
1679 638 1749 685 vera

386 708 531 781 drusae,
556 724 617 765 une
635 708 739 782 major,
764 707 857 769 altera
879 711 990 783 utinor3
1014 718 1043 769 et
1066 712 1203 785 quemvis
1227 711 1372 773 intertum
1395 710 1473 769 duae
1495 712 1599 771 tertias
1621 711 1749 769 minores

388 797 519 872 proxima
542 802 761 870 consequantur
783 797 926 869 invicem,
958 808 1026 857 suut
1056 806 1154 857 tamon
1177 800 1315 859 minimae
1345 800 1555 858 consonantiae
1585 804 1616 855 et
1636 798 1748 872 imper·

387 885 491 945 tectas.
537 881 633 943 Garat
656 884 733 943 euim
756 885 868 957 primns
897 882 942 956 Ut,
965 883 1021 957 Re,
1045 882 1100 958 tldt,
1125 884 1189 959 Fa,
1218 885 1366 947 saottndus
1387 884 1492 947 iisdem
1515 884 1654 960 temporis
1676 884 1750 943 arti·

386 971 459 1029 culis
484 968 539 1043 tut,
565 966 624 1043 Fa,
649 969 711 1040 est,
737 969 794 1039 La,
819 978 946 1045 quatuor
966 988 999 1029 se
1022 984 1126 1033 mutuo
1147 982 1365 1048 consequuntur
1380 976 1491 1044 tertiae,
1514 988 1638 1047 quarum
1653 972 1748 1046 primu

392 1056 439 1132 Ut,
463 1055 511 1117 Mi
532 1065 576 1117 est
599 1057 710 1132 maior,
740 1058 871 1119 secunda
891 1057 952 1131 tce,
981 1054 1033 1119 Fa
1054 1068 1085 1117 et
1108 1062 1193 1123 tertia
1216 1059 1278 1133 lli,
1305 1062 1357 1121 Sol
1377 1068 1448 1121 sunt
1468 1061 1611 1130 minoret,
1639 1066 1746 1133 onarta

387 1141 448 1218 Fe,
471 1143 518 1205 Iu
540 1161 655 1205 rursum
677 1153 722 1203 ast
744 1145 848 1219 major.
891 1145 916 1205 Ε
939 1148 1086 1207 contrario
1114 1156 1237 1222 quartae
1266 1164 1367 1213 omues
1396 1148 1541 1209 habentur
1571 1144 1662 1219 uulgo
1692 1160 1748 1220 pro

386 1230 552 1293 interuallis
581 1231 792 1307 magnitudinis
820 1231 968 1306 ejusdem,
1005 1239 1038 1291 ut
1064 1241 1094 1291 et
1121 1236 1242 1310 quintae
1270 1245 1299 1297 at
1328 1235 1421 1295 multu
1457 1237 1583 1295 marimo
1611 1242 1749 1293 actaeae.

386 1318 491 1394 [tuone
529 1320 555 1381 si
585 1319 642 1381 bae
671 1321 818 1396 perfectae
846 1318 1073 1381 concordantiae
1106 1321 1205 1396 plures
1240 1321 1372 1397 ejusdem
1401 1323 1512 1397 speciei
1546 1320 1749 1389 ordinarentur

389 1405 536 1481 deinceps,
559 1405 714 1464 altitudine
738 1406 913 1478 differentes,
936 1416 1040 1465 cautus
1063 1412 1263 1467 consonantiis
1287 1412 1386 1467 varius
1410 1425 1468 1466 non
1492 1416 1580 1471 esaei.

474 1491 534 1551 Sed
556 1494 617 1555 alia
638 1496 797 1568 praecipua
820 1511 911 1555 causa
935 1494 1073 1570 impedit,
1095 1498 1212 1570 quintas
1235 1496 1351 1571 aliouet
1373 1496 1476 1557 urdine
1501 1499 1531 1555 in
1552 1494 1649 1555 altum
1671 1492 1746 1559 caui,

389 1597 464 1656 quae
487 1597 546 1639 nou
570 1580 693 1655 impedit
721 1584 788 1643 cani
808 1590 949 1654 octavam
980 1580 1016 1640 da
1039 1598 1099 1657 quo
1129 1584 1329 1657 quaerendum
1349 1585 1408 1643 sibi
1435 1589 1552 1659 putarit
1574 1578 1749 1643 ertaoretss

389 1671 419 1727 iu
441 1667 688 1742 problematibus:
720 1686 772 1727 ctu
795 1667 982 1731 modulentur
1004 1677 1128 1731 amaras
1151 1666 1249 1749 (vorbi
1273 1688 1378 1744 carisa,
1407 1688 1502 1731 mares
1533 1686 1599 1729 cum
1623 1668 1749 1739 scribtis,

387 1756 443 1815 siri
467 1770 533 1817 cum
554 1751 684 1839 pueris),
708 1757 826 1830 oblutas
849 1764 879 1815 et
903 1768 1022 1830 quartas
1045 1774 1105 1814 nou
1125 1758 1335 1817 modulentur?
1381 1758 1478 1817 (lausa
1500 1758 1589 1831 igitur
1603 1754 1678 1819 baec
1693 1763 1749 1827 est,

362 1841 468 1917 ,quod
491 1859 559 1901 cum
581 1841 657 1903 dnae
680 1844 785 1929 tertiae
812 1843 924 1903 iaciant
950 1847 1175 1911 causortautinm
1199 1845 1354 1921 diapente,
1384 1844 1460 1909 duaa
1491 1852 1618 1907 ucmvae
1639 1858 1748 1905 cousu-

388 1931 520 1995 nantium
542 1929 747 2005 disdiapason,
778 1939 880 1991 contra
902 1930 978 1993 dnae
1001 1933 1122 2005 quintae
1145 1934 1261 1995 iaciunt.
1278 1950 1401 2006 nonam,
1431 1932 1507 1993 duae
1530 1939 1654 2007 quartae
1673 1947 1747 2005 sep·

388 2019 499 2087 timum,
519 2016 677 2081 interualla
701 2016 830 2077 dissona.
878 2017 944 2081 Vos
967 2036 1036 2093 ergo
1059 2019 1119 2081 illic
1141 2037 1193 2095 per
1215 2023 1423 2083 consonantias
1445 2028 1569 2083 octavas
1588 2028 1621 2081 et
1644 2019 1748 2093 tertias

388 2103 542 2167 decumam
578 2102 739 2180 aequaliter
768 2114 869 2165 menet
900 2108 930 2165 iu
963 2114 1034 2167 tuno
1059 2124 1113 2167 seu
1143 2105 1249 2177 murlo,
1279 2107 1441 2169 observans
1471 2105 1595 2167 caudam
1617 2105 1750 2180 speciem

389 2200 526 2264 octavae,
555 2191 602 2249 bie
630 2193 654 2249 si
678 2209 729 2266 per
751 2192 888 2268 aequalia
917 2192 1067 2264 decurret,
1102 2194 1221 2257 modum
1250 2194 1298 2257 vel
1329 2204 1431 2261 tonum
1457 2203 1554 2257 mutat
1581 2190 1750 2267 insiguiter,

388 2278 467 2353 qnod
490 2287 537 2336 est
558 2288 660 2336 contra
682 2276 889 2337 definitionem.

476 2364 528 2422 VI.
553 2364 637 2423 Circa
661 2364 803 2422 delectum
834 2368 1106 2425 concordantiarnm
1138 2367 1239 2442 aliqua
1268 2370 1356 2426 etiam
1384 2376 1451 2426 sunt
1475 2364 1621 2440 notanda}
1654 2368 1749 2441 primo

388 2450 467 2528 qnod
490 2453 519 2507 in
542 2468 648 2527 genere
671 2466 780 2525 magua
801 2454 958 2512 intervalla
980 2471 1103 2529 maguus
1134 2457 1223 2512 autimi
1253 2464 1349 2513 motus
1376 2457 1540 2532 exprimant
1563 2448 1613 2533 (ut
1636 2456 1664 2508 in
1689 2452 1748 2508 illis

389 2537 571 2598 Orlantlicis:
607 2537 663 2597 Ubi
686 2546 727 2627 eat
750 2538 821 2598 lbet
843 2550 886 2599 et:
921 2540 1026 2601 Tristis
1047 2549 1088 2598 cst
1112 2546 1220 2600 anima
1242 2538 1342 2623 mea),
1371 2559 1464 2618 parra
1491 2550 1521 2600 et
1549 2542 1623 2611 alta,
1655 2540 1747 2613 laeta,

389 2625 513 2685 humilia
535 2634 564 2685 et
585 2644 693 2701 parva,
717 2629 821 2685 tristia.

476 2713 590 2777 Deinde
614 2730 680 2777 cum
701 2722 806 2775 cantus
829 2715 1016 2777 harmonicus
1033 2715 1212 2790 ¹plerumque
1234 2715 1348 2785 desinat
1371 2717 1399 2779 in
1417 2713 1689 2785 identisonantiam,
1715 2721 1749 2770 ut

390 2803 485 2878 igitur.
501 2792 642 2876 ma‘gnunr
664 2797 736 2881 (pro
758 2802 915 2878 hypothesi
938 2798 1052 2883 textus)
1076 2802 1260 2863 intervallum
1276 2805 1306 2858 in
1320 2802 1378 2863 fine
1395 2801 1634 2877 complectamur,
1658 2817 1751 2877 opor·

390 2896 435 2949 tet
463 2906 521 2949 uon
549 2889 671 2949 bassum
698 2897 812 2947 tautum
842 2889 1032 2963 descendere,
1067 2889 1120 2951 sed
1142 2892 1250 2949 etium·
1268 2886 1447 2961 discentum,
1483 2897 1587 2951 contra
1614 2896 1752 2965 naturam

390 2976 508 3037 finiendi
532 2982 661 3053 cantani,
684 2976 853 3049 ascendere,
873 2979 1036 3039 imitatione
1056 2976 1221 3039 fistularum
1245 2986 1276 3045 et
1298 2976 1472 3039 chordarum
1493 2976 1653 3053 pandarus.
1690 2975 1751 3037 At-

390 3080 448 3139 oue
476 3071 549 3131 tuuc
575 3064 622 3121 val
644 3066 773 3125 maxime
803 3067 940 3125 mitescit
966 3066 1012 3122 vis
1041 3065 1203 3137 semitonii,
1233 3067 1324 3139 priori
1353 3066 1451 3140 eapite
1478 3064 1640 3139 explicata,
1669 3060 1752 3137 qnod

389 3150 534 3219 naturalis
556 3160 585 3208 et
607 3150 771 3211 ordinarius
793 3152 859 3213 linis
883 3153 1027 3213 cantionis
1049 3170 1101 3226 per
1116 3168 1271 3213 racemum
1293 3160 1373 3213 aurat
1387 3154 1417 3211 in
1435 3152 1491 3211 fine
1506 3166 1644 3228 superare
1659 3152 1751 3209 semi-

390 3238 520 3309 tunium„
535 3239 573 3303 iu.
589 3240 625 3317 iis
648 3239 767 3314 quidem
790 3242 883 3313 tenu,
908 3241 960 3314 oui
982 3255 1039 3299 nou
1063 3239 1175 3299 babent
1196 3240 1384 3301 semitonium
1406 3236 1539 3317 proxime
1562 3254 1652 3315 snpra
1668 3235 1751 3301 radi-

390 3342 453 3384 cem
475 3342 546 3383 suae
570 3334 702 3384 octavae.
1401 3384 1404 3399 ,
1728 3380 1731 3391 .

395 3464 399 3477 .
426 3466 439 3485 ,.
481 3411 581 3481 Tertio
610 3415 783 3487 quaestione
816 3412 937 3488 dignum
959 3414 1073 3487 censuit
1106 3412 1275 3487 Galilaeae,
1314 3430 1364 3475 cur
1388 3401 1525 3490 diapen'te
1557 3410 1751 3490 epidiapason

391 3498 550 3574 jucundius
584 3492 687 3573 sonet,
717 3518 806 3576 quam
835 3500 972 3577 diapente
1001 3498 1146 3576 simplest,¹
1174 3508 1204 3559 ct
1234 3503 1512 3576 sic'consequeuter
1548 3515 1662 3576 semper
1690 3515 1752 3559 uua

393 3587 548 3651 harmonia
570 3588 608 3647 sit
623 3587 785 3662 jucundior
808 3587 888 3651 eliel
934 3587 1061 3661 Causas,
1086 3605 1160 3663 quas
1182 3590 1245 3663 ipse
1268 3587 1377 3660 attulit,
1399 3604 1459 3646 nou
1481 3595 1525 3647 est
1548 3602 1655 3662 operae
1678 3603 1753 3649 exa·

393 3676 513 3746 minare,
538 3692 605 3737 cum
628 3674 770 3737 obscurae
794 3686 823 3735 et
845 3677 973 3749 irtcartae
997 3677 1063 3735 sint.
1109 3675 1153 3734 Ex
1176 3676 1249 3735 meis
1271 3692 1341 3734 vero
1362 3675 1514 3753 principiis
1531 3672 1753 3751 cattsaabujus

393 3764 434 3835 rei
454 3772 599 3838 apparent
622 3760 811 3825 clarissimae.
858 3762 933 3829 llam
950 3766 1027 3838 ,quia
1049 3780 1101 3840 per
1123 3764 1241 3825 axioma
1257 3765 1286 3831 2.
1310 3763 1414 3839 capitis
1430 3764 1514 3839 primi
1529 3760 1638 3839 gradus
1653 3762 1753 3823 scieu-

393 3850 462 3920 tiae,
486 3850 593 3924 quibus
618 3849 754 3907 differunt
776 3851 851 3909 inter
874 3868 906 3909 se
930 3850 1023 3909 latera
1045 3850 1212 3923 figmarum,
1235 3849 1490 3927 beneplantautur
1505 3850 1594 3927 etiarn
1616 3849 1646 3907 in
1671 3851 1753 3923 ipsas

393 3939 606 4014 proportiones,
631 3935 789 4011 figurarum
811 3937 946 4011 soboles,
970 3946 1201 4019 consentaneum
1218 3936 1352 4014 equidem
1377 3947 1430 4008 est,
1454 3946 1488 3999 ut
1503 3939 1592 4007 etiapr
1616 3933 1659 4017 illi
1681 3953 1753 4011 gra-

395 4022 460 4097 tius,
483 4024 591 4098 ouibus
614 4021 725 4085 distant
748 4033 777 4083 et
797 4027 892 4101 partis
914 4025 1014 4086 circuli
1038 4032 1067 4084 et
1089 4023 1198 4085 residui
1222 4023 1440 4099 demonstratio,
1464 4024 1662 4085 discriminent
1679 4039 1753 4083 suu·

394 4113 517 4173 ritatem
545 4117 574 4173 ct
602 4113 694 4186 partis
723 4120 752 4173 et
782 4114 900 4171 residui.
945 4112 1023 4188 Ergo
1054 4129 1131 4188 quae
1158 4111 1328 4173 barmoniae
1360 4113 1489 4173 existunt
1511 4109 1678 4171 immediate
1702 4126 1754 4188 per

393 4201 490 4275 ipsam
512 4199 672 4257 sectionem
696 4197 808 4277 circuli,
828 4217 905 4275 quac
927 4218 969 4259 sc.
992 4206 1061 4259 sunt
1083 4201 1157 4261 inter
1179 4206 1273 4259 totum
1298 4210 1328 4259 et
1349 4207 1464 4274 partem
1484 4198 1654 4270 rescissem,
1683 4215 1753 4277 par-

394 4288 529 4357 ientiores
562 4292 593 4345 et
609 4284 803 4361 jucundiores
831 4294 900 4347 suut
927 4290 980 4359 iis,
1013 4304 1088 4360 quae
1116 4294 1185 4344 sum
1213 4289 1287 4347 inter
1310 4285 1458 4347 residuum
1481 4294 1509 4344 et
1531 4292 1642 4356 totum,
1673 4300 1753 4359 quae

395 4372 511 4431 demum
535 4373 704 4432 derivantur
726 4391 761 4430 ex
784 4374 930 4449 prioribus
960 4390 1011 4449 per
1034 4372 1244 4433 admixtionem
1267 4372 1559 4435 identisonautiarum
1591 4389 1627 4431 er
1651 4371 1752 4431 bisac-

394 4462 474 4521 tioue
498 4460 545 4521 vel
569 4458 767 4535 duplicatione
790 4460 972 4521 chordarum.
1017 4458 1067 4521 Sic
1095 4454 1128 4539 ¹),
1151 4462 1260 4536 primas
1289 4467 1383 4534 tenet,
1416 4471 1461 4521 est
1484 4461 1574 4535 igitur·
1591 4457 1753 4535 jsrcundior

394 4565 485 4622 quam
508 4543 561 4628 ²13,
593 4556 623 4607 et
649 4541 686 4627 ¹),
709 4565 797 4623 qnam
821 4542 878 4630 Ὗς,
909 4556 947 4627 et
965 4541 1003 4627 ’ἡ
1027 4564 1115 4623 quem
1140 4544 1192 4627 ⁴l5,
1226 4558 1256 4607 at
1283 4541 1320 4628 ¹l4
1341 4565 1429 4622 quam
1454 4542 1507 4629 ll„
1538 4555 1567 4609 et
1596 4544 1639 4629 ‘73
1662 4562 1752 4621 qnam

395 4629 450 4715 Ἃ,
471 4642 502 4695 at
526 4632 569 4712 ll,
591 4650 680 4708 oouatu
704 4629 753 4715 ⁶l3.
797 4634 883 4693 Prius
907 4636 984 4693 enirn
1006 4651 1074 4709 pars
1095 4634 1128 4693 iit
1151 4651 1280 4697 consona
1302 4651 1354 4712 per
1369 4652 1401 4693 se
1424 4636 1530 4710 ipsam,
1552 4650 1611 4693 non
1633 4641 1754 4713 propter

395 4721 565 4795 residuum,
587 4721 734 4795 posterius
758 4730 788 4785 at
810 4724 853 4783 sle
876 4722 1070 4799 imperfectius
1092 4722 1242 4785 residuum
1265 4720 1479 4785 demonstratur
1498 4738 1563 4783 esse
1578 4737 1753 4795 consonum,

392 4808 506 4869 scilicet
526 4815 645 4895 propter
666 4817 780 4886 partem
802 4813 913 4870 sociam
937 4808 984 4869 vel
1006 4808 1142 4869 alienam.
