3792 5860
477 424 519 482 De
536 421 762 495 Propoffionibnr
782 422 964 480 harmonicis.
999 423 1083 481 Lrirer
1100 426 1150 482 ΙΙΙ.
1433 434 1493 498 129
1546 380 1551 393 ι

135 609 189 669 uile
211 614 272 678 rat,
296 602 518 685 proportionum
539 603 772 665 harmonicam
795 600 986 675 dmrenrras,
1016 618 1125 680 genera
1145 604 1307 683 modosque
1329 608 1496 672 abstrahere
1559 637 1560 640 ¹

135 704 231 756 mente
254 713 275 754 a
297 695 420 753 uocibus
444 701 474 753 at
487 695 568 752 souis
582 691 784 763 musicahbns,
806 706 873 748 cnm
894 706 953 747 non
972 689 1032 750 alia
1054 694 1139 751 nobis
1161 704 1317 772 suppetant
1341 699 1497 779 vocabula,

135 784 222 843 rebus
246 781 427 859 explicandis
448 781 635 852 nocmmria,
660 794 749 855 qnam
777 779 903 836 modest
935 776 1002 837 ideo
1034 780 1255 854 conjungendus
1282 783 1367 845 nobis
1391 787 1446 844 erit
1467 787 1498 845 in

136 871 193 931 boc
223 870 299 929 libro
326 868 410 929 locus
440 868 541 929 tertius
570 884 636 926 cum
659 868 761 942 quinto
792 872 821 924 st
843 865 960 938 ultimo,
990 863 1203 942 dicendumque
1231 885 1290 927 non
1319 877 1433 929 tantum
1462 872 1499 932 de
1532 868 1538 893 ¹

137 957 375 1036 proportionibus
397 955 572 1015 harmonicis
594 954 759 1024 abstractio,
781 952 834 1012 sed
854 955 943 1012 eham
965 954 1238 1031 praeoccupandum
1262 956 1318 1015 hoc
1340 957 1501 1018 humanum

138 1047 295 1105 creationis
318 1045 530 1103 imitamentum
551 1044 580 1099 in
603 1050 704 1114 canto3
735 1041 892 1099 mentionis
914 1056 983 1099 uero
1006 1041 1153 1101 coelorum
1168 1058 1241 1120 opus
1264 1054 1381 1121 propter
1404 1048 1500 1105 subli-

139 1137 273 1193 mitatem
297 1139 326 1190 et
348 1130 602 1190 incredibilitatsm
626 1127 814 1187 differendum
837 1129 865 1184 ln
890 1126 986 1186 locum
1009 1127 1156 1202 ultimum,
1181 1129 1281 1190 ordine
1304 1132 1372 1205 illo,
1396 1137 1446 1210 qui
1471 1136 1499 1192 in

140 1220 226 1279 titulo
249 1220 327 1280 libri
340 1219 534 1295 praescriptus
557 1226 610 1276 est.
655 1215 694 1274 lit
715 1214 789 1274 haec
812 1215 848 1274 de
872 1215 972 1274 ordine
995 1214 1192 1275 dicendorum.

227 1304 299 1367 Jam
321 1314 354 1364 ut
376 1307 520 1365 contraria
542 1306 618 1364 iuter
638 1321 670 1363 se
693 1303 830 1380 opposita
850 1304 945 1378 magis
967 1302 1146 1378 elucescant,
1170 1303 1252 1364 lubet
1274 1304 1503 1385 disputationem

142 1395 177 1454 de
200 1401 288 1453 cantu
312 1392 440 1453 humano
462 1393 609 1469 auspicari
630 1407 648 1449 a
671 1392 945 1451 commemoratione
960 1406 1068 1465 eorum,
1093 1408 1170 1469 quaa
1193 1400 1306 1453 veteres
1329 1410 1416 1472 super
1439 1403 1505 1454 ortu

143 1482 401 1543 consonantiarum
422 1488 492 1538 sunt
514 1480 679 1538 commenti.

230 1568 374 1627 Nimirum
395 1568 472 1626 sictut
500 1574 545 1624 est
571 1570 771 1668 comparatam
800 1567 828 1622 in
851 1564 940 1624 rebus
961 1564 1095 1624 omnibus
1117 1564 1267 1641 haimonis,
1297 1574 1329 1627 ut
1351 1584 1428 1645 quiae
1450 1586 1506 1629 na·

145 1663 212 1715 tura
233 1656 319 1715 nobis
340 1661 409 1714 aunt
432 1653 580 1727 tributa,
572 1671 603 1711 ru
623 1656 661 1711 iis
675 1668 746 1710 usus
761 1654 957 1728 cognitionem
980 1668 1133 1711 causarum
1155 1662 1329 1728 antevertat,
1353 1660 1396 1715 sic
1419 1658 1506 1716 etiam

144 1746 222 1803 circa
243 1749 361 1804 cantum
383 1742 484 1827 generi
505 1741 634 1800 humano
657 1755 711 1798 neu
734 1742 823 1812 verrit,
847 1748 880 1797 ιιι
901 1738 968 1799 inde
990 1740 1029 1798 ab
1052 1748 1116 1798 ortu
1139 1756 1193 1799 suo
1216 1699 1342 1801 modulis
1365 1753 1395 1803 et
1417 1745 1508 1802 intur-

146 1830 234 1890 vallis
258 1846 365 1890 vocum
385 1831 449 1888 sine
463 1829 664 1905 speculatione
679 1834 730 1885 aut
746 1824 912 1903 cognitione
935 1842 1089 1891 causarum
1111 1835 1241 1887 uteretur
1263 1820 1376 1903 lisdem,
1401 1834 1508 1906 quihus

146 1921 255 1978 utimur
286 1916 374 1976 hodie
405 1915 494 1992 vulgo
525 1918 554 1973 in
585 1915 790 1975 decantatione
827 1912 1019 1973 melodiarum
1050 1931 1108 1973 non
1137 1922 1251 1974 tantum
1279 1919 1309 1974 in
1341 1917 1458 1996 templis
1481 1927 1510 1979 et

147 2007 243 2065 choris
258 2006 444 2077 musicorum,
467 2003 519 2063 sed
536 2004 645 2080 passim
660 2003 723 2061 sine
747 2003 954 2061 exercitatione
969 2003 1049 2074 artis,
1073 2004 1207 2061 otiamur
1227 2006 1361 2081 compitis
1379 2013 1407 2064 ei
1422 2008 1510 2083 agris.

234 2094 368 2170 Apparet
389 2091 463 2150 haec
484 2091 646 2165 antiquitas
668 2098 771 2147 cautus
794 2105 830 2151 ox
852 2087 927 2147 libro
949 2091 1044 2165 primo
1065 2087 1224 2148 Geneseos.
1269 2090 1411 2167 Magnam
1433 2094 1511 2151 enim

149 2181 281 2258 oportuit
301 2195 367 2239 esse
390 2177 613 2238 delectationem
637 2194 673 2237 ax
696 2185 783 2235 cantu
816 2178 898 2234 vocis
921 2176 1066 2235 humanae
1093 2178 1175 2252 (cum
1197 2192 1266 2236 vero
1291 2177 1513 2239 delectationem

150 2267 229 2340 dico,
261 2265 417 2327 intervalla
438 2262 505 2324 dico
528 2266 697 2325 harmonica
719 2270 749 2325 et
771 2259 944 2342 concinna),
974 2281 1050 2340 quae
1076 2265 1138 2339 jam
1170 2273 1307 2324 octavum
1336 2267 1374 2324 ab
1398 2266 1513 2327 Adamo

150 2353 292 2415 Jubalem
314 2353 470 2431 permovit,
492 2360 525 2411 nt
546 2359 648 2411 cantus
671 2352 822 2410 hominum
845 2351 938 2409 brutis
960 2352 1159 2410 instrumentis
1183 2348 1289 2411 imitari
1313 2352 1436 2413 disceret
1459 2352 1514 2414 do·

151 2453 299 2517 caretque.
343 2440 408 2500 Nisi
435 2438 536 2513 lahov,
565 2438 658 2498 dubal
685 2437 734 2497 hic
760 2437 870 2515 Apollo
900 2444 960 2511 ost,
990 2437 1049 2498 levi
1080 2441 1241 2500 mutatione
1272 2439 1434 2516 literarum,
1464 2443 1515 2520 qni

151 2530 271 2589 tratrem
284 2527 421 2588 dahelem
444 2528 600 2604 pecuariae
622 2533 771 2585 mctomm
793 2524 952 2601 iretulaque
974 2527 1082 2601 agresti
1105 2526 1282 2602 gaudentem
1306 2523 1405 2609 (Pana
1420 2528 1516 2588 Deum

153 2615 318 2677 aGraecis
340 2609 496 2697 creditum)
520 2612 657 2691 cytharae
679 2620 812 2690 repertas
835 2612 913 2672 claro
938 2613 1044 2672 tinnitu
1066 2608 1236 2694 superavit,
1256 2617 1409 2675 materiam
1431 2617 1518 2676 chor-

155 2704 256 2764 daram
280 2721 301 2762 a
320 2701 528 2762 Tabai-(laiso
549 2701 654 2779 hatra,
681 2703 733 2776 qut
760 2701 848 2759 nobis
874 2717 920 2759 cx·
937 2701 1063 2759 nominis
1093 2699 1238 2761 allusione
1262 2701 1413 2762 Vulcanus
1443 2713 1517 2780 esto,

156 2797 318 2851 mutuatus.

242 2875 400 2951 Utcunque
422 2886 519 2935 mmen
541 2875 664 2949 amiqua
684 2875 723 2933 sit
745 2880 847 2933 cantm
870 2873 990 2933 humani
1012 2873 1115 2947 torma,
1140 2890 1175 2933 ex
1196 2873 1359 2934 intervallis
1383 2879 1520 2937 consonis

158 2967 205 3026 rel
226 2965 378 3024 concinnis
401 2964 576 3042 composita,
611 2978 716 3020 consae
739 2971 837 3020 tamen
859 2960 1079 3021 intervallorum
1102 2959 1250 3020 latuerunt
1272 2962 1420 3036 homines,
1444 2963 1520 3023 adeo

157 3062 189 3113 nt
210 3060 281 3112 ante
302 3048 502 3127 Pythagoram
523 3065 561 3108 na
584 3056 790 3124 quaererentur
812 3047 946 3124 quidem,
975 3055 1006 3108 et
1027 3050 1177 3125 quaesitas
1196 3062 1248 3126 per
1272 3048 1329 3108 duo
1351 3048 1444 3110 millia
1465 3070 1521 3111 an·

158 3158 280 3211 norum,
309 3140 418 3215 primus
441 3154 515 3213 ago,
542 3137 599 3195 nbi
622 3134 725 3209 talium
749 3139 934 3196 exactissime
955 3135 1108 3214 proferam.
1154 3135 1269 3196 Primus
1292 3137 1411 3214 quidem
1433 3138 1522 3199 fertur

159 3227 366 3306 Pythagoras,
395 3241 460 3285 oum
483 3223 562 3302 apud
586 3221 732 3282 cilicinam
762 3224 910 3284 ferrariam
932 3225 1236 3301 hansiret'sonosque
1259 3224 1431 3284 malleorum
1453 3225 1523 3286 har-

159 3317 275 3375 monica
298 3321 530 3389 corrtemperatos
546 3308 807 3384 animadvertisset,
832 3310 1067 3389 deprehendisse,
1091 3311 1282 3372 differentiam
1297 3330 1435 3373 sonorum
1459 3331 1524 3374 esse

160 3421 194 3464 ex
216 3398 419 3477 magnitudine
441 3398 620 3471 malleorum,
645 3406 678 3455 ut
699 3401 797 3474 magni
819 3417 926 3473 graves
941 3415 1031 3458 sonos
1046 3398 1175 3473 aderent,
1198 3402 1282 3477 parvi
1306 3411 1417 3460 acutos.
1450 3400 1523 3460 Ouum

160 3498 259 3550 antem
281 3491 356 3546 inter
376 3487 591 3562 magnitudines
613 3493 760 3562 spectetur
775 3487 889 3563 proprie
905 3489 1074 3564 proportio,
1097 3504 1221 3546 mensus
1244 3486 1378 3566 malleos,
1401 3504 1525 3566 propor-

162 3579 256 3637 tiones
278 3574 363 3635 lacila
386 3573 605 3645 animadvertit,
636 3573 745 3647 quibus
773 3573 944 3633 harmonius
971 3590 1079 3633 vocum
1105 3570 1260 3634 intervalla
1284 3579 1527 3635 constituerentur

161 3671 190 3724 ct
218 3663 326 3739 quibus
357 3660 490 3729 dissona,
522 3661 630 3737 quibua
659 3662 803 3719 concinna
840 3667 871 3719 et
901 3661 1008 3738 quibus
1037 3663 1219 3721 inconcinna.
1270 3661 1376 3721 Statim
1406 3665 1482 3735 enirn
1509 3680 1528 3722 a
1568 3679 1576 3685 ·

161 3752 275 3811 malleis
299 3748 338 3808 ad
360 3748 532 3811 chordarum
556 3748 690 3807 transivit
712 3745 924 3823 longitudines,
950 3750 998 3807 ubi
1022 3766 1108 3808 aures
1131 3752 1262 3808 exactius
1284 3750 1428 3822 indicant,
1453 3767 1528 3825 qrrae

163 3848 261 3916 partes
282 3836 410 3897 chordae
437 3853 502 3897 oum
525 3843 588 3895 tota
616 3844 794 3909 corisouoot,
822 3854 898 3911 qnae
930 3836 969 3894 ab
1001 3836 1052 3893 illa
1082 3834 1241 3896 dissonent.
1286 3835 1528 3915 Propertionibus
1602 3844 1607 3853 “

163 3929 249 3987 carris
271 3927 407 4002 repertis,
431 3932 462 3983 ut
484 3947 525 3999 vqs
547 3918 607 3991 ὅτι,
629 3932 796 3998 supererat,
820 3932 853 3980 nt
875 3925 965 3981 etitem
989 3938 1104 3994 caussae,
1128 3938 1180 3983 seu
1203 3944 1236 3983 ro
1260 3920 1293 3984 δι’
1319 3920 1378 3989 ὁτι,
1403 3922 1530 4000 indaga·

162 4021 269 4083 rentur,
292 4029 344 4071 our
366 4011 422 4070 hae
444 4012 647 4088 proportiones
668 4011 819 4082 concinna,
844 4014 949 4068 suavia
963 4026 1151 4085 consonaque
1175 4008 1331 4069 intervalla
1348 4003 1451 4070 sucum
1476 4010 1530 4070 du·

163 4100 293 4172 linirent,
318 4096 392 4172 aliqe
416 4101 618 4176 proportiones
642 4095 772 4169 dissona,
803 4096 992 4156 abhorrentia
1013 4099 1052 4156 ab
1075 4101 1203 4169 auribus,
1228 4100 1351 4156 insueta.
1397 4098 1434 4157 Et
1458 4099 1530 4159 itum

164 4188 218 4247 luit
240 4204 292 4263 per
313 4203 407 4245 annos
430 4186 476 4244 bis
497 4185 578 4245 mille
600 4187 628 4241 in
651 4184 728 4242 harre
750 4187 940 4257 seutentiam,
972 4202 1076 4243 musas
1100 4184 1240 4261 petendas
1263 4204 1281 4243 a
1304 4186 1530 4265 proprietatibus

164 4279 294 4353 ipsarum
315 4276 550 4351 proportionum,
580 4279 613 4329 ut
634 4270 707 4330 illac
736 4273 921 4331 eontinentur
945 4273 1000 4331 sub
1030 4275 1159 4331 terminis
1183 4275 1355 4349 quiuntitotis
1379 4266 1531 4343 discretae,

165 4362 489 4423 scilicetnumerorum.
535 4358 679 4427 Viderunt
695 4361 771 4418 enirn
794 4358 1003 4437 Pythagoraei,
1028 4361 1172 4436 perlectas
1195 4361 1331 4418 conshtui
1356 4358 1531 4435 harmonias,
1640 4386 1653 4419 t

165 4451 190 4508 si
212 4448 340 4510 chordae
362 4464 457 4524 aeque
479 4456 579 4507 tensae
602 4448 819 4523 proportionem
842 4446 973 4506 habeant
995 4448 1069 4505 inter
1083 4464 1115 4507 se
1137 4445 1328 4523 longitudinis
1353 4446 1481 4525 duplam,
1504 4454 1534 4507 et
1576 4500 1585 4519 ,

167 4540 191 4594 si
212 4537 339 4614 triplam,
363 4542 393 4595 at
415 4537 440 4593 si
463 4533 665 4611 quadruplam,
687 4536 764 4594 inter
784 4550 923 4593 numeros
949 4536 1012 4607 1,2
1036 4541 1066 4592 et
1091 4539 1118 4607 1,
1143 4535 1162 4591 3
1186 4542 1215 4593 et
1240 4537 1267 4608 1,
1283 4536 1312 4591 4.
1358 4533 1441 4608 Quae
1464 4553 1533 4614 pro-

170 4628 317 4701 portiones
345 4622 480 4682 dicuntur
506 4624 535 4679 in
569 4620 754 4681 arithmetica
782 4620 970 4698 multiplices.
1022 4621 1149 4679 Rursum
1179 4621 1268 4698 paulo
1305 4624 1533 4700 imperfectiores

108 4752 114 4775 .
169 4729 230 4771 csse
251 4712 461 4772 consonantias
485 4709 672 4777 chordarum,
701 4726 777 4785 quaa
800 4709 912 4768 iaciunt
934 4711 1152 4786 proportionem
1173 4707 1415 4784 sesquialterum,
1439 4710 1534 4769 hemi·

167 4797 283 4872 baliam,
308 4806 339 4860 et
361 4798 584 4874 sesquitertiam,
608 4798 765 4873 epitritum
787 4814 829 4856 sc.
852 4797 1131 4862 internumerari,
1157 4796 1336 4869 bethi,
1360 4814 1436 4872 quac
1459 4795 1535 4855 durae

168 4888 369 4968 proportiones
392 4884 567 4961 conjunctae
588 4884 700 4944 hciuut
721 4886 939 4963 proportionem
961 4881 1095 4962 duplam,
1128 4884 1205 4944 inter
1225 4899 1365 4944 numeros
1389 4884 1426 4959 2,
1449 4885 1469 4942 4
1488 4882 1537 4943 vel

215 4998 312 5049 Rapiari
326 4994 445 5047 operav
1349 4990 1367 5048 9
