3872 5846
358 326 427 388 m
798 320 841 377 De
857 315 1087 389 mepornosuee
1102 318 1282 381 Humentes.

358 501 442 561 buno
473 518 528 576 ego
558 504 732 561 muntem
758 497 961 561 immeoimm
992 500 1105 559 enuori
1127 498 1243 561 urano
1268 497 1357 561 Gallo
1385 503 1518 575 remittor
1541 517 1638 577 penes
1653 456 1723 567 'nos

365 588 528 648 uermes
554 587 668 664 judicia
696 588 726 644 in
756 588 921 662 praecipuis
950 586 1121 647 ciuitatibus
1152 595 1182 645 et
1209 589 1368 662 prouinciis
1397 588 1498 664 prorui
1521 598 1655 653 emetur
1685 592 1722 657 ab

362 674 535 753 bejusutodi
565 674 701 737 sordibus
732 690 789 734 nec
821 673 899 735 ultra
930 673 1027 748 legum
1061 677 1270 751 praescriptum
1302 676 1460 750 quiequam
1492 676 1563 739 lieet
1594 679 1721 757 exigue.

361 759 400 844 8)
424 761 647 827 Heereditetum
677 761 844 825 diebibntio
877 759 1042 836 aequabilis
1080 764 1111 821 in
1141 764 1242 838 capita
1276 779 1375 827 maus.
1396 765 1547 839 utriusque
1581 764 1721 829 arithmo

361 854 431 911 sicis
462 851 579 926 legibue
608 851 772 927 peragitur,
801 856 835 909 ut
856 851 969 923 origine
995 846 1134 923 aequales
1163 851 1399 928 proportionibus
1426 852 1516 915 etiem
1539 852 1721 913 substantiae

363 939 401 999 ab
425 936 528 998 eodem
550 945 633 1015 patre
657 935 774 996 relictae
796 944 968 1011 aequentur.
1016 938 1055 993 At
1078 937 1147 993 dum
1163 938 1232 1013 reip.
1256 937 1426 1011 consulitur,
1449 938 1721 1014 praediscimus.-

362 1025 458 1100 eulps,
481 1028 531 1102 qni
552 1024 678 1085 miiitiae
698 1026 884 1083 necessariae
906 1025 965 1081 sint
987 1026 1064 1101 epti,
1096 1026 1238 1099 peculum
1262 1023 1301 1085 ad
1321 1024 1446 1089 lentim
1470 1034 1499 1087 et
1521 1025 1559 1087 ad
1581 1043 1721 1101 personas

363 1113 430 1173 ilco
450 1120 637 1173 consecratas
666 1109 865 1177 devolvantur
888 1110 1017 1186 dureque
1043 1112 1229 1187 primogeniti
1251 1113 1354 1175 ceteris
1378 1112 1425 1171 vei
1448 1113 1551 1187 majori
1575 1116 1718 1188 portione,

364 1199 411 1261 uel
433 1203 523 1259 totins
538 1203 616 1260 ersis
629 1200 815 1276 possessione
830 1198 1052 1274 prosternetur,
1063 1197 1185 1273 reliquie
1202 1197 1248 1258 uel
1264 1201 1449 1276 portionibus
1468 1203 1543 1263 iuter
1558 1218 1591 1261 se
1604 1219 1719 1285 aequu5

361 1288 446 1362 libne,
471 1288 518 1348 rel
541 1287 640 1364 legato
664 1286 711 1347 rel
733 1286 885 1347 nemnem
907 1284 971 1345 sole
994 1284 1173 1361 providetur,
1198 1294 1230 1345 ut
1246 1288 1345 1362 image
1359 1286 1504 1363 quaedam
1527 1290 1718 1366 principatus,

361 1376 443 1434 utilis
465 1378 536 1452 reip.
561 1379 590 1433 in
613 1374 748 1448 familiis,
772 1381 932 1448 sumeres,
964 1372 994 1431 id
1015 1372 1050 1433 dt
1072 1374 1240 1437 rationibus·
1258 1374 1449 1447 harmonicis,
1475 1392 1551 1450 quae
1575 1375 1718 1443 interdum

363 1462 453 1523 dume
473 1471 544 1522 eunt
565 1462 726 1523 senonen
746 1470 777 1521 et
799 1461 994 1533 dissonantes,
1014 1459 1115 1536 quoad
1137 1460 1280 1536 sliquos,
1307 1464 1416 1539 quippe
1440 1463 1564 1529 turbae
1579 1463 1719 1531 arithme-

363 1553 422 1611 tica
440 1551 636 1628 esqualitate,
656 1548 696 1609 od
718 1550 971 1609 conservationem
994 1559 1092 1609 tornea
1116 1550 1271 1609 universae
1294 1551 1423 1611 ciuitatis
1447 1552 1622 1626 conspirant.
1647 1598 1651 1607 .

449 1637 555 1697 xxii.
579 1637 613 1696 In
636 1635 770 1716 populari
801 1637 939 1712 imperio,
969 1634 1048 1711 qnod
1073 1654 1109 1695 cx
1137 1636 1321 1699 arithmetice
1349 1636 1529 1713 aequalitate
1553 1639 1718 1705 conlorme

361 1735 423 1787 men
447 1735 501 1800 eet,
524 1735 554 1789 et
576 1727 612 1783 iu.
629 1727 813 1802 optimatum,
837 1722 918 1799 quod
939 1740 975 1783 err
998 1725 1178 1800 geometrica
1197 1722 1402 1797 similitudine,
1425 1741 1515 1802 saepe
1539 1734 1636 1791 umen
1660 1728 1718 1789 uli-

362 1829 423 1889 qna
443 1813 721 1890 attemperationis
743 1813 817 1872 ratio
838 1810 973 1871 bamini.
1019 1808 1058 1873 Ut
1081 1826 1147 1871 cnm
1160 1810 1291 1889 populus
1305 1813 1368 1887 ipse
1383 1829 1478 1873 rerum
1492 1821 1598 1889 potens
1612 1822 1716 1897 sponte

360 1918 416 1960 sue
438 1903 569 1977 patriciis
597 1902 782 1977 perusinum
813 1897 957 1968 imeres,
984 1900 1189 1974 magistratus,
1218 1897 1384 1961 sacerdotia
1410 1899 1547 1973 mandat,
1578 1909 1629 1965 aut
1652 1918 1716 1965 orm

362 1990 520 2065 optimates
540 1989 656 2066 plebem
678 1987 822 2047 bonorem
845 1984 1050 2047 nonnullorum
1065 1987 1237 2062 participem
1254 1986 1377 2061 urunt,
1399 1986 1629 2055 imourosisstne
1650 2006 1717 2055 ruti·

358 2092 430 2135 imm
459 2076 532 2137 selis
551 2076 685 2153 ¹plebejis
703 2073 886 2142 conminuet,
916 2073 1039 2148 iujuriae
1068 2074 1109 2132 eie
1138 2074 1176 2135 eb
1199 2074 1391 2150 optimatibus
1413 2074 1511 2141 illaturi
1540 2078 1714 2151 pravissime

360 2163 557 2237 eieucaatur,
585 2162 761 2227 libertatem.
779 2162 911 2223 tribuunt
932 2159 1118 2221 fruendarum
1142 2160 1343 2237 rutupinum,
1361 2178 1450 2243 'quae
1479 2179 1531 2237 per
1553 2170 1715 2231 sensnum

358 2249 531 2328 popularem
552 2254 642 2328 sepit,
662 2250 793 2326 suffragii
816 2247 966 2324 quoddam
985 2248 1036 2322 jds
1051 2247 1132 2323 plebi
1155 2251 1326 2323 permittunt
1348 2251 1377 2311 iu
1394 2248 1558 2317 madidatis
1578 2264 1716 2326 mudule

355 2339 537 2416 mentatum
558 2348 644 2399 serto.
661 2354 783 2399 numero
804 2333 1023 2414 erumperes,
1053 2353 1089 2397 eu
1112 2351 1171 2410 quo
1194 2352 1314 2397 numero
1344 2338 1402 2413 ipsi
1424 2346 1528 2413 postea
1551 2340 1715 2416 optimates,

354 2426 474 2500 quibus.
498 2424 614 2499 soleat,
644 2427 832 2500 magistratus
862 2421 994 2485 caedum.
1039 2420 1124 2496 Quae
1153 2426 1320 2485 communio
1348 2423 1490 2500 quamdiu
1517 2433 1623 2501 sponte
1653 2427 1716 2502 eius

357 2508 479 2586 ordinis,
502 2526 593 2590 penes
615 2526 870 2588 quemeummuet
894 2518 939 2573 eet
961 2513 1128 2585 imperium,
1152 2513 1311 2585 constetit„
1325 2513 1519 2575 erravieeimue
1542 2504 1715 2575 concordiae

360 2602 472 2659 cisium
501 2608 663 2661 museum
687 2599 788 2673 durati
819 2609 851 2661 tt
881 2600 907 2657 si
934 2606 1105 2668 revocetur,
1137 2599 1264 2674 primum
1284 2598 1421 2675 quarelae
1448 2608 1601 2675 emergunt
1622 2598 1714 2675 pertis

359 2686 513 2762 multatae,
538 2686 654 2747 ,dende
674 2686 852 2759 discordiae,
882 2687 972 2761 queei.
990 2684 1111 2745 turbato
1134 2693 1288 2760 concentu,
1320 2686 1445 2762 denique
1476 2686 1524 2755 uel
1546 2689 1716 2757 transierurr

359 2777 513 2852 imperium
536 2774 583 2835 vel
607 2782 670 2837 tote
693 2777 800 2835 civitas
819 2772 957 2833 bostibus
978 2773 1150 2835 sucmmbiu
1195 2773 1277 2835 idem
1301 2773 1436 2849 derceio
1452 2782 1541 2847 natu,
1564 2777 1611 2843 oni
1627 2775 1714 2843 leni

358 2862 441 2921 liaris
464 2871 511 2922 eet
530 2861 699 2923 harmonica
721 2863 804 2935 ratio,
828 2858 986 2925 tenendum
1007 2862 1071 2932 erit,
1095 2863 1125 2919 iu
1148 2877 1207 2939 quo
1229 2878 1305 2923 rruee
1326 2868 1469 2936 cumdum
1492 2865 1604 2929 octaris.
1618 2865 1715 2931 omui,-

360 2950 415 3009 bue
438 2957 582 3027 praestet,
611 2958 738 3011 tantum.
752 2950 841 3011 etiem
868 2947 951 3011 solue
973 2962 1118 3009 summurn
1144 2948 1195 3022 ius¹
1217 2949 1330 3025 imperii
1358 2948 1519 3024 possidete,
1539 2952 1640 3011 ceteri·
1659 2950 1714 3019 sup

361 3036 412 3097 llio
435 3037 544 3114 degunt
566 3038 750 3100 arithmetica
772 3035 961 3112 aequalitate.
1005 3034 1071 3099 fler
1093 3037 1181 3111 igitur
1210 3038 1239 3095 in
1262 3036 1501 3112 politissimum
1529 3044 1627 3111 potest
1650 3055 1714 3099 eese

359 3123 543 3200 gubernandi
565 3128 640 3185 ratio
664 3128 750 3185 trium
771 3140 920 3201 generum,
945 3122 1135 3199 quodsupra
1158 3125 1247 3185 etiam
1269 3123 1327 3183 No.
1348 3123 1407 3195 lX,
1430 3126 1637 3200 tangebamus,
1659 3123 1712 3187 aed

360 3211 420 3270 illic
446 3212 486 3272 de
506 3229 554 3286 ee,
582 3212 630 3273 bie
652 3211 688 3273 de
711 3213 843 3289 personis
873 3228 925 3273 seu
949 3208 1114 3284 ordinibus,
1145 3212 1213 3288 reip.
1239 3212 1389 3286 membris,
1420 3214 1547 3287 egimus.
1589 3211 1672 3273 Nem.
1688 3214 1713 3275 si

359 3301 459 3361 emnia
481 3302 581 3359 munia
602 3318 654 3361 rex
675 3317 714 3359 ex
735 3316 831 3375 aequo
855 3301 1057 3371 communest,
1080 3297 1162 3357 nulla
1184 3298 1370 3365 distinctions
1392 3298 1557 3365 nobilitatis
1575 3316 1597 3359 a
1618 3297 1713 3377 plebe,

359 3386 511 3463 pepuleris
533 3390 587 3446 erit
608 3395 640 3448 at
660 3387 861 3447 arithmeticae
882 3385 986 3449 similis
1009 3384 1180 3456 moderatio,
1203 3402 1262 3445 uon
1285 3385 1392 3449 decora
1407 3386 1556 3463 majestati
1570 3404 1713 3457 munnae,

360 3478 470 3551 quippe
492 3492 624 3535 summes
646 3476 709 3551 ipsc
733 3491 797 3533 cum
821 3472 922 3533 infima
942 3474 1024 3535 iaceo
1047 3473 1242 3548 copulabitur,
1266 3473 1348 3535 nullo
1367 3472 1466 3533 medio
1489 3474 1641 3549 rutensem
1666 3492 1714 3537 or-

359 3561 436 3635 dine,
460 3560 540 3639 quod
562 3570 670 3629 uetere
688 3572 786 3623 umen
810 3570 900 3623 amet.
944 3558 1021 3635 Quin
1044 3562 1104 3621 ἰιιιο
1125 3563 1205 3623 cieee
1234 3578 1394 3636 generosae
1417 3560 1525 3621 indolis
1547 3578 1638 3636 regno
1662 3576 1720 3645 eng

358 3649 473 3723 oedem,
497 3652 522 3709 si
545 3649 644 3709 nullus
667 3651 782 3726 generis
805 3656 966 3726 respectus.
1008 3647 1061 3709 Sin
1075 3649 1173 3707 omnia
1188 3648 1317 3713 umbrat
1337 3652 1366 3707 in
1383 3648 1578 3722 nobilitatem,
1597 3644 1714 3729 seduna

358 3739 476 3812 penitus
499 3736 602 3813 melre,
630 3736 906 3813 geometricahaec
929 3735 1089 3810 imperandi
1112 3734 1204 3797 iorma
1227 3738 1295 3808 erit,
1326 3735 1379 3796 sed
1403 3735 1568 3812 perictdosa
1592 3745 1625 3799 st
1642 3737 1714 3797 bar·

358 3826 476 3885 monice
495 3827 645 3885 suscitate
667 3840 786 3899 mrenm
814 3820 954 3901 populus
971 3824 1049 3882 enirn
1077 3821 1191 3900 pollens
1212 3823 1414 3899 magnitudine
1442 3822 1561 3887 tandem
1584 3824 1713 3885 mensus

357 3910 542 3973 nobillimum
563 3912 784 3988 magistratibus
807 3921 837 3973 et
859 3911 1029 3983 bonoribus,
1052 3926 1152 3983 regem
1176 3912 1270 3987 ipsum
1301 3913 1423 3991 imperio
1447 3910 1632 3988 exspolisbit
1678 3912 1715 3977 Et

357 4001 494 4076 quemvis
517 4001 649 4076 argutiam
672 3998 833 4074 dietiapuet
854 3998 1021 4059 modestos
1043 3996 1158 4057 ordines
1183 3999 1213 4057 in
1233 3997 1332 4074 plures
1353 3998 1478 4074 gradus,
1501 3998 1663 4074 delinquat
1685 4006 1715 4059 et

356 4082 473 4160 meeie',
496 4089 521 4146 ei
544 4095 643 4147 temen
666 4090 771 4163 auique
794 4085 888 4147 ordini
911 4102 965 4147 sua
987 4083 1043 4144 soii
1066 4091 1230 4157 conservet,
1252 4093 1285 4145 ut
1300 4085 1413 4149 Romae
1427 4086 1592 4149 tribunatus
1614 4085 1712 4162 plebis

354 4176 449 4235 solius
472 4182 551 4248 erat,
582 4173 754 4235 oonerdatue
774 4175 963 4250 patriciorum
985 4179 1111 4245 tautum,
1141 4170 1345 4235 alienabuntur
1369 4174 1558 4239 abinvicem
1587 4173 1714 4243 ordines,

357 4279 412 4323 nec
433 4261 516 4323 deme
544 4265 618 4323 inter
637 4278 671 4322 se
693 4260 850 4323 mneordia
877 4262 908 4317 in
935 4277 1026 4321 unam
1053 4276 1157 4337 corpus
1187 4259 1363 4323 coalescent.
1408 4260 1485 4323 ilem
1514 4263 1615 4323 munia
1637 4261 1713 4323 iule-

356 4351 466 4411 riorum
486 4366 555 4411 eum
575 4352 641 4426 ipso
663 4348 767 4411 ordine
789 4354 1018 4419 contemnentur,
1043 4346 1119 4409 adeo
1143 4356 1176 4407 ut
1197 4346 1309 4411 uenae
1333 4348 1713 4424 tribunatumgarercpa-

355 4438 457 4498 trielue
478 4452 536 4496 non
559 4438 695 4515 potuerit,
718 4438 777 4495 nisi
798 4436 912 4510 ejurata
934 4433 1098 4506 nobilitate,
1123 4442 1151 4493 et
1174 4450 1240 4497 cum
1257 4437 1428 4501 extorsisset
1445 4435 1607 4512 aliquando
1630 4435 1712 4513 plebs

358 4524 559 4599 consulatum,
588 4531 687 4584 temen
719 4522 827 4603 plebeii
859 4521 992 4585 consules
1021 4523 1076 4598 ipsi
1106 4522 1193 4599 pauci
1222 4538 1342 4583 tremere
1374 4522 1490 4601 plebem
1514 4522 1619 4585 aanor
1642 4540 1713 4593 con·

353 4620 527 4673 minuerent.

445 4698 557 4759 Herum
571 4697 811 4775 ,disputationum
833 4696 931 4759 ideam
951 4695 1085 4757 Bodirm
1107 4697 1137 4755 iu
1160 4699 1288 4757 numeris
1310 4699 1462 4775 proponit,
1486 4706 1515 4759 et
1536 4700 1661 4774 primunr
1685 4699 1712 4759 in

356 4787 403 4847 iris
425 4789 461 4862 4,
492 4788 526 4862 o,
559 4788 588 4846 l.
634 4784 692 4845 Hic
715 4788 733 4844 4
756 4802 855 4864 regem
883 4790 1096 4860 repraesentat,
1128 4783 1371 4859 bnobilitatetu,
1402 4786 1535 4861 interque
1563 4784 1618 4844 boe
1648 4786 1725 4844 esee
