3940 5856
706 352 730 415 ὃ
754 400 886 462 LibarV
905 407 997 477 Caput
1012 406 1058 463 IV.
1520 414 1584 475 asp

313 587 432 649 Nullius
453 592 542 667 igitur
563 587 701 666 planare
723 570 810 647 ιιιιίιιι
841 587 998 701 intervalla
1026 576 1156 648 extrema
1185 585 1224 648 ad
1246 586 1415 648 harmonias
1437 586 1584 662 alludunt,

226 683 341 753 praeter
363 676 466 737 Martia
490 685 520 737 et
541 676 686 736 Mercurii
701 670 748 757 ²¹)

315 764 355 822 At
377 766 402 824 si
426 763 607 825 diversorum
629 763 814 842 planetarum
836 761 992 822 intervalla
1021 770 1152 822 extrema
1174 764 1248 823 inter
1270 780 1302 824 se
1325 778 1493 839 compares,
1521 762 1584 839 jam

227 848 367 925 affulgere
396 853 498 930 incipit
527 852 628 927 aliqua
655 851 706 910 lux
736 850 928 910 harmonicas.
973 849 1049 911 llam
1081 859 1211 909 exuema
1238 846 1258 929 b
1288 857 1319 911 et
1348 849 1585 927 ildirergentia

227 937 339 996 iaciunt
360 939 448 1016 paulo
470 940 538 1018 plus
561 957 650 1016 quam
673 938 825 1014 diapason,
849 940 1057 1014 connergentia
1071 937 1201 998 medium
1223 940 1418 1000 intersertas
1440 938 1582 1014 majorem
1618 1000 1622 1011 ,

228 1035 257 1084 et
278 1027 429 1086 minorem.
474 1027 524 1089 Sic
546 1033 676 1087 extrema
689 1027 730 1099 ’11
751 1031 782 1085 et
803 1023 1025 1102 &divergentia
1048 1025 1279 1102 complectuntur
1301 1026 1361 1085 lere
1383 1023 1581 1101 disdiapason,

228 1110 437 1190 couvergentia
456 1114 515 1175 iere
538 1114 675 1190 diapente
698 1128 764 1171 cum
786 1112 937 1189 diapason.
971 1111 1098 1172 Telluris
1120 1129 1190 1173 vero
1215 1123 1245 1172 et
1265 1121 1291 1181 0’
1313 1111 1494 1188 divergsntia
1516 1113 1583 1189 plus

228 1198 380 1277 aliquanto
419 1208 487 1261 sunt
515 1200 668 1279 complexa
702 1216 791 1276 quam
825 1208 938 1259 sextam
968 1202 1126 1275 majorem,
1162 1201 1370 1276 convergentia
1402 1199 1583 1259 diatessaron
1685 1242 1688 1249 .

228 1287 391 1349 abundans.
436 1289 470 1348 Iu
499 1290 634 1365 sequenti
663 1280 770 1365 copula
798 1286 925 1347 Telluris
955 1295 985 1346 et
1008 1282 1034 1366 ῼ
1058 1305 1171 1346 rursum
1205 1292 1280 1347 inter
1308 1289 1516 1363 convergentia
1539 1297 1584 1348 est

141 1389 144 1393 ·
229 1374 307 1434 idem
329 1375 511 1437 diatessaron
534 1375 703 1447 abundans,
738 1382 770 1434 at
801 1377 876 1434 inter
905 1375 1087 1450 divergentia
1116 1374 1299 1435 destituimur
1321 1375 1490 1434 harmonica
1512 1392 1583 1451 pro-

229 1464 377 1538 portione:
407 1467 502 1524 minor
533 1467 610 1524 enim
637 1473 682 1523 est
711 1480 798 1538 quam
832 1462 1053 1539 hemidiapason
1083 1458 1124 1544 (si
1154 1465 1197 1521 ita
1218 1461 1287 1522 licet
1308 1458 1425 1543 loqui),
1454 1462 1510 1520 hoc
1540 1471 1584 1521 est

228 1551 323 1609 minor
344 1568 433 1627 quam
455 1550 628 1628 semidupla.
652 1550 787 1627 Denique
811 1550 885 1609 inter
908 1545 934 1629 ῼ
957 1558 987 1610 et
1010 1543 1036 1630 Q
1060 1548 1241 1624 divergentia
1262 1548 1352 1628 paulo
1375 1551 1470 1608 minus
1493 1551 1584 1610 inter·

229 1646 275 1696 eat
296 1642 459 1716 composita
481 1656 518 1698 ex
540 1637 683 1716 diapason
712 1644 743 1697 et
772 1639 859 1698 tertia
880 1639 1011 1712 minore3
1043 1639 1117 1697 inter
1144 1640 1352 1715 eonvergentia
1379 1646 1425 1697 eat
1446 1637 1583 1715 dimrente

229 1723 392 1801 abundans,
415 1725 505 1803 paulo
527 1725 604 1803 plus.

314 1813 377 1872 Etsi
400 1815 489 1890 igitur
503 1831 592 1872 unum
615 1809 800 1871 intervallum
824 1809 913 1887 paulo
936 1810 1052 1886 longius
1069 1811 1131 1869 abit
1147 1812 1184 1869 ab
1199 1811 1385 1881 harmonicis,
1408 1812 1463 1870 luit
1485 1818 1582 1872 tamen

228 1897 276 1957 hic
297 1916 450 1961 successus
472 1903 696 1960 invitamentum
719 1899 755 1959 ad
778 1897 1023 1976 progrediendum
1038 1897 1169 1957 ulterius.
1192 1899 1284 1958 Erant
1299 1907 1397 1958 autem
1420 1899 1476 1958 hae
1499 1916 1582 1959 meae

227 1990 477 2049 ratiocinationes.
521 1988 652 2048 Primum
684 1985 839 2046 intervalla
868 1986 956 2060 haec,
987 1988 1017 2043 in
1041 1993 1181 2061 quantum
1204 1992 1286 2044 sunt
1294 1986 1493 2062 longitudines
1516 1989 1601 2046 sine.

228 2082 326 2148 motu,
360 2093 418 2135 non
441 2083 509 2153 apte
531 2075 569 2134 ad
600 2075 771 2136 harmonica
793 2075 1008 2145 examinantur,
1041 2075 1112 2149 quia
1142 2073 1301 2133 harmoniis
1323 2076 1418 2150 magis
1440 2073 1601 2133 familiare

228 2161 392 2237 subjectum
416 2173 460 2223 est
482 2172 594 2238 motus,
624 2180 714 2245 causa
743 2160 899 2221 celeritatis
931 2170 961 2220 et
991 2160 1149 2219 tarditatis
1190 2161 1305 2221 Deinde
1337 2163 1366 2220 ia
1401 2161 1521 2236 iisdem,
1552 2163 1582 2219 iu

229 2258 370 2324 quantum
393 2261 462 2310 sunt
485 2250 618 2311 diametri
642 2250 764 2323 orbium,
789 2247 927 2308 credibile
950 2256 995 2308 est
1020 2250 1164 2325 potiorem
1196 2265 1261 2309 esse
1283 2248 1416 2308 habitam
1437 2250 1583 2308 rationem

159 2356 162 2365 ¹
229 2352 383 2414 corporum
405 2339 582 2416 regularium
606 2339 736 2415 quinque
758 2353 794 2394 ex
810 2334 964 2413 analogia,
989 2337 1060 2412 quia
1082 2353 1158 2412 quae
1181 2338 1255 2395 ratio
1272 2344 1317 2396 eat
1332 2352 1486 2419 corporum
1508 2353 1583 2413 geo·

228 2427 413 2485 metricorum
436 2425 597 2484 solidorum
620 2424 658 2483 ad
681 2421 824 2483 coelestes
847 2423 941 2496 orbes,
965 2423 1155 2500 undiquaque
1170 2423 1219 2482 vel
1234 2422 1351 2484 clausos
1372 2423 1493 2485 coelesti
1517 2442 1583 2483 ma-

229 2513 317 2587 teria,
352 2523 384 2572 ut
407 2512 471 2572 vult
493 2514 666 2587 antiquitas,
692 2511 742 2570 vel
772 2509 951 2571 claudendos
981 2513 1147 2570 successive
1174 2511 1364 2588 plurimarum
1395 2514 1583 2589 gyrationem

229 2598 496 2675 agglomeratione,
525 2601 627 2659 eadem
651 2606 696 2658 est
719 2605 749 2656 et
770 2597 924 2675 planarum
946 2598 1112 2674 figurarum,
1137 2598 1245 2658 circulo
1268 2598 1471 2676 inscriptilium
1495 2598 1583 2679 (quae

230 2685 339 2761 figurae
362 2688 530 2753 harmonias
553 2680 703 2766 gignunt),
726 2684 764 2744 ud
787 2683 910 2744 circulos
926 2686 1068 2745 coelestes
1090 2695 1222 2745 motuum
1246 2695 1401 2763 ceteraque
1424 2689 1529 2764 spatia,
1552 2689 1581 2744 in

229 2774 338 2849 quibua
359 2773 434 2832 liunt
457 2782 563 2834 motus.
591 2774 678 2850 -Ergo
702 2775 727 2831 si
751 2775 919 2848 quaerimus
932 2771 1109 2849 hannoniae,
1132 2789 1309 2849 quaeramus
1331 2791 1381 2833 eas
1404 2789 1461 2831 uon
1485 2776 1514 2830 in
1537 2773 1604 2831 his*

228 2859 417 2934 intervallis,
438 2869 472 2919 ιιι
494 2869 563 2920 sunt
584 2860 792 2922 semidiametri
815 2860 943 2933 orbium,
971 2860 1023 2919 sed
1046 2863 1076 2919 in
1099 2859 1175 2934 illia,
1195 2868 1228 2919 ιιι
1250 2869 1319 2920 sunt
1340 2877 1494 2920 mensurae
1517 2876 1582 2919 mo-

229 2955 320 3022 tuum,
344 2948 401 3007 hoc
424 2956 470 3008 est
491 2950 521 3006 in
543 2950 616 3025 ipsis
638 2950 737 3027 potius
759 2947 897 3007 motibus.
943 2946 1021 3006 Sane
1043 2947 1200 3007 intervalla
1221 2964 1280 3007 non
1303 2949 1362 3008 alia
1383 2955 1508 3025 possunt
1530 2966 1582 3007 ac-

228 3036 285 3113 cipi
315 3053 369 3111 pro
398 3034 622 3096 semidiametris
650 3035 779 3109 orbium,
810 3051 898 3110 quam
926 3033 1099 3109 mediocria,
1133 3051 1188 3094 nos
1209 3052 1281 3094 vero
1309 3035 1359 3094 hic
1386 3034 1424 3095 de
1447 3038 1582 3095 extremis

228 3124 343 3199 agimus
366 3113 539 3182 intervallis.
583 3122 649 3183 Non
673 3124 788 3199 agimus
810 3123 899 3198 igitur
920 3122 958 3182 de
979 3121 1143 3181 intervallis
1158 3128 1293 3200 respectu
1316 3139 1435 3182 suorum
1458 3124 1581 3197 orbium,
1599 3136 1606 3169 z

228 3202 287 3269 scd'
302 3219 439 3287 respectu
460 3219 601 3271 motuum¹
1600 3202 1606 3221 '

314 3296 370 3357 His
393 3300 482 3375 igitur
504 3297 541 3358 de
563 3298 661 3357 causis
685 3313 749 3355 cum
773 3294 810 3354 ad
833 3302 965 3354 motuum
988 3303 1181 3357 extremorum
1205 3299 1453 3376 comparationem
1474 3297 1583 3355 trausi-

227 3385 355 3459 nissam,
389 3387 513 3461 primum
537 3392 708 3443 manserunt
728 3382 930 3459 magnitudine
953 3383 1075 3444 eaedem
1096 3393 1229 3445 motuum
1252 3387 1472 3465 proportiones,
1506 3400 1582 3460 quae
1688 3452 1690 3463 ,

227 3473 309 3548 prius
331 3478 414 3532 erant
436 3471 675 3542 intervallorum,
700 3469 902 3530 tantummodo
926 3487 1064 3547 eversae3
1095 3490 1185 3549 quare
1208 3472 1296 3533 etiam
1320 3475 1394 3531 inter
1415 3481 1513 3531 motus
1535 3474 1582 3528 in·

227 3566 335 3618 ventae
351 3567 420 3618 sunt
434 3562 637 3636 proportiones
652 3557 779 3635 aliquae,
802 3566 834 3617 nt
849 3559 938 3634 prius,
961 3561 1153 3620 inconcinnae
1176 3570 1206 3619 et
1221 3562 1259 3620 ah
1282 3561 1440 3620 harmoniis
1457 3559 1582 3619 alienae.

226 3644 263 3704 Id
286 3663 356 3706 vero
379 3664 492 3706 rursum
516 3654 597 3706 ratus
620 3663 685 3706 sum
707 3648 810 3705 merito
841 3645 912 3704 mihi
935 3649 1067 3722 evenire,
1102 3649 1211 3724 quippe
1239 3650 1289 3725 qui
1320 3664 1486 3725 comparem
1509 3648 1584 3705 inter

227 3749 260 3792 ac
282 3750 367 3794 arcus
389 3736 552 3813 ecccntrici‚
574 3736 626 3810 qui
649 3750 744 3810 neque
766 3735 825 3792 sint
846 3736 975 3810 expressi
998 3742 1027 3794 et
1049 3738 1191 3795 numerati
1214 3752 1351 3796 mensura
1373 3732 1583 3812 magnitudinis

228 3820 376 3896 ejusdcm,
404 3820 457 3882 sed
479 3829 666 3881 numerentur
687 3819 827 3898 gradibus
849 3828 879 3881 et
902 3823 1036 3896 minutis,
1068 3839 1144 3897 quae
1167 3833 1235 3883 sunt
1257 3825 1286 3881 in
1309 3823 1436 3899 planetis
1460 3822 1584 3880 diversis

227 3908 438 3984 magnitudinis
461 3907 604 3982 diversae,
627 3925 723 3984 neque
737 3910 827 3967 etiam
841 3908 952 3967 iaciant
966 3911 1167 3985 apparentiam
1189 3911 1274 3970 ullibi
1297 3917 1418 3985 tantam,
1442 3917 1583 3986 qnantum

229 3994 299 4054 dicit
322 4013 459 4057 numerus
481 3997 634 4073 cujusque,
657 3998 715 4054 nisi
736 4002 850 4055 tentum
872 3998 902 4053 in
925 4005 1024 4056 centro
1048 4000 1200 4057 ecceutrici
1223 4000 1374 4075 cujusque,
1398 3997 1477 4075 quod
1500 3994 1583 4053 nullo

228 4098 348 4158 corpore
371 4092 417 4142 est
438 4083 597 4157 suffultum,
622 4101 657 4143 ac
679 4083 800 4159 proinde
824 4085 912 4143 etiam
935 4082 1105 4144 incredibile
1128 4092 1182 4160 est,
1206 4103 1322 4145 sensum
1345 4085 1393 4145 vel
1416 4086 1583 4144 instinctum

227 4169 393 4230 naturalem
414 4172 443 4228 in
467 4170 519 4230 illo
539 4170 641 4230 mundi
664 4170 731 4230 loco
754 4169 846 4229 ullum
869 4187 950 4246 esse,
973 4173 1162 4248 apparentiae
1185 4172 1272 4249 hujus
1295 4190 1448 4249 capacem,
1472 4174 1530 4229 imo
1555 4177 1584 4229 et

228 4257 426 4335 impossibile,
461 4259 606 4334 siquidem
638 4259 844 4334 comparabam
872 4258 1053 4319 diversorum
1085 4259 1269 4337 planetarum
1298 4278 1382 4319 arcus
1406 4260 1583 4319 ecccntricoa

229 4362 320 4405 causa
341 4362 412 4405 suae
435 4347 626 4424 apparentiae
648 4347 678 4402 in
702 4349 808 4405 centris
831 4347 901 4419 auis,
926 4352 1002 4423 quae
1025 4346 1135 4407 diversi
1157 4347 1291 4408 obtinent
1306 4347 1439 4422 diversa3
1462 4360 1585 4424 compa-

228 4440 311 4491 ratae
333 4449 404 4493 vero
427 4432 602 4494 diversaea
623 4440 759 4510 parentes
791 4432 1007 4509 magnitudines
1029 4436 1139 4494 inuno
1162 4435 1309 4497 debebant
1329 4434 1430 4494 mundi
1453 4433 1519 4493 loco
1541 4430 1611 4507 sic?
1635 4496 1639 4499 ,

229 4532 379 4597 apparere,
403 4529 437 4580 ιιι
458 4521 504 4596 id,
528 4452 621 4598 (lump
629 4520 799 4580 facultatem
822 4519 911 4580 habet
933 4521 1121 4599 comparandi
1144 4522 1210 4595 illa,
1234 4524 1324 4581 sitin
1348 4506 1399 4580 illo
1423 4520 1584 4581 communis

229 4610 421 4684 apparentiae
442 4608 512 4668 loco
533 4626 682 4686 praesens
726 4607 789 4671 Aut
810 4610 900 4685 igitur
921 4608 1128 4670 removendam
1151 4626 1187 4669 ex
1210 4612 1308 4670 animo
1324 4612 1423 4670 censui
1438 4623 1584 4686 apparen-

229 4696 302 4754 tiam
324 4695 429 4755 horum
452 4713 571 4756 mcuum
594 4697 828 4772 ecceutricorum,
852 4703 905 4756 aut
919 4696 1004 4756 aliter
1018 4674 1238 4758 informandam
1277 4696 1391 4774 Quodsi
1404 4711 1584 4756 removerem

230 4786 435 4859 apparentiam
457 4790 487 4844 et
508 4790 634 4844 mentem
664 4783 703 4843 ad
729 4785 796 4863 ipsa
817 4784 922 4844 diuma
949 4784 1133 4860 planetarum
1160 4786 1266 4859 itinera
1294 4783 1489 4859 attenderem,
1521 4780 1584 4842 ridi
1620 4780 1623 4787 “

209 4868 371 4937 ,utendum
395 4888 460 4932 osse
481 4878 638 4950 praecepto
661 4869 722 4948 illo,
745 4871 825 4950 quod
846 4872 990 4948 superiori
1012 4874 1108 4952 capite
1129 4888 1250 4934 numero
1266 4876 1295 4935 9.
1316 4871 1434 4934 tradidi.
1478 4870 1584 4931 Multi-
