3882 5862
703 362 786 419 Liber
801 362 850 420 Ill.
871 363 960 432 capnt
977 360 1050 417 xm.
1489 369 1552 430 385

287 537 361 613 llaec
388 538 424 592 ad
440 535 624 592 Ptolemaicae
650 535 841 606 philosophiae
867 536 943 591 filum
970 536 1082 603 educta,
1110 541 1247 605 uteunque
1269 535 1393 604 jucunda
1416 544 1445 591 et
1461 536 1555 594 forsan

201 615 281 669 etiam
309 616 382 672 utilis
408 619 436 671 iu
463 617 611 685 astrologia
638 616 833 685 consideratio,
859 617 926 671 nihil
943 624 1034 671 mmen
1059 615 1188 671 attineret
1205 615 1447 673 conformationem
1465 617 1553 687 ipsine

201 693 337 823 luniversi,
365 694 414 749 sed
441 694 638 764 intelligeretur
663 701 770 750 mutum
796 695 998 765 comparatione
1023 695 1133 785 zodiaci
1156 695 1314 765 apparentis
1338 703 1366 751 et
1385 711 1475 753 rerum
1492 696 1555 751 snb·

214 788 344 827 ananum.
411 816 415 829 ,
1480 776 1484 793 '

288 868 361 922 Note
378 868 428 923 ΠΙ.
463 869 567 938 Negat,
595 869 756 925 transitione
783 873 817 927 de
843 878 910 926 tono
937 872 966 926 iu
988 878 1083 927 tonum
1108 870 1218 926 nausiri
1235 870 1270 927 de
1295 885 1395 938 genere
1412 872 1441 926 in
1459 886 1556 939 genus.

202 947 271 1000 Mihi
289 954 385 1002 cantus
403 948 456 1002 ista
475 964 575 1018 genera
593 955 658 1002 sunt
676 946 843 1006 differentiae
861 958 1002 1020 tonorum,
1021 951 1114 1018 itaque
1132 949 1197 1003 mihi
1215 950 1349 1005 interdum
1368 950 1481 1006 mutatio
1499 952 1558 1007 toni

203 1032 291 1080 mutat
309 1043 404 1097 genus,
423 1035 453 1082 ut
471 1044 554 1097 snpra
571 1029 708 1083 annotavi.

289 1122 363 1176 Nota
380 1121 426 1177 IV.
464 1121 543 1189 Quod
560 1130 654 1191 negat,
681 1126 786 1195 percipi
804 1127 961 1182 sensibilem
986 1127 1208 1197 inaequalitatem
1233 1141 1359 1181 cursuum
1384 1131 1497 1194 propter
1514 1140 1557 1179 se·

204 1199 341 1255 cessiones
358 1200 386 1254 in
404 1197 501 1263 latum,
518 1201 547 1255 id
566 1201 701 1270 duplicem
717 1212 810 1273 potest
827 1206 929 1262 hahere
947 1222 1065 1262 sensnm.
1102 1206 1181 1259 Prior
1198 1205 1242 1259 hic
1260 1212 1317 1271 est,
1337 1203 1411 1258 verbi
1429 1218 1512 1257 causa
1529 1203 1558 1257 in

203 1279 295 1343 Luna,
314 1280 392 1348 cujus
411 1280 535 1350 evagatio
553 1282 580 1335 in
598 1283 684 1337 latum
700 1290 742 1338 est
760 1285 810 1353 5⁰3
839 1292 952 1355 propter
969 1286 1042 1341 hanc
1059 1285 1104 1355 fia,
1132 1289 1164 1337 at
1181 1282 1263 1339 certis
1282 1281 1349 1337 locis
1366 1281 1445 1337 locus
1463 1281 1557 1336 Lunae

204 1359 236 1412 7‘
252 1360 280 1414 in
299 1359 424 1429 ecliptica
450 1362 486 1416 sit
512 1360 663 1431 promotior
688 1363 730 1416 vel
756 1364 882 1419 anterior.
919 1366 971 1420 Hic
990 1380 1045 1420 non
1063 1372 1106 1418 est
1123 1369 1204 1431 aptns
1217 1361 1281 1416 hnic
1299 1361 1360 1415 loeo
1380 1374 1485 1429 seusus,
1503 1375 1558 1413 non

204 1438 261 1505 agit
277 1454 374 1508 nempe
392 1441 437 1496 hic
455 1442 489 1497 de
507 1448 580 1497 motu
600 1441 751 1497 latitudinis
770 1443 937 1511 singulorum
956 1444 1077 1513 proprio,
1096 1443 1145 1497 sed
1164 1442 1198 1496 de
1218 1440 1368 1496 deflexione
1387 1438 1505 1493 omnium
1524 1437 1558 1492 ab

205 1519 362 1589 aequatura,
382 1528 410 1575 et
428 1537 524 1577 sensus
543 1529 585 1579 est
602 1522 702 1591 verior,
730 1523 802 1578 inter
819 1524 900 1579 nnius
919 1523 1046 1594 planetae
1064 1520 1179 1578 circulos
1197 1518 1346 1590 parallelos
1364 1519 1478 1574 duorum
1496 1533 1558 1586 pro-

205 1596 346 1668 ximorum,
366 1617 436 1669 quos
453 1601 557 1658 habent
572 1601 613 1656 illi
630 1603 658 1655 in
676 1602 763 1670 primo
781 1610 871 1671 motu,
889 1618 944 1657 non
962 1615 1024 1658 esse
1042 1615 1126 1657 sensu
1143 1597 1348 1668 perceptibilem
1365 1595 1558 1651 diversitatem.

291 1694 365 1751 Nota
382 1697 414 1752 V.
450 1698 625 1753 Ptolemaeus
642 1715 678 1752 ne
695 1699 834 1755 andiacum
857 1699 966 1767 quidem
989 1699 1036 1754 hic
1053 1699 1187 1765 intuetur,
1215 1692 1288 1765 qnod
1313 1699 1405 1747 mmen
1423 1698 1451 1746 et
1468 1691 1558 1761 ipsum

206 1771 284 1826 vilius
304 1770 453 1842 essetsed
471 1776 523 1831 hoc
541 1776 622 1831 eham
640 1778 730 1846 eapite
748 1778 783 1833 ad
801 1784 906 1832 motum
923 1779 1040 1847 primum
1058 1776 1130 1832 redit
1147 1772 1327 1841 adsciscitque
1344 1769 1513 1859 horizontem
1531 1777 1560 1827 et

205 1850 284 1917 polos
303 1853 404 1923 mundi,
424 1856 601 1924 conspicuum
620 1857 729 1925 quidem
747 1859 900 1921 attribuens
919 1858 992 1914 tonis
1010 1855 1108 1923 acutis,
1126 1854 1161 1909 ad
1180 1866 1301 1906 normam
1319 1848 1417 1919 eapitis
1438 1850 1478 1913 10,
1496 1866 1558 1918 gra·

207 1928 284 1985 vibus
303 1931 388 1985 latera
405 1933 461 2001 poli
479 1935 648 2004 inconspieui
665 1944 693 1991 et
711 1939 763 1993 sub
780 1937 948 1992 horizontem
967 1934 1099 2002 demersi;
1118 1930 1264 2000 cumquei
1283 1935 1363 1983 tonos
1380 1926 1514 1982 invenerit
1531 1927 1560 1982 in

117 2078 123 2089 ,
207 2006 259 2061 hoa
277 2025 376 2079 opere,
404 2014 420 2066 7
437 2012 471 2067 iis
489 2012 637 2082 parallelos
654 2030 704 2084 per
720 2013 797 2069 initia
815 2014 953 2084 signorum
972 2014 1069 2070 ductos
1088 2009 1274 2066 accommodat
1291 2026 1346 2063 nou
1364 2007 1447 2077 paulo
1465 2007 1560 2077 pulch·

207 2087 271 2141 riori
289 2106 430 2161 successu,
459 2107 539 2160 qnam
557 2093 633 2162 prius
651 2102 706 2149 tres
724 2094 927 2149 intervallorum
945 2092 1052 2164 species
1074 2092 1162 2147 tribus
1181 2096 1276 2145 cantus
1294 2088 1446 2158 generibus.
1484 2087 1561 2157 Quae

208 2166 297 2221 omnia
316 2168 354 2224 sic
372 2186 422 2238 ego
441 2172 583 2245 praedico,
611 2178 642 2227 ut
659 2171 721 2244 plns
740 2173 803 2229 inde
822 2172 944 2230 videatur
961 2170 1091 2227 accedere
1108 2168 1259 2224 nobilitatis
1277 2164 1385 2235 ingenio
1403 2164 1561 2236 Ptolemaei,

208 2242 276 2298 haec
293 2252 349 2300 tam
367 2257 431 2318 apte
448 2250 675 2307 comminiscentis
694 2259 722 2306 et
741 2268 774 2306 ea
793 2267 839 2323 eo,
868 2251 942 2321 quod
960 2251 1027 2306 nihil
1046 2255 1105 2320 est,
1123 2246 1226 2317 aliquid
1244 2244 1396 2315 efficientis,
1415 2259 1496 2313 quam
1515 2260 1561 2298 ua

209 2330 286 2378 turae
304 2326 387 2393 coeli,
415 2330 459 2384 cui
477 2330 545 2385 haec
563 2339 636 2386 certe
655 2331 831 2401 congruentia
851 2339 893 2385 est
910 2329 1032 2385 fortuita.
1068 2329 1191 2398 Apparet
1210 2341 1276 2380 sane
1294 2340 1328 2378 ex
1347 2323 1470 2379 omnibus
1489 2341 1561 2380 com-

208 2403 409 2477 parationibus,
427 2408 584 2465 Ptolemaeo
602 2408 738 2480 placuisse
757 2410 1072 2479 nnmeroaubieunqne
1090 2405 1200 2461 eosdem
1218 2404 1345 2472 utrinque
1362 2403 1453 2471 potnit
1471 2409 1561 2458 osten·

209 2477 280 2534 dere.
315 2483 352 2537 At
368 2485 489 2541 absurda
514 2496 558 2541 est
581 2504 753 2543 numerorum
775 2489 804 2544 iu
822 2489 1019 2558 quantitatibus
1044 2485 1225 2555 comparatio,
1253 2484 1277 2537 si
1295 2481 1429 2537 unitatum
1446 2496 1503 2537 nou
1520 2484 1563 2534 eat
1644 2510 1648 2517 ·

195 2559 304 2641 ‘endem
323 2564 467 2634 utrobique
485 2566 568 2635 rado,
596 2570 691 2633 eadem
709 2568 855 2624 distinctio.
891 2570 953 2623 Jam
978 2584 1042 2623 vero
1067 2564 1237 2634 septenarius
1260 2569 1388 2617 tonorum
1406 2560 1527 2618 oritura
1545 2563 1562 2617 7

210 2641 347 2696 consuetis
365 2636 514 2700 intervallis
534 2646 614 2701 nnius
634 2654 759 2717 octavae,
778 2656 807 2702 at
825 2647 995 2716 septenarius
1013 2643 1204 2715 parallelorum
1222 2642 1343 2696 oritura
1361 2639 1395 2694 12
1413 2639 1498 2708 signis
1516 2654 1561 2695 ao·

210 2717 278 2773 diaci
296 2729 392 2789 estque
410 2732 547 2792 potestate
565 2727 747 2783 duodenarius
766 2726 865 2795 potius.
901 2725 1055 2792 Praeterea,
1075 2722 1140 2792 quid
1158 2720 1247 2778 simile
1264 2726 1308 2775 est
1325 2716 1425 2786 speciei
1437 2718 1509 2787 ‘toni
1527 2733 1562 2773 ex

209 2796 290 2853 variis
308 2797 455 2857 intervallis
474 2803 567 2860 ordine
585 2813 661 2860 certo
688 2804 920 2874 compositiciam
939 2804 1071 2873 parallelo
1100 2801 1169 2857 coeli
1194 2797 1409 2869 simplicissimo,
1437 2802 1487 2851 ant
1504 2796 1563 2849 toni

210 2873 345 2930 altitudini
365 2895 425 2934 cum
443 2881 584 2939 altitudine
603 2886 726 2954 paralleli
744 2885 852 2954 generis
871 2883 1054 2950 diversissimi,
1074 2889 1102 2937 et
1119 2881 1237 2951 positiva
1253 2884 1359 2932 tantum
1377 2882 1406 2929 et
1423 2890 1486 2929 cum
1502 2873 1563 2943 ipsa

210 2952 329 3010 locorum
348 2960 478 3017 varietate
496 2965 588 3019 varia?
624 2967 696 3019 Dato
709 2970 792 3029 vero,
818 2960 891 3031 quod
909 2956 978 3015 ratio
997 2958 1240 3031 comparandorum
1259 2955 1387 3024 utrinque
1405 2952 1440 3008 sit
1454 2952 1562 3033 faedam,

138 3050 145 3057 ·
211 3032 235 3085 si
253 3040 342 3089 tamen
361 3038 388 3091 id
408 3048 450 3096 est
468 3041 536 3096 citra
553 3059 652 3100 causae
672 3052 699 3098 et
717 3042 830 3097 effectus
848 3040 1058 3109 connexionem,
1084 3047 1116 3094 nt
1134 3045 1207 3093 certe
1226 3043 1269 3092 est
1285 3036 1338 3090 hoc
1355 3033 1431 3100 loco,
1454 3048 1563 3102 compa·

210 3114 280 3168 ratio
298 3116 379 3183 vulgo
398 3119 489 3186 potins
507 3123 682 3177 accomodata
701 3128 743 3175 est
761 3119 934 3174 fortuitorum
952 3117 1095 3186 captatori,
1114 3132 1194 3185 quam
1212 3112 1386 3186 philosopho.

298 3195 393 3265 Longe
412 3213 462 3265 ego
481 3201 705 3267 praestantiorem
716 3200 823 3254 invenio
835 3188 961 3252 tonorum
974 3196 1177 3266 expressionem
1196 3211 1245 3250 sen
1257 3190 1433 3257 imitationem
1449 3187 1478 3243 in
1495 3190 1563 3259 ipsis

211 3269 379 3338 planetarum
398 3279 569 3346 superiorum
587 3279 668 3333 trium
686 3278 805 3333 motibus
831 3277 962 3347 propriis,
990 3277 1058 3331 atii
1076 3292 1111 3330 ex
1130 3274 1193 3331 Sole
1220 3276 1366 3341 apparent,
1394 3266 1441 3322 ubi
1467 3282 1563 3336 graves
1641 3326 1646 3337 ,

212 3349 269 3403 toni
287 3351 321 3404 ab
339 3351 490 3421 hypodorio
508 3373 558 3426 per
576 3357 763 3411 Saturniornm
782 3365 903 3412 motuum
920 3353 1093 3412 intervallum
1112 3352 1299 3410 harmonicum
1316 3355 1345 3403 et
1362 3362 1412 3417 per
1430 3346 1564 3402 concinna

211 3428 400 3486 intercidentia
417 3440 613 3501 monstrantur,
633 3435 725 3491 dorius
745 3443 773 3490 et
793 3436 1001 3490 circumstantes
1019 3449 1069 3504 per
1087 3433 1190 3501 Jorios,
1208 3427 1373 3498 mixolydius
1392 3425 1564 3480 acndssimue

213 3508 353 3563 aMartiis
370 3511 496 3567 motibus,
531 3515 602 3569 Nam
620 3515 643 3568 si
663 3513 771 3569 Saturni
789 3519 879 3568 motus
897 3512 1023 3582 aphelius
1047 3510 1112 3567 facit
1128 3511 1208 3567 basin
1231 3504 1385 3578 systematis
1404 3503 1564 3559 aniversalis
1647 3574 1649 3579 y

213 3596 241 3643 et
258 3589 341 3643 imum
359 3588 490 3659 diapason
509 3593 626 3647 sonitum
646 3593 935 3662 repraesentatione
953 3598 1042 3645 motus
1062 3590 1187 3660 aphelins
1200 3606 1217 3644 a
1228 3602 1296 3643 sono
1313 3604 1339 3658 ρ,
1358 3583 1456 3639 Martis
1468 3598 1484 3637 8
1496 3598 1564 3638 8⁰⁰0

211 3669 232 3736 f,
251 3676 363 3724 octavae
381 3685 518 3741 supremo,
539 3674 685 3741 consurgit.
722 3674 817 3742 ltaque
835 3672 1024 3741 Ptolemaeus,
1044 3671 1166 3741 allegans
1184 3676 1288 3724 motum
1306 3665 1435 3736 primum,
1452 3662 1565 3717 i0ffl00·

212 3745 298 3799 larum
316 3748 503 3818 phantasiam,
531 3752 699 3808 Terrestrem
726 3753 813 3809 solam
841 3751 925 3808 tradit
942 3750 1086 3817 musicam,
1114 3766 1165 3821 ego
1183 3747 1317 3804 Solarem:
1344 3742 1391 3796 ille
1409 3739 1565 3796 necessitati
1638 3751 1648 3761 ·

213 3826 405 3892 quantitativae
423 3831 569 3886 continuae
586 3833 753 3900 immersam,
781 3848 831 3901 ego
849 3836 1023 3901 procuratam
1041 3847 1059 3884 a
1076 3835 1197 3885 creatore
1216 3833 1244 3881 et
1261 3822 1434 3879 distinctione
1456 3834 1565 3890 separa·

213 3906 342 3974 tioueque
360 3910 513 3965 omnimoda
530 3911 558 3964 in
575 3909 637 3967 lnce
654 3911 779 3967 locatam.
816 3910 885 3965 Vide
902 3909 955 3963 mei
970 3908 1032 3963 libri
1050 3909 1082 3973 V„
1101 3922 1161 3976 cap.
1180 3908 1205 3961 li.

770 4133 911 4205 CAPUT
939 4131 1019 4203 xiii.

233 4278 279 4331 De
297 4279 531 4352 proportione,
551 4295 644 4350 quam
661 4279 790 4336 habent
806 4280 895 4404 intest
913 4291 947 4401 sle
965 4274 1186 4416 ift¹³⁰h⁰rd⁸
1203 4280 1237 4328 et
1254 4269 1549 4341 configurationes

783 4365 854 4406 cum
901 4364 999 4403 oe.
1059 4398 1064 4408 ,

304 4491 436 4553 Residua
458 4493 610 4572 dispositio
633 4493 884 4556 tetramordorum
907 4500 936 4552 et
960 4500 1093 4551 tonorum
1117 4492 1146 4547 iu
1168 4494 1328 4566 systemate
1342 4485 1471 4564 perlecto
1493 4484 1568 4543 resi-

220 4577 294 4638 duae
317 4598 435 4657 quoque
459 4583 642 4659 dispositioni
666 4583 929 4659 configurationum
952 4597 1017 4640 cunr
1032 4578 1101 4638 Sole
1124 4575 1226 4636 similis
1250 4574 1403 4652 apparebit
1416 4569 1459 4653 ¹¹)
1490 4570 1567 4631 Nam
1665 4636 1666 4639 Ἴ

219 4669 280 4725 toni
304 4667 472 4743 disjunctivi
496 4670 639 4744 quadrant
661 4669 699 4730 ad
722 4673 795 4729 situs
817 4669 945 4729 siderum
967 4670 1005 4726 ab
1029 4663 1276 4725 occultationibns
1297 4679 1389 4738 usque
1411 4661 1450 4721 ad
1471 4676 1567 4736 appa·
1597 4698 1599 4703 -

219 4754 339 4814 ritioues
353 4752 416 4835 ¹¹¹),
449 4766 481 4815 at
513 4759 597 4831 soni,
632 4761 683 4834 qui
711 4765 886 4820 connectunt
918 4754 992 4815 duas
1016 4749 1264 4814 tetrachordorum
1287 4748 1424 4829 copulas,
1455 4745 1568 4809 scilicet

272 4864 367 4916 septen
380 4865 455 4917 open
467 4865 495 4907 v.
1326 4892 1331 4901 ·
1369 4854 1409 4914 25
