3792 5860
367 370 428 431 rra
810 365 853 421 oo
871 364 1032 433 mgnum
1048 364 1272 422 sumum
1382 328 1390 338 ’

362 554 398 596 ne
421 539 462 594 sic
483 538 592 610 quidem
613 539 782 595 continuatio
807 540 928 596 succedit
954 541 982 597 in
1005 539 1152 613 infinitum3
1177 546 1221 597 est
1246 541 1317 597 enim
1335 539 1500 597 insociabile
1524 541 1608 611 huius
1626 549 1716 599 sectae

363 635 485 689 regnum,
514 635 584 690 quae
601 619 697 688 paucis
716 634 828 675 suorum
846 621 958 677 adscitis
976 620 1068 677 statim
1086 637 1116 677 se
1133 623 1228 677 munit.
1265 623 1338 677 Ecca
1355 621 1456 676 formas
1480 620 1531 677 hus
1549 620 1617 676 duas
1636 622 1717 675 ctiam

364 699 450 769 aliter,
468 699 548 755 litera
565 699 614 753 ha
652 696 755 765 Quodsi
774 699 933 755 continuare
952 699 1060 755 omnino
1077 700 1154 769 selis,
1172 707 1294 756 monstra
1306 700 1439 771 quaedam
1457 699 1716 772 suntadscisceuda‚

366 780 420 836 duo
438 778 568 848 decagoni
585 777 657 832 inter
674 791 704 832 se
722 779 867 847 commissi,
886 780 993 836 extritis
1010 780 1038 834 iu
1057 786 1174 849 auoque
1191 777 1262 834 binis
1274 778 1420 845 lateribus,
1438 778 1523 847 fitque
1536 779 1620 832 series
1632 786 1717 833 strno-

363 863 442 912 turae
473 855 676 928 quinquangula
699 856 780 911 etiam
803 858 832 913 in
849 858 955 915 infinita
973 858 1186 929 continuatione,
1214 858 1253 914 sic
1272 865 1303 914 ut
1328 859 1357 913 in
1373 857 1462 928 prima
1479 864 1507 912 et
1529 857 1720 926 angustissima

371 935 596 1007 quinquangulum
622 936 692 991 serie
714 936 769 991 siut
794 937 926 1007 decagoni
951 941 1083 1009 quinque,
1108 938 1212 993 nullum
1230 944 1380 992 monstrum
1404 935 1606 1005 intermedium
1632 936 1661 992 in
1678 952 1718 990 se·

367 1015 457 1069 cunda
475 1013 571 1068 luxion'
594 1016 679 1070 series
704 1015 821 1072 lineares
846 1016 1058 1087 decaugulurum
1080 1016 1202 1072 mediant
1218 1015 1342 1086 singulae
1360 1014 1475 1085 copulae
1499 1031 1534 1070 er
1552 1015 1623 1069 binis
1642 1015 1719 1072 deca·

369 1093 447 1161 gonis
464 1093 535 1148 inter
552 1109 582 1148 se
600 1094 764 1165 commissis3
789 1095 817 1149 iu
836 1098 917 1151 tertia
935 1097 1104 1165 singulorum
1122 1096 1283 1166 angulorum
1301 1095 1362 1151 loca
1380 1102 1517 1165 occupant
1535 1092 1659 1163 singulae
1676 1109 1720 1145 co·

367 1168 448 1240 pulae
466 1185 501 1225 ex
518 1171 588 1226 binis
607 1173 752 1245 decagonis
770 1174 841 1230 iuter
860 1190 889 1229 se
908 1176 1072 1244 commissis,
1092 1192 1160 1246 quas
1178 1175 1280 1231 mediat
1297 1175 1452 1243 decagonus
1473 1189 1559 1244 unus3
1578 1174 1606 1226 in
1624 1182 1721 1243 quarta

366 1254 439 1304 stant
462 1267 570 1307 rursum
594 1251 692 1321 integri
710 1254 842 1323 decagoni
862 1254 891 1309 in
912 1254 1035 1324 angulis,
1059 1254 1231 1325 mediantqus
1254 1254 1332 1309 binos
1354 1253 1469 1324 angulos
1493 1253 1550 1307 bini
1568 1252 1721 1328 decagoni„

370 1329 495 1400 dispositi
519 1330 678 1401 aequalibus
700 1333 864 1403 intervallis3
889 1334 918 1388 in
940 1334 1033 1404 quinta
1058 1341 1132 1389 stant
1148 1333 1245 1388 stellae
1271 1350 1332 1391 cum
1355 1332 1468 1401 singulis
1486 1333 1615 1389 extremis
1637 1332 1721 1387 radii.

369 1410 397 1464 in
416 1409 528 1481 singulis
546 1410 662 1478 angulis,
680 1412 793 1482 implent
811 1427 875 1468 vero
892 1412 979 1468 lineas
997 1413 1052 1468 bini
1070 1413 1201 1483 decagoni
1219 1414 1318 1481 integri
1340 1412 1368 1468 et
1392 1411 1420 1466 in
1438 1411 1527 1467 medio
1551 1412 1632 1467 binae
1650 1426 1710 1467 com

370 1490 501 1546 missmse
526 1492 731 1564 decegouorum.
766 1492 804 1546 Et
829 1491 867 1547 sic
890 1498 1089 1562 consequenter
1112 1493 1306 1561 unaquaelibet
1329 1492 1417 1546 forms
1441 1491 1644 1561 quinquangulus
1669 1490 1722 1551 lert

369 1569 432 1624 novi
458 1569 570 1640 aliquid.
612 1571 756 1627 Structura
782 1577 824 1625 est
849 1569 1062 1626 laboriosissima
1090 1577 1118 1626 et
1145 1570 1382 1636 artificiosissima,
1407 1568 1520 1624 visenda
1547 1569 1582 1624 ad
1609 1569 1722 1625 eandem

370 1644 476 1703 literam
493 1650 543 1705 Aa.

458 1727 519 1784 Huc
537 1729 618 1785 etiam
636 1729 709 1785 refer
726 1729 832 1785 stellam
851 1728 1037 1801 decqngulam,
1054 1728 1082 1783 in
1100 1728 1180 1798 cujus
1199 1743 1295 1783 carum
1313 1727 1442 1799 ungulum
1463 1727 1589 1797 congruit
1606 1727 1723 1797 angulus

370 1808 530 1878 pentagoni3
553 1817 581 1865 et
598 1810 715 1865 vicissim
741 1808 811 1863 radii
835 1807 891 1863 bini
909 1807 1045 1862 trideciles
1067 1824 1128 1863 cum
1146 1808 1217 1864 binis
1239 1808 1428 1878 pentagonicis
1453 1815 1605 1877 congruunt
1631 1816 1660 1863 ct
1677 1808 1724 1865 im·

371 1883 448 1953 pleut
460 1885 549 1943 lucam
561 1889 685 1944 solidum.
717 1890 792 1944 Haec
804 1888 892 1943 forma
901 1887 1001 1958 'recipit
1012 1885 1170 1955 inaequales
1181 1894 1361 1955 pentagonus,
1383 1892 1410 1942 et
1422 1888 1486 1942 licet
1503 1888 1539 1943 sit
1557 1885 1723 1942 continuabi-

371 1960 420 2033 lis,
437 1965 535 2035 recipit
551 1974 642 2022 tamen
659 1970 687 2023 in
705 1968 821 2023 medium
839 1983 939 2023 uacuos
957 1967 1109 2035 decagonus
1127 1966 1242 2021 hiulcos.
1277 1966 1376 2020 Forma
1388 1974 1432 2021 est
1451 1966 1563 2022 visenda
1575 1965 1654 2021 litera
1673 1965 1722 2020 Bb·

458 2044 634 2116 Pautagonus
652 2062 722 2102 unus
739 2048 768 2102 in
785 2054 926 2102 ternorum
948 2045 1091 2116 planorum
1103 2046 1236 2117 =copulam
1253 2044 1356 2100 assumi
1378 2061 1433 2100 nou
1452 2052 1557 2115 potest,
1583 2060 1646 2102 nam
1665 2045 1723 2112 ejus

373 2124 489 2194 angulus
507 2124 591 2182 habet
610 2126 623 2199 g
643 2127 724 2181 unius
742 2127 823 2195 recti,
842 2142 892 2195 per
907 2125 930 2181 Ι.
950 2127 996 2182 33;
1021 2142 1085 2195 ergo
1110 2124 1217 2194 angulis
1243 2124 1351 2180 dnobus
1373 2125 1485 2196 reliquis
1507 2124 1725 2193 relinquerentur

377 2202 415 2274 ἵ,
435 2203 544 2259 cuilibet
560 2205 590 2277 ζ’,
609 2206 716 2275 qualern
734 2205 809 2260 nulla
825 2205 912 2275 sigma
929 2206 1020 2262 habet.
1056 2205 1115 2259 Nec
1133 2204 1203 2259 sumi
1221 2211 1337 2274 possunt
1355 2204 1491 2273 hexagoni
1509 2204 1579 2259 duo:
1602 2220 1666 2258 nam
1684 2218 1724 2258 re·

373 2280 481 2335 sidunm
499 2287 542 2337 est
561 2283 643 2338 etiam
661 2285 796 2353 hexagoni
818 2285 933 2353 angulus
951 2292 980 2340 et
996 2285 1028 2339 fit
1045 2282 1132 2339 forma
1155 2285 1282 2352 superius
1299 2284 1401 2348 relata,
1424 2300 1485 2339 cum
1507 2299 1557 2339 nos
1580 2282 1625 2338 hic
1643 2296 1725 2351 quae

372 2374 463 2414 ramus
481 2366 633 2418 structuras
652 2377 686 2417 ex
704 2364 809 2419 duabus
828 2364 987 2433 speciebus,
1009 2381 1064 2420 nou
1082 2380 1116 2418 ex
1136 2363 1232 2419 unicae
1251 2364 1351 2433 speciei
1370 2363 1471 2432 liguris.
1509 2363 1562 2441 Ber
1580 2369 1725 2431 sequentes
1753 2384 1762 2403 ·

373 2436 545 2508 plurilateraa
563 2440 673 2512 figuras,
692 2458 805 2513 quarum
824 2443 940 2512 ungulus
957 2443 1044 2512 major
1062 2451 1105 2506 est
1122 2444 1303 2512 hexagonicu,
1327 2443 1474 2498 subtractis
1492 2440 1599 2496 duobus
1618 2440 1726 2510 augulis

374 2517 541 2589 adrectis,
565 2520 728 2591 relinquitur
750 2538 799 2591 pro
818 2522 923 2592 reliquo
941 2522 1044 2591 minus,
1068 2538 1149 2592 quam
1167 2522 1250 2578 habet
1274 2521 1469 2599 hexagonicns:
1498 2534 1552 2575 uno
1581 2534 1645 2573 sero
1665 2519 1725 2573 sub·

374 2601 475 2662 macto,
499 2594 594 2654 minus'
606 2599 765 2671 relinquitur
782 2616 833 2671 pru
851 2600 958 2656 duobus
982 2602 1108 2671 reliquis,
1136 2616 1217 2672 quam
1240 2601 1344 2656 habent
1365 2601 1420 2655 duo
1438 2599 1607 2668 hexagonici.
1642 2597 1727 2665 Atqui

376 2673 410 2730 de
427 2674 460 2729 iis
478 2675 581 2748 figuris,
600 2693 671 2748 quae
688 2680 830 2749 pauciores
849 2688 877 2735 et
894 2681 1012 2737 minores
1030 2681 1133 2738 habent
1153 2680 1276 2750 angulos,
1295 2696 1376 2753 quam
1387 2680 1556 2757 hexagonus,
1570 2678 1628 2746 iam
1646 2683 1727 2732 antea

376 2760 544 2811 hmsactum
561 2758 641 2813 nobis
659 2766 715 2829 est,
734 2774 804 2827 quae
822 2767 850 2815 et
868 2766 935 2832 quot
952 2776 1014 2816 esse
1032 2762 1151 2831 possint,
1171 2758 1281 2829 quando
1300 2758 1370 2813 terni
1389 2763 1514 2813 sternunt
1531 2755 1681 2826 planitiem.

462 2830 537 2891 XX
569 2833 810 2913 Propositio.
854 2837 899 2897 Ex
929 2832 1024 2915 planis
1056 2836 1171 2914 angulis
1200 2837 1287 2894 bium
1317 2837 1482 2913 specierum
1509 2833 1591 2893 locus
1621 2829 1728 2910 plsuus

376 2933 502 2996 congrue
525 2921 794 3000 impleturquater.

462 3004 514 3060 Hic
538 3021 594 3061 non
615 3006 767 3061 tolerantur
788 3014 845 3062 tres
867 3005 994 3077 pluresve
1020 3007 1157 3076 trigonici,
1182 3004 1287 3061 iaciunt
1315 3005 1387 3060 euim
1411 3010 1468 3058 tres
1485 3002 1591 3072 anguli,
1604 2999 1729 3069 trigonici

377 3084 447 3140 duos
464 3091 566 3155 rectes;
590 3084 752 3156 relinquitur
768 3087 873 3154 minus,
891 3101 972 3156 quam
990 3085 1056 3141 iacit
1075 3100 1180 3142 summa
1197 3084 1367 3140 minimorum
1385 3089 1448 3153 post
1465 3081 1541 3151 illos,
1568 3079 1729 3149 tetragouitl

423 3170 451 3218 et
468 3165 656 3234 pentagonici.
693 3165 733 3222 Ob
753 3166 782 3221 id
799 3181 887 3237 neque
906 3166 1012 3221 duobus
1029 3165 1169 3236 trigonicis
1188 3163 1310 3219 sumundi
1327 3162 1381 3217 duo
1401 3161 1563 3232 tetragonici
1581 3167 1628 3217 aut
1645 3160 1729 3226 maju-

379 3259 435 3311 rcs,
453 3244 588 3315 quianon
605 3246 803 3318 relinqueretur
820 3246 885 3301 sutis
904 3247 986 3316 spatii
1004 3262 1054 3316 pro
1072 3245 1172 3315 angulo
1190 3244 1293 3313 figurae
1310 3243 1407 3298 tertiae
1425 3241 1534 3311 speciei.

402 3334 407 3341 ’
469 3327 492 3381 1.
521 3324 594 3394 Ergo
613 3324 636 3381 si
654 3324 779 3395 trigonici
797 3325 851 3380 sint
863 3324 917 3378 duo
936 3330 963 3379 et
974 3325 1158 3393 tetragonicus
1171 3338 1250 3392 unus,
1269 3320 1417 3377 sociabitur
1432 3320 1486 3374 illis
1501 3318 1731 3386 dodecagonicus;

379 3419 435 3460 nou
452 3410 542 3459 umen
560 3403 732 3458 continuatur
749 3403 848 3459 forma:
867 3403 928 3458 side
946 3403 1032 3459 literis
1050 3404 1095 3471 Co,
1116 3403 1168 3470 Dd,
1186 3403 1227 3458 Ee
1245 3410 1301 3458 tres
1319 3403 1430 3469 formas,
1450 3414 1543 3455 omnes
1562 3397 1598 3453 ad
1616 3397 1732 3467 primum

381 3499 473 3540 casum
490 3482 667 3552 pertinentes.
702 3482 763 3537 Huc
782 3482 863 3539 etiam
881 3481 961 3538 stella
979 3483 1180 3551 dudecagonica
1198 3480 1338 3550 referatur,
1357 3488 1491 3548 utsupra
1527 3479 1597 3534 Num
1615 3481 1733 3543 quatuor

355 3560 518 3633 'trigonici,
543 3575 615 3614 unus
639 3562 823 3645 tetragouicus
850 3568 878 3616 ct
901 3577 972 3617 unus
995 3560 1093 3618 stellae
1116 3561 1209 3617 radius
1231 3561 1382 3643 implebunt
1405 3559 1503 3641 locum.
1540 3557 1612 3638 Ecce
1630 3552 1733 3637 (urmes

380 3632 430 3702 Fi,
448 3631 507 3700 (ig,
525 3629 579 3684 Hh.
615 3630 765 3700 Tngourcrs
783 3631 890 3687 duobus
908 3633 931 3687 si
949 3633 1145 3701 pentagonicns
1163 3647 1233 3687 unus
1249 3638 1394 3701 Jungutur,
1412 3629 1551 3684 residuum
1569 3634 1621 3679 ent
1638 3640 1728 3680 uncou·

382 3729 487 3785 mum,
506 3711 563 3791 n,
577 3711 669 3767 nullus
687 3712 758 3767 enim
776 3712 890 3782 angulus
908 3713 992 3770 habet
1013 3715 1053 3785 lq.
1089 3711 1136 3767 Sin
1158 3726 1230 3767 unus
1253 3709 1369 3765 addatur
1390 3707 1575 3779 hexagonicns
1588 3698 1733 3771 'trigonicis
1779 3744 1783 3753 ,
1831 3724 1835 3733 ’

381 3795 501 3861 duobus,
525 3791 650 3847 residuus
674 3791 755 3846 etiam
779 3791 964 3861 hexagonicns
990 3791 1041 3845 crit
1065 3798 1093 3846 et
1118 3790 1206 3846 forma
1230 3790 1282 3845 erit
1306 3804 1360 3844 uns
1383 3804 1417 3843 cx
1441 3784 1636 3856 superioribus.
1672 3784 1732 3838 Non

380 3877 510 3945 poterunt
526 3872 608 3940 igittu
625 3886 706 3940 porro
725 3886 786 3926 esse
804 3872 860 3926 bini
877 3871 984 3939 trigoni.
1021 3871 1095 3941 Ergo
1114 3870 1185 3925 sisit
1197 3868 1345 3939 trigonicus
1363 3882 1442 3934 unus,
1462 3865 1486 3920 si
1504 3871 1560 3918 tres
1572 3860 1733 3929 tetragonici

381 3968 436 4009 uon
454 3951 601 4021 addentur,
619 3950 729 4005 nimium
748 3952 819 4005 enim
831 3950 972 4021 conflatur,
990 3965 1041 4006 nec
1052 3949 1134 4020 spatii
1145 3949 1213 4004 satis
1226 3949 1325 4015 ungulo
1343 3946 1440 4001 tertiae
1453 3943 1553 4015 speciei
1565 3940 1733 4010 relinquitur.

469 4030 494 4085 2.
528 4029 671 4085 Addautnr
688 4031 735 4084 uui
752 4031 885 4100 trigonico
904 4031 958 4087 duo
975 4027 1142 4097 tetragonici‚
1160 4027 1188 4081 in
1205 4026 1344 4082 residuum
1368 4024 1402 4079 ad
1421 4031 1537 4092 quatuor
1560 4029 1651 4109 rectus
1670 4034 1732 4108 cuu-

382 4117 462 4185 gruet
478 4108 677 4180 hexagonicna3
703 4109 789 4166 forma
806 4111 923 4181 duplex,
946 4110 1032 4166 literis
1049 4108 1072 4163 Ii
1091 4105 1295 4170 commutabilis,
1321 4103 1367 4159 Klr
1391 4118 1445 4158 non
1464 4098 1657 4157 contiuuabrhs
1675 4110 1733 4153 ame

382 4192 509 4250 mixtura
545 4190 650 4259 Estque
668 4188 712 4245 hic
730 4206 810 4246 casus
828 4190 972 4245 secundus.
1045 4186 1050 4207 ¹

470 4270 630 4342 Trigonicua
655 4285 725 4325 unus
744 4287 804 4326 cum
822 4270 1010 4339 pentagonicis
1029 4267 1135 4324 duobus
1153 4283 1208 4322 non
1225 4265 1364 4335 jungitur,
1389 4269 1476 4319 metat
1494 4260 1565 4316 enim
1588 4258 1682 4349 hmine
1702 4258 1733 4328 ll

384 4351 464 4408 unius
481 4350 557 4415 recti,
574 4348 678 4405 alienus
696 4364 714 4403 a
730 4348 899 4417 regularibus
917 4348 1025 4417 figuris3
1043 4363 1096 4404 nec
1114 4362 1176 4401 cum
1194 4344 1375 4415 pentagonico
1393 4358 1459 4411 uno,
1477 4351 1675 4427 rursumemm
1692 4350 1732 4426 re-

385 4435 459 4486 stant
478 4428 524 4501 li,
543 4444 603 4485 cum
620 4428 696 4484 nulla
714 4428 845 4497 regularis
864 4427 952 4498 figura
970 4427 1071 4483 habeut
1082 4427 1129 4501 ἧς
1148 4442 1198 4480 neu
1210 4440 1271 4480 cum
1284 4424 1451 4492 hexagonicu
1466 4434 1528 4483 uno,
1546 4416 1651 4508 iactum
1662 4429 1733 4507 euim

384 4510 521 4570 21ectoe‚
547 4523 608 4564 cum
630 4507 721 4563 nullus
743 4507 818 4562 solus
841 4507 956 4575 angulus
980 4505 1029 4562 fiat
1050 4513 1156 4569 tantus,
1179 4504 1317 4559 dimidium
1342 4519 1405 4557 sero
1430 4502 1513 4572 hujus
1536 4503 1572 4551 sit
1594 4502 1732 4563 cumbum

385 4587 557 4658 mengone,
575 4588 609 4643 de
627 4604 680 4657 quo
696 4588 752 4657 jam
770 4593 813 4641 est
830 4593 934 4656 actum}
957 4602 1008 4641 uec
1026 4600 1088 4640 cum
1104 4583 1286 4652 heptagonico
1304 4581 1347 4636 sel
1365 4580 1524 4650 octogonico
1540 4573 1583 4631 rel
1601 4582 1733 4640 enneago·

385 4667 455 4736 uico,
473 4665 598 4736 siugulis3
622 4674 758 4724 restarent
775 4665 846 4720 enim
862 4681 913 4734 pro
932 4663 1032 4735 angulo
1051 4664 1148 4719 tertiae
1166 4658 1267 4732 speciei
1285 4662 1432 4732 figurarum
1455 4659 1500 4717 sel
1517 4659 1550 4729 ii
1577 4652 1620 4708 ἐἰ
1641 4654 1669 4724 b*
1691 4652 1733 4707 iel

391 4745 430 4817 φ,
453 4744 548 4813 quales
566 4744 642 4800 nulla
658 4744 791 4816 regularis
809 4742 896 4812 figura
913 4742 1004 4799 habet.
1040 4744 1115 4814 Ergo
1138 4743 1287 4813 trigonicus
1312 4758 1382 4798 unus
1400 4757 1462 4801 cum
1490 4734 1654 4805 doeagonico
1679 4748 1733 4788 uno

387 4824 553 4896 compositus
568 4824 696 4895 relinquit
720 4824 824 4881 hiatum
843 4822 890 4897 ῗξ,
918 4830 1035 4895 quantos
1061 4829 1104 4879 est
1125 4820 1451 4895 pentshaedecsgouicua
1486 4818 1541 4875 liic
1559 4822 1602 4874 cst
1624 4813 1733 4889 quidem
