3872 5846
400 397 460 456 178
926 390 968 444 De
985 388 1209 459 Propertionibus

484 569 525 628 X.
548 568 583 628 In
605 585 712 645 genere
735 583 819 626 omne
843 575 966 626 octavae
989 575 1118 644 systema
1141 574 1186 628 est
1207 571 1427 642 inconcinnum,
1456 568 1536 643 qued
1558 585 1617 626 uon
1644 571 1763 629 statuit-

399 665 429 719 et
449 655 630 717 diatessaron
653 664 682 714 et
705 653 842 731 diapente
865 656 947 713 inira.
996 648 1004 656 ⁴
1265 664 1273 681 ¹
1591 662 1601 672 ·

484 743 598 803 Harum
618 743 716 819 legum
738 743 897 818 pleraeque
915 742 979 817 jem
1001 742 1085 799 nobis
1109 742 1237 800 servient
1259 744 1287 799 iu
1305 741 1509 801 constituendo
1525 758 1644 801 numero
1660 748 1748 800 tono-

399 851 463 892 rum
485 848 549 909 cap.
573 833 716 906 sequenti.
1367 866 1369 877 ·

484 918 583 979 Sexto.
607 918 755 993 Quantum
768 917 873 975 attinet
895 915 933 973 ad
945 914 1017 973 illud
1029 915 1190 975 membrum
1203 913 1386 989 definitionis,
1409 914 1530 973 diesem
1545 918 1656 989 aarum
1675 932 1750 989 per·

400 1006 542 1081 volitans,
570 1011 606 1064 in
628 1009 764 1065 consome
787 1007 965 1080 immorans,
995 1005 1049 1061 etsi
1071 1019 1130 1063 uon
1152 1008 1197 1061 est
1218 1005 1343 1061 instituti
1365 1005 1421 1061 mei
1445 1004 1474 1058 in
1497 1016 1584 1077 apere
1607 1005 1680 1074 isto,
1712 1002 1749 1060 de

399 1095 540 1153 mensuris
572 1093 734 1168 disputare,
764 1090 837 1148 illud
859 1099 956 1149 tamen
985 1093 1014 1148 iu
1038 1106 1144 1165 genere
1166 1105 1285 1162 moneo,
1315 1092 1504 1165 praeeipuam
1529 1107 1592 1148 esse
1622 1091 1747 1165 gratiam

401 1190 502 1240 cautus
524 1180 682 1239 harmonici
704 1183 734 1237 iu
757 1180 982 1237 mensuratione.
1027 1176 1103 1235 Nam
1125 1177 1204 1253 quod
1227 1178 1445 1252 generalissime
1470 1177 1579 1235 dictum
1602 1183 1662 1249 est,
1685 1177 1748 1235 dia-

399 1286 476 1327 cona
504 1271 617 1327 cursim
638 1277 710 1338 etc,
740 1266 769 1323 id
797 1268 826 1322 iu
856 1268 953 1340 specie
985 1266 1028 1322 sie
1060 1282 1158 1323 rerum
1186 1264 1318 1324 allicitur.
1366 1264 1493 1322 Primum
1519 1263 1614 1321 Latini
1638 1264 1749 1323 habent

405 1355 620 1415 distinctionem
643 1357 716 1413 inter
738 1353 857 1428 longam
879 1362 909 1411 et
932 1354 1050 1411 brevem
1073 1352 1233 1428 syllabam,
1263 1368 1385 1427 quarum
1416 1351 1623 1410 benefaciunt
1654 1354 1750 1429 nnius,

401 1441 616 1502 illamduerum
627 1450 789 1517 temporum
801 1447 831 1499 ct
842 1441 884 1497 sic
895 1439 1086 1515 longitudinis
1097 1438 1214 1515 duplae.
1251 1438 1425 1515 Quanquam
1441 1433 1529 1497 bodie
1546 1455 1604 1497 non
1622 1441 1751 1497 carmina

401 1538 523 1603 tantum,
543 1528 597 1588 sed
620 1531 708 1587 etiam
729 1544 817 1603 prosa
839 1528 965 1598 canitur,
996 1529 1024 1584 in
1049 1544 1108 1602 qua
1130 1530 1246 1602 penitus
1267 1526 1425 1602 negligitur
1451 1526 1489 1585 ab
1513 1526 1659 1585 hodiernis
1681 1544 1748 1584 mu-

402 1620 470 1676 sicis
493 1617 639 1675 distinetio
661 1614 767 1691 lungae
790 1624 820 1673 et
842 1615 938 1673 brevis
960 1614 1101 1690 syllabae,
1127 1616 1278 1690 respicitur
1302 1632 1370 1672 vero
1387 1616 1470 1672 unice
1494 1613 1533 1671 ad
1548 1629 1657 1672 morem
1679 1631 1750 1689 pro-

338 1732 342 1737 =
401 1703 567 1776 nunciandi,
591 1707 725 1780 quamvis
748 1705 772 1759 is
788 1700 876 1760 hodie
899 1703 936 1759 sit
950 1711 1110 1777 corruptus,
1131 1702 1317 1781 jbabeturque
1333 1719 1385 1777 pro
1402 1701 1490 1777 longa
1506 1700 1630 1777 syllaba,
1654 1717 1751 1777 quae-

404 1808 517 1867 cunque
541 1809 607 1850 cum
629 1798 751 1861 accentu
774 1800 861 1847 acuto
885 1788 959 1846 solet
981 1790 1109 1864 preferri,
1133 1807 1185 1865 pro
1210 1789 1300 1859 brevi,
1324 1806 1399 1864 quae
1423 1806 1489 1846 cum
1510 1792 1602 1863 gruel.

487 1877 523 1936 Id
545 1895 602 1937 non
625 1881 729 1935 mirum
752 1879 781 1933 in
804 1877 896 1934 latina
919 1875 1020 1950 lingua
1043 1877 1117 1947 lieri,
1149 1894 1213 1934 cum
1237 1878 1316 1934 idern
1338 1880 1425 1935 etiam
1446 1874 1550 1934 Graeci
1574 1876 1749 1951 posteriores

404 1965 538 2038 iecerint,
570 1969 620 2042 qui
650 1967 783 2041 quamvis
812 1964 883 2039 pure
912 1952 1087 2041 seriberent,
1115 1966 1381 2039 pronuntiationem
1410 1972 1506 2021 tamen
1530 1963 1749 2021 vitiosissimam

404 2059 471 2111 sunt
493 2053 634 2129 amplexi,
662 2055 776 2128 inqua
806 2051 886 2109 nulla
908 2051 1033 2126 amplius
1062 2060 1106 2108 est
1129 2050 1276 2109 distinctio
1304 2058 1442 2109 accentus
1465 2053 1543 2109 acuti
1574 2049 1751 2127 asyllabae

381 2139 592 2217 ,lungitudine
615 2142 714 2217 gravis
738 2159 756 2198 a
779 2140 929 2211 brevitate,
953 2156 1019 2196 curu
1034 2144 1129 2197 tamen
1153 2137 1262 2198 adhoc
1285 2140 1375 2215 signis
1391 2137 1548 2210 abundent,
1571 2153 1647 2213 quae
1670 2136 1750 2213 apud

383 2208 527 2287 'Latinos
555 2245 614 2287 non
645 2235 704 2285 mm
733 2227 875 2301 frequenti
906 2228 933 2282 in
965 2243 1019 2283 usu
1043 2225 1192 2285 habentur.
1237 2225 1342 2301 Itaque
1365 2224 1470 2285 Graeci
1500 2226 1643 2300 abrogato
1671 2241 1751 2283 more

406 2314 550 2391 pangendi
581 2332 696 2373 cumen
725 2315 764 2372 ab
786 2313 899 2388 aliquot
923 2314 985 2387 jam
1009 2313 1116 2371 seculis
1139 2324 1296 2388 coeperunt
1318 2314 1443 2372 scribere
1472 2328 1590 2383 versus,
1613 2310 1749 2389 politicos

407 2401 517 2474 dictos,
549 2402 706 2478 inquibus
737 2400 869 2476 syllabae
892 2410 1094 2472 numerentur,
1125 2417 1181 2457 non
1205 2408 1421 2473 mensurantur,
1456 2400 1625 2474 obtinetque
1650 2415 1751 2457 versus

406 2488 604 2565 penultimam,
626 2505 684 2547 nou
707 2504 783 2563 quae
807 2496 910 2546 natura
932 2488 1022 2562 longa
1044 2494 1096 2560 est,
1120 2488 1171 2545 sed
1194 2504 1270 2562 quae
1294 2496 1414 2547 accentu
1432 2490 1545 2545 acuitur
1567 2489 1597 2542 in
1619 2502 1752 2544 sermone

408 2576 552 2653 populari.
597 2574 632 2633 Id
654 2577 740 2652 igitur
762 2577 911 2632 imitantur
934 2577 1022 2633 etism
1052 2577 1080 2632 in
1104 2573 1196 2632 latina
1218 2578 1308 2633 nestri
1331 2576 1450 2645 musici,
1476 2573 1551 2633 adeo
1574 2582 1606 2632 ut
1628 2590 1665 2633 ne
1686 2591 1752 2633 car·

405 2664 532 2722 minibus
560 2662 694 2738 quidem,
726 2663 780 2720 nisi
810 2679 924 2737 perraro
955 2678 1008 2720 nee
1038 2679 1167 2737 uuquam
1195 2665 1224 2718 in
1255 2670 1364 2735 totum,
1397 2668 1533 2738 parcant,
1563 2657 1649 2720 eredo
1666 2663 1753 2736 'quia

409 2748 499 2825 dupla
521 2756 550 2809 et
573 2749 661 2825 tripla
681 2759 822 2825 perpetua
845 2752 872 2805 in
897 2749 1028 2814 cantibus
1053 2758 1097 2807 est
1119 2757 1248 2827 recepta,
1273 2767 1337 2806 cum
1360 2750 1489 2808 carmina
1510 2749 1563 2807 bas
1586 2748 1753 2823 inaequali-

408 2845 451 2897 ter
473 2838 627 2911 misceant,
658 2848 780 2911 execpte
803 2835 986 2908 hexametro,
1019 2836 1096 2911 quod
1120 2828 1306 2914 proportione
1329 2836 1516 2911 aequalitatis
1541 2840 1569 2894 in
1592 2835 1752 2913 spondaeo,

408 2931 438 2983 et
460 2922 549 2999 dupla
570 2925 697 3000 perlecta
719 2926 747 2979 in
772 2922 887 3000 dactylo
911 2930 1077 2981 contentum
1101 2933 1152 2981 est
1197 2925 1321 2983 Brevem
1337 2927 1424 2997 igitur
1440 2923 1585 2999 syllabam
1607 2918 1659 2981 abt
1676 2939 1752 2998 quac

409 3019 454 3070 est
476 3010 541 3070 loco
566 3013 671 3083 brevis,
695 3009 812 3085 quando
835 3010 1001 3086 spondaeus
1023 3011 1153 3069 succedit
1171 3010 1282 3085 jambu,
1307 3019 1336 3069 et
1354 3015 1382 3068 in
1398 3028 1503 3086 genere
1519 3010 1664 3087 syllabam
1687 3026 1753 3068 eum

358 3148 364 3158 .
408 3106 530 3158 accentu
551 3097 752 3175 proferendam
773 3099 877 3156 musici
899 3096 1040 3172 deputant
1063 3097 1179 3156 dissono
1203 3114 1290 3169 sono,
1314 3101 1338 3156 si
1363 3115 1413 3173 per
1436 3097 1515 3154 illum
1538 3100 1577 3155 sit
1598 3104 1753 3155 transeun-

409 3184 492 3261 dum,
514 3185 633 3263 longam
655 3186 788 3245 consonis
812 3184 859 3243 vel
882 3187 973 3259 quasi.

494 3271 629 3333 Secundo
652 3272 769 3348 linguae
785 3271 918 3342 Jonicae,
943 3289 1018 3347 quae
1041 3271 1176 3349 rlrytlrmo
1199 3278 1327 3345 utuntur,
1351 3270 1521 3343 Teutonica,
1549 3270 1672 3343 Gallica,
1695 3270 1755 3328 Hi·

409 3361 538 3440 spauice,
563 3361 667 3419 Italica
689 3361 798 3417 iaciunt
820 3358 867 3417 vel
890 3359 1021 3417 ultimam
1045 3362 1179 3418 carminis
1202 3368 1317 3418 acutam
1341 3359 1388 3418 vel
1403 3358 1592 3434 penultimam
1616 3359 1755 3418 efferunt-

410 3465 467 3523 qne
490 3455 582 3506 totum
605 3464 722 3507 versum
744 3448 801 3519 sic,
832 3463 867 3504 ae
889 3448 914 3505 si
938 3445 1054 3505 alternis
1085 3456 1172 3505 acuta
1194 3446 1241 3504 vel
1264 3447 1362 3520 gravis
1386 3446 1506 3523 ¹syllaba
1531 3463 1562 3505 se
1585 3455 1686 3505 mutuo
1708 3447 1757 3502 in-

410 3542 578 3610 sequantur,
602 3537 663 3593 sire
687 3535 725 3591 sit
747 3533 819 3606 boc,
844 3537 924 3591 utin
948 3545 1017 3610 apto
1041 3533 1201 3592 Teutonico
1225 3550 1328 3605 versu,
1352 3536 1415 3592 sire
1439 3536 1573 3607 nonsit,
1599 3542 1632 3592 ut
1654 3532 1762 3593 crebre'

410 3624 439 3678 in
463 3621 595 3681 Gallicis.
640 3622 745 3696 Itaque
769 3623 863 3681 omnis
885 3621 999 3680 illorum
1024 3638 1123 3679 versus
1154 3632 1206 3679 aut
1231 3620 1378 3680 trochaico
1405 3621 1507 3678 similis
1531 3629 1575 3680 est
1605 3629 1657 3680 aut
1675 3620 1756 3696 jarn-

411 3710 486 3781 bien,
509 3711 602 3784 iisque
624 3720 675 3767 aut
698 3710 882 3769 acatalectis:
916 3705 1065 3789 &dybblitt
1086 3704 1233 3791 ipimmelss
1260 3708 1319 3771 uttb
1346 3708 1399 3770 bet
1415 3704 1517 3770 draca
1562 3704 1636 3770 dius
1666 3703 1757 3771 buten

411 3791 467 3859 tuit
488 3795 541 3859 beu
561 3793 605 3879 Spe
625 3793 690 3877 {geu
713 3792 810 3876 (baill,
841 3806 893 3855 aut
915 3797 1077 3855 caniacus:
1106 3793 1174 3877 tucia
1201 3793 1251 3876 irco
1280 3796 1411 3858 urrutert
1438 3792 1494 3858 ulie
1515 3791 1602 3858 aaut.
1649 3792 1691 3858 br
1720 3790 1756 3873 iit

411 3886 458 3945 bet
479 3879 705 3965 ffllutgeulettte.
750 3884 843 3959 Igitur
864 3886 966 3942 musici
990 3887 1069 3943 sonis
1092 3884 1217 3942 dissonis
1240 3881 1338 3943 sedern
1361 3886 1388 3941 in
1405 3883 1544 3960 gravibus
1568 3883 1614 3942 vel
1637 3878 1769 3958 eorrep-¹

412 3973 450 4029 tis
472 3969 593 4046 syllabis
615 3970 722 4045 figunt,
747 3974 881 4030 consonis
904 3973 932 4027 in
957 3974 1059 4031 acutis.

421 4064 434 4077 ‘
497 4055 606 4131 Tertio,
629 4074 693 4116 cum
717 4076 787 4117 veru
810 4064 911 4117 cantus
934 4060 1040 4134 accipit
1061 4075 1226 4116 mensuram
1256 4074 1313 4115 nou
1335 4076 1353 4114 a
1376 4057 1497 4133 syllabis
1519 4064 1629 4125 textus,
1661 4057 1713 4116 scd
1736 4074 1756 4115 a

412 4150 504 4216 tactu,
536 4149 624 4219 atque
646 4147 671 4203 is
695 4146 742 4205 rel
766 4145 883 4223 duplam
911 4148 1042 4221 sequitur
1064 4147 1278 4222 proportionem
1310 4144 1356 4203 vel
1381 4144 1509 4220 triplam,
1541 4146 1662 4221 primam
1686 4145 1755 4221 qui-

413 4229 478 4288 dem
500 4238 594 4290 tactus
616 4240 729 4307 partem
752 4236 901 4303 consonis,
931 4235 1118 4309 posteriorem
1142 4239 1169 4291 et
1193 4234 1220 4289 in
1245 4230 1329 4309 tripla
1356 4232 1531 4304 breviorem,
1562 4248 1638 4307 quae
1659 4234 1756 4307 sigui·

411 4316 513 4376 linatur
528 4317 691 4378 elevatione
707 4337 819 4390 munus,
846 4319 970 4378 dissonis
987 4322 1169 4398 potissimum
1185 4326 1332 4378 reservant
1348 4328 1519 4395 carentque,
1535 4327 1677 4395 quantum
1692 4318 1754 4377 lieri

411 4411 516 4479 potest,
538 4422 575 4464 ne
596 4407 720 4482 primurn
743 4415 837 4466 tactus
859 4409 1006 4465 semissem
1030 4407 1090 4466 alia
1112 4414 1234 4483 occupet
1256 4405 1379 4484 syllaba,
1403 4423 1491 4483 quam
1511 4416 1647 4482 quaeest
1667 4414 1755 4466 acute

411 4491 597 4566 proferenda,
619 4511 694 4554 neve
717 4493 822 4571 longas
845 4494 931 4552 binae
954 4496 982 4552 iu
1006 4496 1137 4553 ultimam
1161 4503 1255 4555 tactus
1277 4499 1387 4569 partem
1410 4494 1609 4554 intrudantur.'
