3840 5854
377 456 417 536 58
747 461 897 534 'Epistolae
913 459 1026 533 Kepieri
1042 459 1209 534 aliorumque
1225 467 1336 518 1661666

463 648 564 696 1616116
580 646 671 697 iterum
688 644 721 697 D.
738 640 770 693 V.
787 643 882 704 grades
899 642 978 692 refero
995 656 1041 706 pro
1059 639 1195 705 exemplari
1211 640 1341 706 ’1161166666
1366 641 1393 693 16
1409 636 1572 703 (lopernicsm
1589 640 1723 705 Spbseram

376 720 439 770 mibi
455 719 613 784 transmisso,
637 716 705 782 quod
722 714 822 765 cuidam
844 713 925 763 amico
942 712 1078 764 Patavium
1097 717 1149 775 jam
1165 714 1237 774 misi,
1262 726 1356 778 quaeso
1373 711 1444 763 aliud
1455 708 1529 760 'mibi
1545 713 1670 781 remittet,
1695 719 1725 764 nt

376 792 489 843 11616666
507 789 601 853 amico,
620 787 759 853 quiquam
776 785 886 833 maxime
904 783 1040 849 desiderat,
1057 786 1153 846 poesim
1170 785 1350 835 communicare
1368 788 1537 846 perpostam.

362 884 367 897 ·
444 850 988 907 16166161661166666661666166161).
1008 856 1039 905 V.
1057 853 1186 917 (1.,,666
1204 866 1279 917 opera
1303 854 1503 919 quandocunque
1530 854 1725 921 stubicumqus

376 926 480 978 libuerit
497 932 592 990 utatur,
610 939 705 988 semper
723 925 789 974 enim
806 925 992 987 paratissimum
1010 940 1049 974 me
1067 927 1178 987 reperiet.
1213 924 1311 974 Dabam
1329 924 1442 974 Viennae
1465 920 1489 973 d.
1500 918 1550 974 15.
1568 921 1724 981 1661616

463 995 545 1046 116116
559 994 682 1060 Keplarus
701 996 752 1057 agit
769 1008 825 1043 cum
843 993 1024 1043 Vincentio
1043 991 1190 1045 Blancbo
1206 1009 1251 1058 per
1262 992 1349 1044 literas
1366 996 1397 1044 sb
1416 1005 1483 1042 anno
1503 989 1569 1047 1615
1587 995 1614 1043 in
1632 1008 1725 1044 anunm

380 1064 461 1128 1620;
479 1065 528 1116 rol.
546 1067 590 1115 111.
608 1079 634 1129 p.
652 1062 705 1118 616
723 1079 753 1115 ex
763 1062 866 1127 liepieri
883 1064 990 1127 epistola
1006 1071 1103 1127 perteus
1121 1067 1296 1128 excerpsimus.
1314 1078 1366 1127 qua
1381 1066 1456 1114 referi
1471 1062 1613 1130 Vincentio,
1631 1067 1725 1131 quibus

377 1139 458 1188 causis
470 1136 612 1198 ¹impedItue
629 1141 696 1186 stare
712 1149 763 1185 non
781 1134 890 1197 potuerit
905 1137 1036 1196 promissis
1055 1132 1149 1197 (eadem
1167 1134 1218 1186 fere
1236 1140 1303 1200 eunt,
1323 1149 1389 1199 quae
1406 1133 1550 1195 ifingonius
1566 1148 1645 1198 supra
1661 1150 1725 1200 qae-

375 1205 456 1270 riturl,
474 1204 569 1257 eciiioet
587 1205 691 1256 edendis
709 1205 917 1269 premeridibue
935 1209 960 1255 et
977 1204 1080 1255 Tabulis
1098 1204 1278 1271 Redolpbinis,
1304 1210 1330 1254 et
1346 1203 1437 1270 qualia=
1448 1204 1500 1253 sint
1516 1205 1615 1268 studia,
1632 1206 1725 1270 quibus

376 1278 519 1327 delectetur.
554 1274 717 1337 lisgnapsre
736 1273 897 1339 epistolarum
916 1274 1050 1338 aKeplero
1069 1281 1093 1324 et
1110 1274 1221 1325 Blencbo
1239 1277 1354 1325 datarum
1372 1277 1480 1337 pertinet
1497 1274 1529 1323 ad
1541 1275 1725 1337 premerides,

375 1346 427 1397 alia
443 1344 519 1409 plane
536 1345 671 1409 reficienda
688 1350 733 1410 ssi,
752 1359 816 1406 oum,
834 1346 971 1407 praecipue
988 1344 1109 1408 epistolae
1126 1345 1247 1406 blumbi,
1264 1360 1331 1395 mere
1349 1343 1496 1405 6666166166
1513 1347 1609 1394 somnis
1625 1346 1724 1396 referet.

376 1417 491 1468 Getarum
506 1430 564 1479 pars
575 1418 670 1466 'uarum
688 1413 858 1481 epistolarum,
875 1421 995 1486 tempore,
1014 1429 1065 1481 quo
1081 1418 1149 1478 typis
1168 1416 1338 1467 excudebatur
1355 1412 1498 1464 1161166616
1521 1419 1546 1462 61
1562 1428 1613 1479 qno
1630 1413 1725 1478 Rapie-

336 1491 341 1501 '
376 1502 418 1538 rue
437 1487 653 1551 circumspiciebat
671 1491 777 1536 emtores
793 1484 862 1552 libri,
880 1488 1036 1549 scriptarum,
1053 1488 1156 1550 propius
1174 1492 1345 1547 argumentum
1360 1485 1516 1537 Harmoniae
1533 1487 1630 1550 attinet,
1643 1499 1726 1550 quare

375 1560 417 1608 hio
434 1557 566 1608 inserenda
584 1561 629 1608 eet.
664 1555 714 1607 His
731 1570 812 1618 pauca
828 1556 1011 1618 praemittenda
1033 1563 1092 1607 sunt
1114 1557 1144 1606 de
1162 1556 1271 1608 Blsnoho
1295 1560 1399 1620 ejusque
1416 1556 1468 1603 vita
1491 1560 1516 1603 et
1533 1554 1632 1609 studiis.
1667 1554 1726 1617 Ipse

375 1626 482 1692 Keplsro
500 1630 599 1677 namet:
626 1624 692 1687 ,Noe
710 1626 822 1689 quotidie
839 1627 931 1686 gratim
950 1627 1004 1676 Deo
1022 1627 1053 1677 0.
1072 1625 1106 1678 if.
1125 1630 1236 1693 agimus,
1262 1627 1330 1692 quod
1348 1639 1379 1674 ex
1396 1625 1502 1688 antiqua
1518 1629 1543 1673 et
1561 1626 1670 1689 equestri
1688 1626 1726 1673 fa·

377 1698 447 1748 milia
465 1700 514 1746 orti
531 1699 618 1763 simus,
636 1710 702 1761 quas
724 1710 755 1746 ex
773 1693 910 1758 privilegiis
927 1700 981 1746 tum
997 1694 1183 1763 Immrstorurn',
1201 1700 1255 1745 tum
1273 1710 1427 1747 summorum
1443 1693 1599 1751 Pontificum¹
1611 1709 1727 1745 eoronam

378 1782 454 1832 super
471 1766 598 1828 gentilitia
614 1780 660 1817 sua
677 1781 744 1817 arma
761 1769 850 1831 gestat,
868 1767 900 1816 ob
918 1767 1071 1817 dominatum
1089 1768 1134 1817 diu
1151 1768 1312 1829 amatoribus
1333 1767 1425 1817 uostris
1442 1764 1554 1815 babiturn
1571 1766 1728 1830 quorundam

350 1884 355 1897 ,
376 1838 486 1889 iocorum
503 1842 529 1887 61
545 1842 665 1888 terram
690 1835 777 1886 ltaliae
800 1840 825 1886 et
847 1841 916 1887 extra
936 1836 1043 1899 italiam
1079 1836 1190 1888 (16611166
1213 1851 1314 1902 quoqne
1330 1834 1442 1886 Palatini
1466 1836 1515 1885 orti
1535 1838 1637 1885 sumus“
1663 1834 1727 1903 (alio

376 1907 432 1959 loco
450 1909 549 1957 scribit:
567 1908 630 1957 baec
649 1935 678 1947 -
698 1907 855 1957 nativitatem
875 1922 946 1957 suam
964 1910 1060 1972 -qul
1078 1907 1204 1972 implorat,
1223 1906 1310 1958 (lomes
1337 1912 1375 1956 est
1393 1903 1510 1965 Aletrini,
1524 1907 1577 1970 qul
1596 1903 1727 1957 6116616-

376 1981 452 2029 tetiae
469 1979 565 2042 primns
582 1978 631 2027 fnit
647 1976 788 2039 theologiae
805 1975 930 2039 professor
947 1977 1021 2038 Regis
1039 1977 1141 2029 Henrici
1159 1978 1201 2027 IV.
1227 1980 1322 2043 quique
1349 1974 1430 2026 muita
1454 1988 1498 2037 pro
1526 1974 1655 2038 republica
1671 1991 1728 2038 ges·

376 2050 426 2109 611),
451 2063 522 2110 ,oum
539 2047 714 2108 sigismundus
731 2049 868 2110 Imperator
890 2050 968 2097 totius
985 2054 1085 2097 nostrae
1108 2045 1221 2097 familiae
1245 2046 1372 2109 legitimos
1397 2045 1573 2097 descendentes
1595 2047 1623 2094 iu
1641 2060 1727 2110 perpe·

377 2124 447 2168 tuum
464 2119 608 2181 hujusmodi
626 2117 702 2168 titulo
720 2118 882 2169 decorarent.
917 2117 967 2170 sed
984 2123 1010 2168 et
1027 2117 1116 2168 (lomes
1127 2117 1231 2168 1161661
1249 2130 1294 2178 ego
1312 2119 1380 2168 idem
1399 2130 1455 2166 sum
1471 2129 1503 2165 ex
1519 2117 1669 2166 investitura
1680 2114 1728 2166 Oa·

377 2188 424 2238 roli
442 2189 486 2240 iv.
521 2188 622 2238 Parrasi
639 2190 666 2238 lu
684 2187 794 2238 (16111616
820 2191 845 2237 61
861 2202 931 2238 anuo
954 2185 987 2241 21
1007 2190 1098 2238 6616116
1115 2190 1201 2237 616661*
1221 2185 1318 2251 (uatum
1342 2200 1368 2235 se
1385 2187 1461 2237 refert
1483 2182 1524 2238 ii.
1542 2184 1641 2236 Martio
1660 2183 1728 2240 1583

377 2259 500 2319 venetiis)
518 2258 686 2320 „theologiam
704 2258 807 2308 Parisiis
829 2257 930 2320 publice
947 2260 1072 2320 profusam
1090 2273 1156 2308 sum:
1182 2272 1234 2307 non
1251 2263 1371 2322 quaestu,
1397 2270 1449 2307 non
1465 2253 1658 2322 largidonibns,
1676 2270 1727 2306 nou

379 2342 423 2390 spe
441 2326 547 2389 alicujus
565 2330 609 2394 rei,
629 2328 672 2377 sed
690 2325 745 2378 sola
762 2324 945 2377 adolescentiae
963 2334 1040 2394 atque
1057 2328 1121 2377 adeo
1139 2329 1248 2378 nominis
1260 2326 1347 2390 gloria.
1376 2326 1436 2376 bion
1451 2340 1468 2375 a
1480 2325 1550 2387 Bega
1561 2325 1670 2377 Henrico
1682 2326 1728 2379 IV.

376 2399 464 2447 unicus
488 2411 548 2447 euua
572 2411 750 2465 supremusque
773 2399 898 2459 professor
918 2395 1059 2449 declaratus
1085 2402 1110 2447 st
1128 2411 1203 2462 eques
1228 2399 1323 2448 ordinis
1341 2398 1367 2448 S.
1386 2392 1519 2446 biiobailis'
1538 2399 1636 2446 creatus
1664 2410 1727 2451 eum

379 2465 450 2517 Aliae
467 2467 608 2530 principum
625 2464 698 2517 anias
715 2468 791 2517 inriei
811 2467 995 2531 celebrioraque
1012 2462 1127 2530 Europae
1149 2470 1279 2529 gymnasia
1297 2468 1376 2519 adivi,
1411 2465 1484 2516 Nune
1505 2466 1534 2515 in
1554 2466 1640 2528 patria
1663 2468 1727 2518 resi·

377 2537 424 2587 deu
450 2539 485 2587 ab
503 2539 572 2588 omui
588 2534 692 2601 publica
708 2552 768 2587 cura
785 2539 860 2587 stab
878 2539 947 2588 omui
962 2553 1044 2589 rerum
1061 2539 1227 2588 humanarum
1243 2540 1380 2590 ambitione
1392 2534 1498 2603 alienus,
1516 2537 1627 2587 16166166
1645 2536 1726 2591 solam

376 2608 404 2657 in
421 2608 483 2657 meis
500 2607 605 2673 studiis,
628 2622 673 2671 pro
691 2609 783 2674 quibus
801 2613 882 2658 cetera
900 2621 996 2671 semper
1013 2611 1160 2671 aspernatus
1177 2621 1240 2659 eum.
1275 2609 1412 2672 Existimo,
1435 2621 1499 2672 quae
1517 2607 1646 2671 hucusque
1664 2608 1726 2677 dixi,

378 2677 498 2728 hactenus
524 2676 577 2727 fore
593 2691 638 2741 pro
656 2682 703 2729 tua
719 2678 750 2728 ds
767 2692 807 2728 me
824 2679 931 2743 notitis3
956 2691 1015 2729 nam
1033 2680 1056 2728 sl
1073 2677 1173 2740 longius
1190 2676 1361 2742 procederem,
1378 2677 1517 2727 modestiae
1533 2677 1596 2725 iiues
1614 2677 1726 2727 fortassis

377 2747 528 2797 excederem.
564 2748 633 2799 Scies
651 2762 707 2810 ergo
724 2750 753 2796 in
770 2752 908 2813 posterum,
933 2762 989 2797 cum
1007 2763 1057 2813 quo
1075 2753 1103 2797 tu
1121 2762 1173 2797 rem
1189 2762 1273 2810 gerss3
1295 2761 1376 2813 neque
1397 2748 1503 2797 animis
1531 2749 1569 2795 661
1585 2746 1659 2796 bomo
1679 2749 1726 2798 cb·

378 2830 464 2867 scurus
483 2819 666 2881 6161666166,
693 2818 737 2867 ssd
755 2817 836 2867 nobili
852 2831 941 2879 genere
958 2823 1031 2867 natue
1050 2823 1075 2868 et
1092 2818 1197 2868 duarum
1214 2816 1305 2868 Italiae
1321 2818 1512 2880 praecipuarum
1530 2816 1660 2866 dvitatnm
1678 2832 1726 2881 pa·

377 2888 487 2937 11161661.
523 2889 616 2937 lisdem
627 2885 839 2950 appellationibus
857 2903 883 2937 se
903 2890 973 2937 efferi
989 2887 1116 2938 Blancbus
1133 2890 1160 2937 16
1178 2889 1383 2951 inscriptionibus
1399 2882 1542 2936 libellorum
1560 2884 1726 2954 quorundum,

378 2971 442 3024 quoa
460 2957 547 3023 edidit,
564 2959 591 3006 in
611 2970 715 3022 quorum
732 2957 819 3021 aliquo
838 2959 959 3021 originem
975 2973 1002 3008 se
1019 2959 1116 3008 trabere
1133 2957 1253 3020 gloriatur
1270 2960 1372 3021 astirps
1386 2955 1585 3007 Gomneniorum.
1617 2954 1727 3019 Oieogna

376 3024 452 3087 (delle
469 3028 613 3078 inscrizioni
630 3028 781 3087 venetiano)
797 3026 916 3091 afirmat,
934 3030 1091 3094 testimonia,
1110 3042 1175 3093 quae
1192 3027 1319 3077 Blanobus
1336 3026 1460 3090 attuler1t‚
1478 3025 1513 3075 ad
1530 3027 1726 3077 confirmandam

377 3099 473 3159 generis
492 3099 532 3147 eui
551 3097 707 3160 dignitatem,
727 3095 793 3147 falsa
810 3112 863 3147 esse
881 3112 987 3163 eumque
1005 3097 1120 3160 designat
1137 3099 1263 3148 bominem
1278 3111 1371 3148 vanum
1394 3101 1420 3146 61
1437 3093 1608 3161 vaniloquum.
1644 3096 1726 3161 Argu·

376 3172 474 3230 menta,
497 3168 595 3235 inquit,
619 3168 734 3216 venetiis
752 3172 849 3217 exstare
866 3169 1022 3231 1166166166,
1046 3173 1128 3219 ortum
1145 3183 1217 3219 suum
1234 3168 1331 3218 trabere
1355 3181 1369 3217 e
1387 3164 1486 3217 familia
1501 3165 1601 3217 Veneta
1617 3164 1727 3236 plebeia,

377 3240 402 3287 et
416 3242 488 3300 patre
504 3251 578 3287 usum
595 3251 648 3286 esse
666 3239 762 3300 scriba,
780 3239 880 3287 nomine
899 3236 991 3288 eluse.

465 3321 588 3387 Keplerus
608 3321 696 3387 literis,
714 3323 781 3373 datis
798 3324 881 3374 friuoli
897 3320 951 3373 Oai
968 3324 1030 3375 Dec.
1048 3321 1126 3389 1618,
1144 3323 1255 3376 Blauobo
1266 3325 1334 3388 typis
1350 3322 1514 3374 Harmoniam
1525 3337 1644 3376 61666616
1660 3339 1726 3377 nuu-

378 3405 440 3456 ciat:
462 3395 498 3456 In
520 3394 690 3472 ierologis
721 3411 782 3455 nou
811 3412 939 3472 agnosco
965 3397 1108 3474 genuinas
1133 3397 1205 3458 boni
1237 3402 1266 3457 61
1293 3393 1364 3456 mali
1393 3394 1588 3473 summum
1619 3396 1727 3459 6611611

379 3490 518 3564 aspectus
539 3484 582 3563 sio
603 3481 797 3559 distinguere,
825 3489 859 3543 ut
880 3482 957 3544 alius
979 3481 1039 3545 aiio
1069 3491 1219 3562 superetur
1245 3485 1276 3543 in
1298 3481 1445 3559 efficacia,
1472 3482 1511 3543 ab
1532 3482 1584 3544 ilio
1605 3483 1726 3561 66111661,

380 3576 430 3651 qni
452 3571 557 3650 piures·
571 3569 662 3630 babet
672 3573 893 3647 praerogativae
915 3572 946 3629 in
963 3564 1245 3632 demonstrabiiitate
1259 3577 1290 3649 et
1304 3571 1493 3649 6666666116
1507 3568 1618 3650 figurae
1633 3589 1727 3649 suae;

379 3660 416 3722 ds
441 3660 547 3738 quibus
569 3656 657 3718 rebus
679 3674 737 3734 ago
758 3657 834 3719 libro
855 3657 908 3719 IV.
930 3657 1186 3734 Harmonicorum‚
1219 3660 1269 3737 qui
1292 3665 1370 3719 nuno
1396 3674 1520 3720 escuem
1542 3664 1604 3735 est3
1635 3660 1665 3718 in
1687 3660 1726 3719 ii·

379 3750 431 3811 bro
455 3747 493 3806 V.
521 3743 603 3806 tarde
632 3744 857 3822 progrediuntur
884 3764 1000 3824 operae.
1045 3745 1156 3825 Accipe
1186 3745 1236 3807 hic
1261 3748 1386 3825 primum
1408 3745 1473 3824 ejus
1504 3743 1607 3807 folium
1637 3745 1726 3824 idque

294 3870 298 3877 ,
357 3854 443 3914 ,cum
465 3831 635 3911 bibliopolis
662 3830 700 3893 ad
726 3832 844 3910 publice
874 3832 1085 3896 ostendendum
1113 3835 1308 3910 communica,
1343 3849 1498 3912 meumque
1526 3831 1584 3895 boc
1606 3850 1725 3912 operum

377 3925 436 3985 Dei
458 3921 646 4001 praeconium
669 3917 788 3997 adjuva,
810 3928 844 3981 ut
866 3921 1043 3999 exemplaria
1066 3925 1291 4000 quamprimum
1307 3918 1555 3982 communicentur
1575 3936 1642 3982 cum
1656 3921 1726 4001 pin-

378 4012 459 4071 ribue
484 4010 588 4087 dignis.
633 4006 776 4070 Tradetur
798 4014 892 4070 totum
920 4026 995 4088 opus
1016 4008 1197 4088 bibliopolas
1218 4004 1472 4071 Francoi'ordicnei
1498 4006 1726 4089 distabiturque

381 4101 456 4160 inter
477 4093 673 4176 bibliopolas,
696 4099 746 4174 qui
767 4103 871 4175 postea
892 4098 987 4173 pretia
1007 4099 1037 4156 in
1060 4098 1234 4159 immensum
1255 4096 1425 4172 intendunt3
1455 4098 1499 4156 iia
1518 4094 1552 4156 111
1575 4102 1609 4156 61
1629 4099 1727 4159 miuus

378 4188 514 4264 iaqueus
535 4188 575 4245 611
596 4183 661 4262 ejus
682 4182 787 4260 lectio,
811 4188 918 4262 quippe
939 4183 1099 4245 latentibus
1119 4187 1151 4245 in
1172 4185 1302 4246 tabernis
1324 4183 1539 4263 exemplaribus
1559 4184 1725 4262 666166ι1ς

290 4336 294 4345 ,
377 4290 473 4351 neque
495 4288 550 4350 ego
574 4272 730 4334 connivere
752 4288 881 4352 possein,
904 4278 938 4332 ut
958 4270 1134 4333 recedenter
1155 4274 1187 4334 in
1202 4273 1299 4350 Italia,
1321 4289 1380 4332 non
1394 4270 1552 4335 divenditis
1574 4273 1619 4344 iis,
1643 4290 1720 4350 quae

381 4366 496 4422 exstant
517 4360 548 4418 16
571 4356 737 4437 Germania,
758 4361 816 4420 6161
837 4377 884 4421 ms
906 4360 1004 4437 ipsum
1024 4362 1181 4437 impensis,
1204 4377 1278 4439 quas
1300 4376 1422 4438 magnas
1445 4359 1586 4433 sustineo,
1608 4362 1725 4436 privare
1794 4432 1799 4439 Ι

379 4442 477 4510 v'elim.
520 4446 700 4522 Ρ166616161,
726 4447 791 4526 jam
812 4449 911 4509 statim
932 4465 986 4524 per
1006 4455 1181 4511 mercatores
1210 4450 1241 4508 in
1264 4447 1333 4510 aula
1355 4448 1502 4510 Caesarea
1523 4444 1645 4507 Italicos
1667 4447 1725 4508 ali-

379 4553 466 4615 quem
498 4551 650 4596 numerum
676 4536 708 4596 in
729 4533 848 4597 Italiam
874 4537 1082 4613 omsponeri,
1115 4536 1311 4599 intercedente
1336 4541 1490 4616 praesente
1517 4535 1644 4613 6666616
1672 4541 1725 4596 aut

415 4623 536 4683 ousione
557 4621 672 4683 idonea.
1393 4640 1397 4647 ·

379 4642 414 4703 ῳ
463 4707 586 4770 Videbis
617 4708 669 4771 illc
698 4706 774 4770 libro
795 4706 848 4769 iv.
875 4705 1095 4793 fundamepium
1124 4709 1317 4774 directionum
1334 4706 1476 4772 'naturale
1509 4723 1545 4768 ex
1567 4722 1634 4795 urea
1654 4725 1725 4771 sen·

379 4799 479 4873 tentia,
502 4814 538 4858 ex
560 4811 619 4873 quo
640 4796 772 4858 nascitur
792 4794 897 4859 modus
919 4794 1061 4876 dirigendi
1083 4797 1191 4860 mixtus
1217 4817 1253 4862 ex
1276 4799 1412 4862 omnibus
1433 4796 1575 4858 16616666
1596 4796 1723 4859 astaus

379 4885 417 4946 111
438 4885 508 4965 quia
528 4886 560 4945 iu
580 4883 657 4947 bauo
677 4886 856 4949 6166116666
877 4885 981 4963 nudi,
1004 4884 1087 4949 lubet
1107 4886 1270 4966 perieulum
1289 4888 1388 4951 facere
1407 4881 1624 4966 promtitudiuis
1645 4889 1724 4962 tusa,
