3882 5862
430 370 493 429 426
897 371 1062 440 appendicis
1079 371 1302 428 Harmonicorum

429 544 533 622 piem
555 550 680 622 paginas
708 549 846 610 retundis
892 546 1012 612 Utinam
1040 571 1076 613 ex
1104 556 1140 613 iis
1171 553 1297 631 plurima
1324 550 1362 613 ad
1390 552 1553 629 proiectum
1575 550 1692 611 lectoris
1718 548 1771 610 ‹le-

430 648 561 711 promere
584 642 614 693 et
636 635 780 713 explicare
803 640 921 713 possim.

516 720 646 781 Primum'
662 725 835 801 jactantium
860 726 931 784 mihi
954 729 1127 804 exprobras,
1151 737 1184 789 ut
1207 729 1386 807 plerumque.
1431 728 1499 786 Non
1520 733 1639 798 mnne,
1662 731 1695 784 nt
1716 723 1772 784 boc

430 806 529 867 medat
562 809 661 869 lector.
716 811 825 873 Versor
858 815 888 871 in
924 831 959 874 eo
991 815 1183 889 instituendo,
1218 815 1385 875 discrimina
1415 815 1553 874 librorum
1586 811 1776 891 proponentis

428 894 552 969 inerunt,
577 915 701 973 quorum
723 899 779 959 boc
801 917 859 959 non
882 910 926 960 est
948 911 1136 979 postremum.
1181 904 1330 978 Rogatus,
1354 902 1424 978 quid
1446 904 1574 975 intersit,
1597 898 1770 977 respondeo,

428 980 509 1041 alind
532 984 602 1042 mibi
625 1002 690 1045 esse
712 989 886 1061 institutum,
909 988 990 1048 alind
1013 992 1082 1064 tibi3
1106 999 1136 1050 te
1158 992 1340 1051 aretatibus
1362 998 1567 1059 transsumere,
1590 988 1773 1047 transeuntis

428 1071 487 1143 nti,
520 1088 567 1130 me
590 1072 706 1146 videre,
733 1091 775 1133 ‹ne
799 1075 870 1149 quid
891 1084 1007 1152 praeter
1028 1086 1162 1137 naturam
1185 1084 1415 1149 transsumentem
1448 1083 1478 1135 te
1500 1076 1537 1135 de
1559 1075 1688 1137 ooninsis
1714 1090 1774 1133 non

428 1160 584 1231 cogitasse,
608 1176 654 1219 me
678 1163 797 1238 insuper
820 1168 851 1222 et
872 1161 1027 1240 disponere
1049 1165 1188 1224 voluisse.
1235 1165 1349 1240 Quibus
1372 1165 1469 1223 verbis
1491 1156 1579 1222 simtd
1601 1178 1690 1222 ιιιιι
1711 1160 1774 1221 lec·

427 1244 539 1303 toribus
561 1248 738 1323 insinuatur,
770 1267 820 1309 cur
842 1249 927 1310 nobis
950 1270 1007 1311 non
1031 1270 1082 1328 per
1106 1254 1204 1313 omnia
1228 1255 1401 1326 conveniat3
1434 1252 1490 1310 boc
1512 1267 1631 1328 qnoque
1658 1267 1696 1308 ex
1718 1266 1772 1308 usu

426 1330 551 1392 lectoris.
869 1380 872 1387 .

514 1420 627 1482 Deinde
651 1425 813 1498 quiritsris,
836 1440 883 1483 me
905 1432 1033 1499 tentare,
1064 1436 1145 1486 tuam
1167 1429 1363 1502 ignorantiam
1385 1433 1474 1501 atque
1497 1426 1642 1485 inscitiam
1664 1424 1774 1484 mundo

427 1506 590 1584 propalare.
636 1508 727 1569 Plane
750 1510 860 1570 falleris
883 1520 934 1571 aut
955 1513 1043 1572 lallis.
1089 1515 1169 1588 Ego,
1204 1521 1238 1572 ut
1259 1513 1333 1585 dixi,
1366 1531 1433 1572 mea
1455 1531 1521 1571 cum
1538 1514 1602 1571 'tuis
1625 1528 1773 1588 comparo,

428 1603 460 1654 ut
483 1595 620 1656 lectorem
643 1598 789 1672 erudiam,
822 1615 908 1674 quem
931 1604 992 1659 scio
1022 1619 1058 1675 ep
1080 1605 1261 1676 ignei-untur
1291 1609 1319 1659 et
1339 1604 1460 1660 inscitia
1489 1601 1664 1676 cujusquam
1694 1599 1773 1658 baud

427 1681 586 1760 quidquam
609 1685 756 1761 prolicere.
803 1685 918 1761 Pergis,
943 1706 988 1747 me
1013 1688 1085 1746 nibil
1109 1690 1235 1748 tribuere
1258 1692 1394 1765 propriae
1425 1696 1495 1748 tuae
1523 1690 1695 1748 inventioni.
1741 1687 1772 1746 Si

427 1777 568 1831 attentum
592 1768 683 1831 babes
707 1775 835 1832 animum
857 1774 895 1832 ad
919 1792 974 1842 res,
999 1775 1034 1835 de
1058 1772 1165 1851 qulbus
1186 1776 1243 1834 boc
1265 1784 1346 1836 textu
1362 1792 1427 1851 ago,
1450 1775 1588 1834 iatebsris
1610 1775 1640 1833 id
1666 1777 1773 1851 ipsum.

428 1858 486 1915 Gur
509 1875 577 1935 ergo
601 1859 706 1918 laisum
729 1877 785 1936 ego
808 1860 845 1919 de
867 1867 896 1921 te
920 1862 1069 1923 dicerem?
1113 1862 1277 1937 Quaeritur,
1301 1870 1433 1939 questu
1452 1861 1552 1921 tradas
1569 1865 1775 1939 proportiones

426 1945 633 2006 hannoniensi
671 1949 777 2023 quibua
809 1952 936 2010 numeris
973 1951 1220 2028 comprehensas?
1258 1950 1327 2026 qnid
1359 1951 1412 2009 tibi
1440 1950 1551 2009 tonus?
1588 1949 1659 2026 quid
1683 1952 1775 2010 semi·

426 2033 560 2093 tunium?
604 2033 687 2094 Haec
709 2044 740 2093 tu
764 2037 862 2095 omnia
883 2055 902 2096 a
925 2039 1081 2110 veteribus,
1106 2056 1170 2114 ego,
1195 2044 1342 2115 utcunque
1356 2039 1543 2097 inveniantur
1561 2037 1662 2114 aliqua
1683 2040 1774 2097 etiam

426 2120 504 2196 apud
529 2128 650 2195 veteres,
673 2130 852 2183 nontamen
875 2133 910 2195 nt
932 2144 950 2183 n
973 2127 1122 2185 veteribus
1145 2135 1324 2198 transsnmo,
1354 2125 1405 2185 sed
1428 2124 1619 2183 dissimulatis
1639 2126 1774 2183 auctori·

425 2208 480 2268 bns
515 2210 554 2269 ab
586 2212 658 2287 ipsis
690 2209 887 2271 fundamentis
920 2229 999 2272 eruo.
1044 2213 1089 2272 'l’u
1117 2213 1269 2272 reluctaris
1302 2221 1332 2272 et
1361 2227 1437 2289 quae
1468 2214 1615 2272 inveneris
1648 2210 1773 2272 indicas.

425 2295 577 2371 Quaenam
601 2296 675 2356 illa?
720 2297 967 2375 Hieroglyphicae
994 2303 1136 2377 picturae.
1183 2302 1223 2359 At
1245 2300 1293 2359 bic
1315 2302 1417 2360 vince.
1451 2317 1499 2358 ms
1524 2315 1583 2359 non
1609 2306 1773 2375 pugnante,

425 2399 482 2441 non
512 2391 574 2443 erat
602 2384 674 2442 mibi
697 2384 744 2443 bic
766 2402 861 2444 sermo
890 2388 946 2445 nisi
977 2386 1013 2447 de
1041 2386 1260 2448 intervallorum
1284 2388 1529 2464 proportionibus.
1574 2387 1638 2446 Nec
1664 2386 1773 2462 probro

424 2471 477 2528 tibi
497 2470 563 2531 dedi
586 2474 670 2546 sequi
692 2479 822 2545 veteres,
856 2482 983 2533 errantes
1005 2474 1091 2549 licet,
1121 2475 1278 2535 dummodo
1307 2475 1364 2534 boc
1386 2482 1415 2533 te
1437 2473 1538 2535 lateat.
1582 2472 1648 2533 Non
1672 2477 1773 2534 emnia

426 2560 534 2634 ubique
556 2575 611 2619 nec
630 2567 697 2619 aunt
721 2559 874 2619 tractanda
895 2578 949 2621 nec
971 2571 1095 2639 possunt
1118 2564 1245 2621 tractari

510 2645 590 2704 Petis
612 2650 793 2707 instantium
823 2652 1047 2710 intersectionis
1075 2659 1102 2710 et
1123 2650 1330 2726 consuetunis?
1372 2649 1462 2709 Eece:
1494 2648 1681 2707 semitonium
1704 2664 1772 2707 cum

424 2733 548 2792 Platone
571 2731 673 2794 definis
697 2728 842 2796 ordinarie'
856 2739 983 2797 numeris
1000 2732 1120 2819 ²⁴¹¹J²5ss
1165 2738 1231 2797 Hoc
1246 2741 1445 2798 incorrectum.
1490 2734 1557 2793 Non
1572 2734 1679 2805 danim
1692 2737 1771 2795 euim

425 2820 482 2879 duo
506 2821 567 2880 toni
590 2822 715 2898 majores
738 2823 891 2899 deinceps,
921 2831 953 2882 ut
977 2843 1077 2885 eorum
1100 2842 1213 2884 summa
1235 2821 1304 2907 33[55
1338 2825 1528 2884 subtractas
1551 2818 1594 2905 35[
1624 2821 1772 2899 relinquat

422 2903 543 2990 333[555.
589 2909 626 2966 Ει
648 2910 737 2969 lroc
725 2927 787 2985 Jam
810 2920 873 2970 esto
896 2913 1075 2973 contusionis
1099 2912 1273 2989 exemplum,
1297 2868 1379 2986 qnod
1399 2920 1486 2971 tonos
1508 2927 1575 2969 eum
1596 2907 1770 2970 Ptolemaeo

424 2995 498 3054 duos
521 2996 613 3055 bobes
635 2992 678 3079 35[
701 3006 731 3055 et
754 2990 811 3079 3[55
841 2998 993 3073 eisquet
965 2999 1049 3058 addis
1071 2998 1256 3060 semitonium
1281 2995 1399 3080 ’333[,55.
1445 2999 1537 3072 Atqui
1565 2998 1590 3057 ai
1613 3003 1683 3056 sunt
1711 2998 1771 3057 duo

421 3084 482 3142 toni
506 3082 651 3159 deinceps,
674 3083 746 3143 alter
768 3080 820 3167 35,[
844 3080 1004 3168 ι1ιιι3[5,5
1028 3083 1214 3169 ιιιιιιιιιι3[55
1239 3080 1631 3173 νι133[55ιι1)1ιιιι35[
1615 3079 1769 3165 ιι133[55,

422 3169 561 3246 relinquit
592 3173 778 3230 semitonium
810 3166 957 3254 33[55,1ι1
989 3189 1034 3232 est
1062 3170 1146 3258 Ι3[55
1192 3176 1244 3233 Ειι
1279 3177 1379 3249 ltaque
1401 3173 1553 3232 confusum
1581 3160 1771 3231 semitonium

422 3256 555 3316 Platonis
587 3274 652 3317 cum
681 3261 758 3317 tonis
781 3257 953 3319 Ptolemaei.
998 3259 1085 3319 Talia
1116 3261 1202 3337 plura
1231 3268 1399 3333 occurrunt,
1432 3277 1489 3319 non
1522 3258 1588 3318 ideo
1609 3258 1769 3335 repreben-

423 3343 547 3403 denda
540 3361 569 3400 m
593 3352 766 3423 usurpante,
789 3348 813 3405 si
837 3350 1018 3423 propositum
1041 3350 1068 3407 ei
1088 3340 1190 3419 inerit,
1213 3352 1297 3424 sequi
1320 3355 1447 3420 veteres,
1471 3353 1504 3405 at
1527 3344 1660 3406 carenda
1681 3363 1701 3405 a
1723 3346 1769 3405 le-

420 3439 515 3508 gente,
539 3434 564 3489 si
588 3430 718 3508 adspirat
740 3431 778 3492 ad
795 3432 986 3493 emendatam
1008 3435 1189 3496 harmonices
1213 3439 1424 3507 cognitionem,
1452 3449 1545 3510 quare
1571 3442 1600 3493 et
1621 3433 1770 3494 monenda

421 3519 593 3591 edocente,
616 3521 642 3578 ei
664 3519 730 3578 vult
750 3519 848 3580 officio
870 3522 985 3580 iunctus
1008 3521 1108 3584 videri.
1154 3524 1219 3582 Non
1242 3524 1343 3582 haeret
1366 3525 1454 3597 igitur
1482 3525 1511 3577 in
1533 3538 1580 3580 me
1603 3521 1769 3596 conjectum

420 3607 556 3665 invidiae
578 3609 709 3667 cuninae
731 3608 883 3685 probrum,
912 3626 967 3669 nec
988 3611 1095 3685 probas
1119 3613 1242 3683 crimen,
1274 3610 1353 3685 quod
1375 3612 1517 3680 intentas,
1541 3611 1673 3668 accusari
1697 3615 1770 3673 ten

420 3712 467 3754 me
489 3710 543 3770 pro
565 3697 728 3754 imitatione
751 3697 920 3773 opinionum
944 3696 1077 3756 aliorum.
1122 3698 1197 3757 Nam
1220 3714 1275 3771 ego
1298 3697 1368 3755 mibi
1392 3696 1472 3756 laudi
1496 3695 1582 3767 duco,
1603 3698 1690 3772 sequi
1712 3713 1769 3755 re·

419 3790 494 3840 teres
518 3798 576 3841 non
599 3789 738 3853 errantes,
762 3790 791 3841 et
814 3784 945 3859 gratulor
958 3784 1104 3843 humanae
1120 3784 1262 3861 felicitati,
1284 3786 1400 3859 quoties
1421 3784 1451 3843 id
1465 3800 1554 3860 posse
1569 3782 1640 3841 mibi
1656 3783 1769 3855 rideer,

420 3868 555 3943 idemque
586 3870 701 3944 quoties
729 3871 786 3929 boc
807 3888 866 3931 non
888 3888 1023 3949 possum,
1055 3872 1178 3932 desertis
1200 3872 1349 3931 veteribus
1375 3870 1416 3930 ad
1439 3879 1572 3931 usturam
1595 3872 1767 3947 transfugio.

418 3955 507 4014 Nulla
529 3956 577 4015 bic
598 3959 813 4032 inconstantia,
836 3976 903 4018 narn
926 3968 1049 4034 utraque
1072 3963 1121 4018 ria
1144 3966 1311 4020 constanter
1334 3959 1372 4018 ad
1388 3962 1541 4019 veritatem
1555 3957 1674 4018 tendere
1695 3975 1768 4038 pro-

418 4045 546 4121 positum
569 4043 674 4103 babeo.

504 4131 692 4207 Pythagorae
714 4133 804 4207 igitur
826 4139 855 4190 et
869 4132 988 4192 Boethii
1013 4133 1166 4194 intervalla
1189 4133 1268 4210 qnod
1284 4136 1357 4193 meis
1371 4134 1510 4209 praeiens,
1533 4149 1591 4192 non
1614 4140 1682 4213 ante
1699 4150 1770 4209 per-

419 4215 536 4291 suades,
559 4232 647 4293 quam
671 4219 787 4295 objectu
809 4218 867 4278 illis
889 4239 908 4278 a
930 4238 976 4280 me
1000 4221 1162 4292 dissolvas,
1186 4239 1250 4281 mea
1273 4221 1456 4279 firmamenta
1478 4218 1654 4291 demoliaris,
1677 4220 1768 4297 tuqus

419 4305 518 4363 verbis
542 4313 572 4363 et
594 4305 853 4379 diagrammatibns
876 4310 1093 4383 quantitativis3
1126 4311 1216 4367 nimio
1239 4312 1316 4367 enim
1338 4308 1410 4368 mibi
1432 4310 1592 4380 constabit,
1623 4323 1691 4366 cum
1711 4327 1768 4369 ve·
1832 4326 1837 4349 ⁸

417 4393 484 4450 stris
512 4394 674 4468 sapientiae
704 4394 773 4453 filiis
804 4402 883 4453 trans
911 4411 990 4455 mare
1018 4411 1146 4467 currere,
1179 4407 1212 4454 nt
1234 4395 1308 4455 baec
1330 4396 1383 4455 abs
1407 4402 1436 4455 te
1464 4402 1601 4455 manuus
1631 4395 1686 4454 sub
1708 4395 1768 4456 iids

417 4478 526 4538 silentii
556 4480 687 4539 bennam
716 4481 833 4558 tuisque
862 4484 1076 4558 aenigmatibus
1106 4489 1337 4561 repraesentata,
1369 4484 1413 4541 tui
1443 4482 1542 4561 templi
1571 4482 1686 4559 pictura
1712 4500 1768 4542 cx·

419 4582 536 4643 pressa,
559 4566 730 4643 intelligam

506 4652 742 4716 Consentaneum
765 4654 849 4715 dictis
871 4665 930 4730 est,
960 4664 993 4715 ut
1015 4658 1069 4717 tibi
1091 4673 1147 4732 ego
1170 4658 1279 4732 gratias
1294 4673 1403 4729 agam
1436 4657 1502 4717 loca
1523 4659 1707 4733 conquirenti
1727 4675 1767 4717 ex

417 4738 499 4798 libris
522 4744 609 4814 meis,
639 4742 689 4802 nbi
712 4751 827 4802 veteres
849 4759 905 4819 ego
927 4761 991 4803 sum
1014 4747 1159 4814 imitatus,
1191 4745 1246 4803 etsi
1275 4746 1381 4804 rectius
1409 4743 1439 4803 id
1462 4760 1517 4821 ego
1547 4747 1609 4821 ipse
1630 4744 1766 4804 iecissem

420 4827 550 4902 citraque
577 4827 815 4891 hallucinationis
840 4830 1010 4909 periculum.
1056 4830 1255 4908 Quaecunque
1278 4838 1377 4893 nmen
1406 4833 1455 4893 bie
1482 4840 1515 4893 tu
1544 4833 1693 4909 congeris,
1724 4829 1766 4892 ad
