<?xml version="1.0" encoding="UTF-8"?>
<!DOCTYPE html PUBLIC "-//W3C//DTD XHTML 1.0 Transitional//EN"
    "http://www.w3.org/TR/xhtml1/DTD/xhtml1-transitional.dtd">
<html xmlns="http://www.w3.org/1999/xhtml" xml:lang="en" lang="en">
 <head>
  <title>
</title>
<meta http-equiv="Content-Type" content="text/html;charset=utf-8" />
  <meta name='ocr-system' content='tesseract 3.04.00' />
  <meta name='ocr-capabilities' content='ocr_page ocr_carea ocr_par ocr_line ocrx_word'/>
</head>
<body>
  <div class='ocr_page' id='page_1' title='image "./joanniskepleria29frisgoog_0463.png"; bbox 0 0 3882 5862; ppageno 0'>
   <div class='ocr_carea' id='block_1_1' title="bbox 436 417 1315 490">
    <p class='ocr_par' dir='ltr' id='par_1_1' title="bbox 436 417 1315 490">
     <span class='ocr_line' id='line_1_1' title="bbox 436 417 1315 490; baseline -0.017 -1"><span class='ocrx_word' id='word_1_1' title='bbox 436 431 499 488; x_wconf 74' lang='lat'><strong>442</strong></span> <span class='ocrx_word' id='word_1_2' title='bbox 906 417 1073 490; x_wconf 78' lang='lat' dir='ltr'><strong>Appendicis</strong></span> <span class='ocrx_word' id='word_1_3' title='bbox 1090 419 1315 477; x_wconf 79' lang='lat' dir='ltr'><strong>Harmouieormu</strong></span> 
     </span>
    </p>
   </div>
   <div class='ocr_carea' id='block_1_2' title="bbox 390 595 1819 1211">
    <p class='ocr_par' dir='ltr' id='par_1_2' title="bbox 390 595 1819 1035">
     <span class='ocr_line' id='line_1_2' title="bbox 436 595 1782 678; baseline -0.004 -14"><span class='ocrx_word' id='word_1_4' title='bbox 436 600 545 664; x_wconf 84' lang='lat' dir='ltr'><strong>circulo</strong></span> <span class='ocrx_word' id='word_1_5' title='bbox 567 601 739 677; x_wconf 72' lang='lat' dir='ltr'><strong>masupias,</strong></span> <span class='ocrx_word' id='word_1_6' title='bbox 762 597 873 661; x_wconf 84' lang='lat' dir='ltr'><strong>scilicet</strong></span> <span class='ocrx_word' id='word_1_7' title='bbox 896 607 1097 678; x_wconf 82' lang='lat' dir='ltr'><strong>teuagsuum,</strong></span> <span class='ocrx_word' id='word_1_8' title='bbox 1121 603 1282 677; x_wconf 78' lang='lat' dir='ltr'><strong>trigonum,</strong></span> <span class='ocrx_word' id='word_1_9' title='bbox 1305 603 1448 662; x_wconf 88' lang='lat' dir='ltr'><strong>concinna</strong></span> <span class='ocrx_word' id='word_1_10' title='bbox 1463 600 1589 672; x_wconf 84' lang='lat' dir='ltr'><strong>minime,</strong></span> <span class='ocrx_word' id='word_1_11' title='bbox 1612 595 1665 659; x_wconf 86' lang='lat' dir='ltr'><strong>sed</strong></span> <span class='ocrx_word' id='word_1_12' title='bbox 1679 613 1782 659; x_wconf 79' lang='lat' dir='ltr'><strong>uuum·</strong></span> 
     </span>
     <span class='ocr_line' id='line_1_3' title="bbox 390 687 1783 769; baseline -0.006 -18"><span class='ocrx_word' id='word_1_13' title='bbox 390 716 397 725; x_wconf 61' lang='lat'><strong><em>¹</em></strong></span> <span class='ocrx_word' id='word_1_14' title='bbox 437 690 576 769; x_wconf 84' lang='lat' dir='ltr'><strong>quodque</strong></span> <span class='ocrx_word' id='word_1_15' title='bbox 598 688 701 747; x_wconf 87' lang='lat' dir='ltr'><strong>borum</strong></span> <span class='ocrx_word' id='word_1_16' title='bbox 722 695 900 747; x_wconf 87' lang='lat' dir='ltr'><strong>monstratur</strong></span> <span class='ocrx_word' id='word_1_17' title='bbox 921 706 974 747; x_wconf 91' lang='lat' dir='ltr'><strong>seu</strong></span> <span class='ocrx_word' id='word_1_18' title='bbox 997 692 1127 765; x_wconf 81' lang='lat' dir='ltr'>gignitur</span> <span class='ocrx_word' id='word_1_19' title='bbox 1147 706 1198 767; x_wconf 93' lang='lat' dir='ltr'><strong>per</strong></span> <span class='ocrx_word' id='word_1_20' title='bbox 1221 691 1467 765; x_wconf 86' lang='lat' dir='ltr'><strong>comparationem</strong></span> <span class='ocrx_word' id='word_1_21' title='bbox 1495 687 1619 748; x_wconf 85' lang='lat' dir='ltr'><strong>duorum</strong></span> <span class='ocrx_word' id='word_1_22' title='bbox 1641 700 1783 745; x_wconf 76' lang='lat' dir='ltr'><strong>comouu·</strong></span> 
     </span>
     <span class='ocr_line' id='line_1_4' title="bbox 437 768 1819 859; baseline -0.004 -22"><span class='ocrx_word' id='word_1_23' title='bbox 437 768 518 852; x_wconf 73' lang='lat' dir='ltr'><strong>rum,</strong></span> <span class='ocrx_word' id='word_1_24' title='bbox 542 783 574 834; x_wconf 90' lang='lat' dir='ltr'><strong>ut</strong></span> <span class='ocrx_word' id='word_1_25' title='bbox 596 784 682 834; x_wconf 76' lang='lat' dir='ltr'><strong>muns</strong></span> <span class='ocrx_word' id='word_1_26' title='bbox 705 777 798 851; x_wconf 86' lang='lat' dir='ltr'><strong>major</strong></span> <span class='ocrx_word' id='word_1_27' title='bbox 820 793 873 834; x_wconf 90' lang='lat' dir='ltr'><strong>seu</strong></span> <span class='ocrx_word' id='word_1_28' title='bbox 895 772 938 859; x_wconf 55' lang='grc' dir='ltr'>Ἃ</span> <span class='ocrx_word' id='word_1_29' title='bbox 960 795 1020 853; x_wconf 75' lang='lat' dir='ltr'><strong>pen</strong></span> <span class='ocrx_word' id='word_1_30' title='bbox 1034 777 1234 853; x_wconf 73' lang='lat' dir='ltr'><strong>nouangulum</strong></span> <span class='ocrx_word' id='word_1_31' title='bbox 1256 779 1357 853; x_wconf 89' lang='lat' dir='ltr'><strong>nequit</strong></span> <span class='ocrx_word' id='word_1_32' title='bbox 1379 779 1474 851; x_wconf 78' lang='lat' dir='ltr'><strong>gigni,</strong></span> <span class='ocrx_word' id='word_1_33' title='bbox 1498 773 1572 835; x_wconf 80' lang='lat' dir='ltr'><strong>nihil</strong></span> <span class='ocrx_word' id='word_1_34' title='bbox 1594 776 1672 834; x_wconf 88' lang='lat' dir='ltr'><strong>euim</strong></span> <span class='ocrx_word' id='word_1_35' title='bbox 1694 773 1784 848; x_wconf 81' lang='lat' dir='ltr'><strong>gignit</strong></span> <span class='ocrx_word' id='word_1_36' title='bbox 1814 776 1819 803; x_wconf 80' lang='lat'>¹</span> 
     </span>
     <span class='ocr_line' id='line_1_5' title="bbox 438 858 1783 946; baseline -0.001 -23"><span class='ocrx_word' id='word_1_37' title='bbox 438 862 654 939; x_wconf 81' lang='lat' dir='ltr'><strong>nonaugqum,</strong></span> <span class='ocrx_word' id='word_1_38' title='bbox 679 879 743 923; x_wconf 87' lang='lat' dir='ltr'><strong>cum</strong></span> <span class='ocrx_word' id='word_1_39' title='bbox 766 864 804 921; x_wconf 90' lang='lat' dir='ltr'><strong>sit</strong></span> <span class='ocrx_word' id='word_1_40' title='bbox 826 862 919 939; x_wconf 83' lang='lat' dir='ltr'><strong>figura</strong></span> <span class='ocrx_word' id='word_1_41' title='bbox 941 864 1224 939; x_wconf 83' lang='lat' dir='ltr'><strong>indemonstrabilis3</strong></span> <span class='ocrx_word' id='word_1_42' title='bbox 1247 874 1278 923; x_wconf 87' lang='lat' dir='ltr'><strong>at</strong></span> <span class='ocrx_word' id='word_1_43' title='bbox 1302 863 1423 923; x_wconf 86' lang='lat' dir='ltr'><strong>resultat</strong></span> <span class='ocrx_word' id='word_1_44' title='bbox 1445 858 1487 946; x_wconf 57' lang='grc' dir='ltr'><strong>Ἃ,</strong></span> <span class='ocrx_word' id='word_1_45' title='bbox 1510 880 1547 923; x_wconf 83' lang='lat' dir='ltr'><strong>ex</strong></span> <span class='ocrx_word' id='word_1_46' title='bbox 1569 862 1783 938; x_wconf 85' lang='lat' dir='ltr'><strong>comparatione</strong></span> 
     </span>
     <span class='ocr_line' id='line_1_6' title="bbox 436 946 1417 1035; baseline -0.004 -22"><span class='ocrx_word' id='word_1_47' title='bbox 436 952 619 1013; x_wconf 82' lang='lat' dir='ltr'><strong>diatessaron</strong></span> <span class='ocrx_word' id='word_1_48' title='bbox 643 967 708 1009; x_wconf 92' lang='lat' dir='ltr'><strong>cum</strong></span> <span class='ocrx_word' id='word_1_49' title='bbox 732 948 882 1025; x_wconf 84' lang='lat' dir='ltr'><strong>diapente,</strong></span> <span class='ocrx_word' id='word_1_50' title='bbox 906 954 979 1028; x_wconf 87' lang='lat' dir='ltr'><strong>quia</strong></span> <span class='ocrx_word' id='word_1_51' title='bbox 999 951 1094 1011; x_wconf 82' lang='lat' dir='ltr'><strong>differt</strong></span> <span class='ocrx_word' id='word_1_52' title='bbox 1117 947 1158 1034; x_wconf 57' lang='grc' dir='ltr'>Ἀ</span> <span class='ocrx_word' id='word_1_53' title='bbox 1180 956 1200 1012; x_wconf 80' lang='grc' dir='ltr'><strong>ιι</strong></span> <span class='ocrx_word' id='word_1_54' title='bbox 1222 946 1264 1035; x_wconf 68' lang='lat'><strong>¹²),</strong></span> <span class='ocrx_word' id='word_1_55' title='bbox 1286 969 1339 1028; x_wconf 91' lang='lat' dir='ltr'><strong>per</strong></span> <span class='ocrx_word' id='word_1_56' title='bbox 1361 948 1417 1034; x_wconf 56' lang='grc' dir='ltr'><strong>Ἃ.</strong></span> 
     </span>
    </p>

    <p class='ocr_par' dir='ltr' id='par_1_3' title="bbox 437 1036 1784 1211">
     <span class='ocr_line' id='line_1_7' title="bbox 523 1036 1784 1121; baseline -0.002 -25"><span class='ocrx_word' id='word_1_57' title='bbox 523 1037 568 1096; x_wconf 85' lang='grc' dir='ltr'><strong>Τιι</strong></span> <span class='ocrx_word' id='word_1_58' title='bbox 591 1053 698 1113; x_wconf 80' lang='lat' dir='ltr'><strong>uagas,</strong></span> <span class='ocrx_word' id='word_1_59' title='bbox 729 1037 886 1096; x_wconf 84' lang='lat' dir='ltr'><strong>intervalla</strong></span> <span class='ocrx_word' id='word_1_60' title='bbox 914 1041 1028 1107; x_wconf 86' lang='lat' dir='ltr'><strong>minora</strong></span> <span class='ocrx_word' id='word_1_61' title='bbox 1058 1041 1127 1099; x_wconf 89' lang='lat' dir='ltr'><strong>oriri</strong></span> <span class='ocrx_word' id='word_1_62' title='bbox 1156 1058 1191 1100; x_wconf 86' lang='lat' dir='ltr'><strong>ex</strong></span> <span class='ocrx_word' id='word_1_63' title='bbox 1215 1042 1350 1099; x_wconf 88' lang='lat' dir='ltr'><strong>consonis</strong></span> <span class='ocrx_word' id='word_1_64' title='bbox 1375 1039 1545 1113; x_wconf 87' lang='lat' dir='ltr'><strong>majoribus.</strong></span> <span class='ocrx_word' id='word_1_65' title='bbox 1590 1036 1677 1121; x_wconf 78' lang='lat' dir='ltr'><strong>Enim</strong></span> <span class='ocrx_word' id='word_1_66' title='bbox 1706 1049 1784 1106; x_wconf 65' lang='lat' dir='ltr'><strong>seru</strong></span> 
     </span>
     <span class='ocr_line' id='line_1_8' title="bbox 437 1122 1784 1211; baseline -0.003 -27"><span class='ocrx_word' id='word_1_67' title='bbox 437 1125 574 1211; x_wconf 69' lang='lat' dir='ltr'><strong>nusae,</strong></span> <span class='ocrx_word' id='word_1_68' title='bbox 599 1142 688 1200; x_wconf 90' lang='lat' dir='ltr'><strong>quam</strong></span> <span class='ocrx_word' id='word_1_69' title='bbox 713 1124 762 1182; x_wconf 92' lang='lat' dir='ltr'><strong>diu</strong></span> <span class='ocrx_word' id='word_1_70' title='bbox 776 1131 814 1193; x_wconf 55' lang='lat' dir='ltr'><strong>,te</strong></span> <span class='ocrx_word' id='word_1_71' title='bbox 837 1126 932 1202; x_wconf 86' lang='lat' dir='ltr'><strong>ipsum</strong></span> <span class='ocrx_word' id='word_1_72' title='bbox 955 1128 985 1183; x_wconf 89' lang='lat' dir='ltr'><strong>in</strong></span> <span class='ocrx_word' id='word_1_73' title='bbox 1006 1125 1153 1187; x_wconf 88' lang='lat' dir='ltr'><strong>Hermctis</strong></span> <span class='ocrx_word' id='word_1_74' title='bbox 1175 1129 1217 1185; x_wconf 93' lang='lat' dir='ltr'><strong>tui</strong></span> <span class='ocrx_word' id='word_1_75' title='bbox 1241 1126 1322 1187; x_wconf 90' lang='lat' dir='ltr'><strong>lucos</strong></span> <span class='ocrx_word' id='word_1_76' title='bbox 1345 1126 1493 1197; x_wconf 88' lang='lat' dir='ltr'><strong>abdidisti‚</strong></span> <span class='ocrx_word' id='word_1_77' title='bbox 1517 1125 1663 1183; x_wconf 70' lang='lat' dir='ltr'><strong>tuluss&#39;es</strong></span> <span class='ocrx_word' id='word_1_78' title='bbox 1685 1122 1784 1183; x_wconf 73' lang='lat' dir='ltr'><strong>exuti·</strong></span> 
     </span>
    </p>
   </div>
   <div class='ocr_carea' id='block_1_3' title="bbox 364 1208 1814 4964">
    <p class='ocr_par' dir='ltr' id='par_1_4' title="bbox 435 1208 1786 1647">
     <span class='ocr_line' id='line_1_9' title="bbox 435 1208 1785 1288; baseline -0.002 -16"><span class='ocrx_word' id='word_1_79' title='bbox 435 1216 594 1272; x_wconf 84' lang='lat' dir='ltr'><strong>mationem</strong></span> <span class='ocrx_word' id='word_1_80' title='bbox 617 1219 779 1288; x_wconf 86' lang='lat' dir='ltr'><strong>utcunque,</strong></span> <span class='ocrx_word' id='word_1_81' title='bbox 809 1213 929 1288; x_wconf 79' lang='lat' dir='ltr'><strong>per‘urde</strong></span> <span class='ocrx_word' id='word_1_82' title='bbox 951 1231 987 1273; x_wconf 84' lang='lat' dir='ltr'><strong>ae</strong></span> <span class='ocrx_word' id='word_1_83' title='bbox 1009 1218 1033 1273; x_wconf 92' lang='lat' dir='ltr'><strong>si</strong></span> <span class='ocrx_word' id='word_1_84' title='bbox 1057 1217 1087 1271; x_wconf 89' lang='lat' dir='ltr'><strong>in</strong></span> <span class='ocrx_word' id='word_1_85' title='bbox 1110 1215 1284 1274; x_wconf 75' lang='lat' dir='ltr'><strong>harmonicis</strong></span> <span class='ocrx_word' id='word_1_86' title='bbox 1309 1208 1403 1274; x_wconf 86' lang='lat' dir='ltr'><strong>&#39;scires</strong></span> <span class='ocrx_word' id='word_1_87' title='bbox 1430 1211 1542 1288; x_wconf 91' lang='lat' dir='ltr'><strong>aliquid</strong></span> <span class='ocrx_word' id='word_1_88' title='bbox 1570 1210 1676 1271; x_wconf 82' lang='grc' dir='ltr'>ιιιιιιιι</span> <span class='ocrx_word' id='word_1_89' title='bbox 1699 1209 1785 1271; x_wconf 83' lang='lat' dir='ltr'><strong>rebus</strong></span> 
     </span>
     <span class='ocr_line' id='line_1_10' title="bbox 435 1295 1785 1378; baseline -0.003 -19"><span class='ocrx_word' id='word_1_90' title='bbox 435 1300 660 1371; x_wconf 73' lang='lat' dir='ltr'><strong>mathematicis,</strong></span> <span class='ocrx_word' id='word_1_91' title='bbox 685 1317 759 1375; x_wconf 92' lang='lat' dir='ltr'><strong>quas</strong></span> <span class='ocrx_word' id='word_1_92' title='bbox 782 1303 973 1361; x_wconf 80' lang='lat' dir='ltr'><strong>contemsisti.</strong></span> <span class='ocrx_word' id='word_1_93' title='bbox 1017 1302 1102 1361; x_wconf 86' lang='lat' dir='ltr'><strong>Nunc</strong></span> <span class='ocrx_word' id='word_1_94' title='bbox 1122 1311 1277 1378; x_wconf 89' lang='lat' dir='ltr'><strong>postquam</strong></span> <span class='ocrx_word' id='word_1_95' title='bbox 1301 1302 1400 1378; x_wconf 89' lang='lat' dir='ltr'><strong>prodis</strong></span> <span class='ocrx_word' id='word_1_96' title='bbox 1422 1304 1451 1358; x_wconf 92' lang='grc' dir='ltr'><strong>ιιι</strong></span> <span class='ocrx_word' id='word_1_97' title='bbox 1473 1298 1651 1375; x_wconf 71' lang='lat' dir='ltr'><strong>palaestram</strong></span> <span class='ocrx_word' id='word_1_98' title='bbox 1670 1295 1785 1355; x_wconf 89' lang='lat' dir='ltr'><strong>mathe-</strong></span> 
     </span>
     <span class='ocr_line' id='line_1_11' title="bbox 435 1386 1784 1464; baseline -0.004 -17"><span class='ocrx_word' id='word_1_99' title='bbox 435 1391 580 1460; x_wconf 86' lang='lat' dir='ltr'><strong>maticam,</strong></span> <span class='ocrx_word' id='word_1_100' title='bbox 606 1389 705 1445; x_wconf 88' lang='lat' dir='ltr'><strong>statim</strong></span> <span class='ocrx_word' id='word_1_101' title='bbox 729 1387 863 1446; x_wconf 88' lang='lat' dir='ltr'><strong>omuibus</strong></span> <span class='ocrx_word' id='word_1_102' title='bbox 887 1389 955 1447; x_wconf 88' lang='lat' dir='ltr'><strong>huic</strong></span> <span class='ocrx_word' id='word_1_103' title='bbox 977 1390 1150 1464; x_wconf 78' lang='lat' dir='ltr'><strong>professioni</strong></span> <span class='ocrx_word' id='word_1_104' title='bbox 1172 1388 1297 1448; x_wconf 90' lang='lat' dir='ltr'><strong>addictis</strong></span> <span class='ocrx_word' id='word_1_105' title='bbox 1319 1389 1393 1449; x_wconf 83' lang='lat' dir='ltr'><strong>adeo</strong></span> <span class='ocrx_word' id='word_1_106' title='bbox 1417 1387 1655 1458; x_wconf 74' lang='lat' dir='ltr'><strong>manifestasse,</strong></span> <span class='ocrx_word' id='word_1_107' title='bbox 1685 1393 1720 1445; x_wconf 84' lang='lat' dir='ltr'><strong>ut</strong></span> <span class='ocrx_word' id='word_1_108' title='bbox 1741 1386 1784 1441; x_wconf 92' lang='lat' dir='ltr'><strong>iu-</strong></span> 
     </span>
     <span class='ocr_line' id='line_1_12' title="bbox 436 1473 1786 1551; baseline -0.003 -17"><span class='ocrx_word' id='word_1_109' title='bbox 436 1475 554 1551; x_wconf 79' lang='lat' dir='ltr'><strong>dignam</strong></span> <span class='ocrx_word' id='word_1_110' title='bbox 579 1491 696 1550; x_wconf 87' lang='lat' dir='ltr'><strong>operam</strong></span> <span class='ocrx_word' id='word_1_111' title='bbox 720 1473 893 1534; x_wconf 86' lang='lat' dir='ltr'><strong>clamitaturi</strong></span> <span class='ocrx_word' id='word_1_112' title='bbox 916 1478 985 1550; x_wconf 90' lang='lat' dir='ltr'><strong>siut,</strong></span> <span class='ocrx_word' id='word_1_113' title='bbox 1008 1495 1054 1536; x_wconf 85' lang='lat' dir='ltr'><strong>rue</strong></span> <span class='ocrx_word' id='word_1_114' title='bbox 1077 1480 1108 1535; x_wconf 88' lang='lat' dir='ltr'><strong>in</strong></span> <span class='ocrx_word' id='word_1_115' title='bbox 1130 1493 1165 1537; x_wconf 84' lang='lat' dir='ltr'><strong>eo</strong></span> <span class='ocrx_word' id='word_1_116' title='bbox 1188 1475 1303 1551; x_wconf 90' lang='lat' dir='ltr'><strong>sudare,</strong></span> <span class='ocrx_word' id='word_1_117' title='bbox 1328 1486 1361 1535; x_wconf 92' lang='lat' dir='ltr'><strong>ut</strong></span> <span class='ocrx_word' id='word_1_118' title='bbox 1375 1484 1404 1537; x_wconf 79' lang='lat' dir='ltr'><strong>te</strong></span> <span class='ocrx_word' id='word_1_119' title='bbox 1421 1475 1543 1535; x_wconf 83' lang='lat' dir='ltr'><strong>doceam</strong></span> <span class='ocrx_word' id='word_1_120' title='bbox 1557 1490 1639 1533; x_wconf 70' lang='lat' dir='ltr'><strong>uma</strong></span> <span class='ocrx_word' id='word_1_121' title='bbox 1653 1480 1786 1545; x_wconf 70' lang='lat' dir='ltr'><strong>bamma,</strong></span> 
     </span>
     <span class='ocr_line' id='line_1_13' title="bbox 436 1564 1669 1647; baseline -0.004 -27"><span class='ocrx_word' id='word_1_122' title='bbox 436 1564 544 1639; x_wconf 89' lang='lat' dir='ltr'><strong>quibua</strong></span> <span class='ocrx_word' id='word_1_123' title='bbox 567 1578 680 1620; x_wconf 90' lang='lat' dir='ltr'><strong>mecum</strong></span> <span class='ocrx_word' id='word_1_124' title='bbox 702 1578 824 1637; x_wconf 80' lang='lat' dir='ltr'><strong>pugnes.</strong></span> <span class='ocrx_word' id='word_1_125' title='bbox 1566 1602 1573 1614; x_wconf 92' lang='lat'><strong>.</strong></span> <span class='ocrx_word' id='word_1_126' title='bbox 1666 1638 1669 1647; x_wconf 34' lang='grc' dir='ltr'>Ι</span> 
     </span>
    </p>

    <p class='ocr_par' dir='ltr' id='par_1_5' title="bbox 364 1648 1814 3739">
     <span class='ocr_line' id='line_1_14' title="bbox 525 1648 1785 1737; baseline -0.002 -30"><span class='ocrx_word' id='word_1_127' title='bbox 525 1648 654 1709; x_wconf 79' lang='lat' dir='ltr'><strong>Numeri</strong></span> <span class='ocrx_word' id='word_1_128' title='bbox 676 1665 794 1722; x_wconf 82' lang='lat' dir='ltr'><strong>omnee,</strong></span> <span class='ocrx_word' id='word_1_129' title='bbox 827 1651 942 1725; x_wconf 85' lang='lat' dir='ltr'><strong>inquis,</strong></span> <span class='ocrx_word' id='word_1_130' title='bbox 974 1653 1093 1711; x_wconf 77' lang='grc' dir='ltr'>ιιιιιιιιι</span> <span class='ocrx_word' id='word_1_131' title='bbox 1125 1654 1280 1737; x_wconf 76' lang='lat' dir='ltr'><strong>mnununi</strong></span> <span class='ocrx_word' id='word_1_132' title='bbox 1311 1655 1442 1710; x_wconf 86' lang='lat' dir='ltr'><strong>minima</strong></span> <span class='ocrx_word' id='word_1_133' title='bbox 1469 1666 1615 1710; x_wconf 73' lang='lat' dir='ltr'><strong>aceruum</strong></span> <span class='ocrx_word' id='word_1_134' title='bbox 1645 1653 1785 1706; x_wconf 65' lang='lat' dir='ltr'><strong>mutan</strong></span> 
     </span>
     <span class='ocr_line' id='line_1_15' title="bbox 441 1735 1787 1815; baseline -0.002 -19"><span class='ocrx_word' id='word_1_135' title='bbox 441 1735 665 1796; x_wconf 82' lang='lat' dir='ltr'><strong>Gontonantius</strong></span> <span class='ocrx_word' id='word_1_136' title='bbox 687 1737 928 1796; x_wconf 72' lang='lat' dir='ltr'><strong>denominantur</strong></span> <span class='ocrx_word' id='word_1_137' title='bbox 948 1756 969 1795; x_wconf 92' lang='lat' dir='ltr'><strong>a</strong></span> <span class='ocrx_word' id='word_1_138' title='bbox 990 1741 1135 1812; x_wconf 69' lang='lat' dir='ltr'><strong>nunonis,</strong></span> <span class='ocrx_word' id='word_1_139' title='bbox 1158 1758 1229 1815; x_wconf 83' lang='lat' dir='ltr'><strong>erpo</strong></span> <span class='ocrx_word' id='word_1_140' title='bbox 1243 1743 1460 1800; x_wconf 79' lang='lat' dir='ltr'><strong>cmrsonantiuo</strong></span> <span class='ocrx_word' id='word_1_141' title='bbox 1481 1738 1635 1797; x_wconf 70' lang='lat' dir='ltr'><strong>murnum</strong></span> <span class='ocrx_word' id='word_1_142' title='bbox 1656 1736 1787 1793; x_wconf 83' lang='lat' dir='ltr'><strong>miniosa</strong></span> 
     </span>
     <span class='ocr_line' id='line_1_16' title="bbox 436 1822 1814 1903; baseline 0.001 -21"><span class='ocrx_word' id='word_1_143' title='bbox 436 1841 583 1883; x_wconf 81' lang='lat' dir='ltr'><strong>mensura</strong></span> <span class='ocrx_word' id='word_1_144' title='bbox 612 1831 753 1883; x_wconf 81' lang='lat' dir='ltr'><strong>utuntur.</strong></span> <span class='ocrx_word' id='word_1_145' title='bbox 797 1824 864 1883; x_wconf 90' lang='lat' dir='ltr'><strong>Nou</strong></span> <span class='ocrx_word' id='word_1_146' title='bbox 894 1825 1115 1899; x_wconf 83' lang='lat' dir='ltr'><strong>animadvertis,</strong></span> <span class='ocrx_word' id='word_1_147' title='bbox 1146 1835 1175 1887; x_wconf 89' lang='lat' dir='ltr'><strong>ts</strong></span> <span class='ocrx_word' id='word_1_148' title='bbox 1197 1826 1309 1903; x_wconf 90' lang='lat' dir='ltr'><strong>aliquid</strong></span> <span class='ocrx_word' id='word_1_149' title='bbox 1339 1822 1517 1887; x_wconf 78' lang='lat' dir='ltr'><strong>concludere,</strong></span> <span class='ocrx_word' id='word_1_150' title='bbox 1541 1831 1642 1883; x_wconf 85' lang='lat' dir='ltr'><strong>contra</strong></span> <span class='ocrx_word' id='word_1_151' title='bbox 1660 1822 1814 1899; x_wconf 64' lang='lat' dir='ltr'><strong>jactator⁸</strong></span> 
     </span>
     <span class='ocr_line' id='line_1_17' title="bbox 437 1907 1786 1989; baseline -0.004 -19"><span class='ocrx_word' id='word_1_152' title='bbox 437 1912 490 1970; x_wconf 87' lang='lat' dir='ltr'><strong>abs</strong></span> <span class='ocrx_word' id='word_1_153' title='bbox 515 1919 543 1970; x_wconf 91' lang='lat' dir='ltr'><strong>te</strong></span> <span class='ocrx_word' id='word_1_154' title='bbox 567 1920 697 1983; x_wconf 87' lang='lat' dir='ltr'><strong>veteres,</strong></span> <span class='ocrx_word' id='word_1_155' title='bbox 721 1913 772 1987; x_wconf 88' lang='lat' dir='ltr'><strong>qui</strong></span> <span class='ocrx_word' id='word_1_156' title='bbox 795 1915 1002 1972; x_wconf 79' lang='lat' dir='ltr'><strong>consonantias</strong></span> <span class='ocrx_word' id='word_1_157' title='bbox 1024 1915 1154 1973; x_wconf 87' lang='lat' dir='ltr'><strong>iecerrrnt</strong></span> <span class='ocrx_word' id='word_1_158' title='bbox 1182 1913 1496 1973; x_wconf 85' lang='lat' dir='ltr'><strong>incommensurabiles.</strong></span> <span class='ocrx_word' id='word_1_159' title='bbox 1505 1907 1544 1989; x_wconf 70' lang='lat'><strong>⁴⁴)</strong></span> <span class='ocrx_word' id='word_1_160' title='bbox 1589 1909 1720 1971; x_wconf 82' lang='lat' dir='ltr'><strong>Hocciue</strong></span> <span class='ocrx_word' id='word_1_161' title='bbox 1745 1915 1786 1969; x_wconf 88' lang='lat' dir='ltr'><strong>est</strong></span> 
     </span>
     <span class='ocr_line' id='line_1_18' title="bbox 438 1998 1787 2079; baseline 0 -23"><span class='ocrx_word' id='word_1_162' title='bbox 438 1998 585 2057; x_wconf 79' lang='lat' dir='ltr'><strong>refutare?</strong></span> <span class='ocrx_word' id='word_1_163' title='bbox 628 1998 693 2058; x_wconf 90' lang='lat' dir='ltr'><strong>Non</strong></span> <span class='ocrx_word' id='word_1_164' title='bbox 722 2008 753 2056; x_wconf 94' lang='lat' dir='ltr'><strong>tu</strong></span> <span class='ocrx_word' id='word_1_165' title='bbox 776 1999 885 2071; x_wconf 75' lang='lat' dir='ltr'><strong>refutas</strong></span> <span class='ocrx_word' id='word_1_166' title='bbox 916 2000 1023 2076; x_wconf 81' lang='lat' dir='ltr'><strong>dogma</strong></span> <span class='ocrx_word' id='word_1_167' title='bbox 1046 2003 1253 2076; x_wconf 82' lang='lat' dir='ltr'><strong>geometricum</strong></span> <span class='ocrx_word' id='word_1_168' title='bbox 1283 2002 1318 2061; x_wconf 92' lang='lat' dir='ltr'><strong>de</strong></span> <span class='ocrx_word' id='word_1_169' title='bbox 1341 2001 1576 2079; x_wconf 78' lang='lat' dir='ltr'><strong>proportionibus</strong></span> <span class='ocrx_word' id='word_1_170' title='bbox 1608 2000 1787 2059; x_wconf 78' lang='lat' dir='ltr'><strong>incommen-</strong></span> 
     </span>
     <span class='ocr_line' id='line_1_19' title="bbox 438 2084 1787 2167; baseline -0.003 -23"><span class='ocrx_word' id='word_1_171' title='bbox 438 2084 626 2158; x_wconf 88' lang='lat' dir='ltr'><strong>surabilibus,</strong></span> <span class='ocrx_word' id='word_1_172' title='bbox 650 2084 702 2143; x_wconf 86' lang='lat' dir='ltr'><strong>scd</strong></span> <span class='ocrx_word' id='word_1_173' title='bbox 724 2086 921 2161; x_wconf 86' lang='lat' dir='ltr'><strong>objectionem</strong></span> <span class='ocrx_word' id='word_1_174' title='bbox 944 2087 1038 2147; x_wconf 88' lang='lat' dir='ltr'><strong>solum</strong></span> <span class='ocrx_word' id='word_1_175' title='bbox 1062 2090 1210 2167; x_wconf 82' lang='lat' dir='ltr'><strong>proponis,</strong></span> <span class='ocrx_word' id='word_1_176' title='bbox 1232 2107 1312 2148; x_wconf 92' lang='lat' dir='ltr'><strong>mora</strong></span> <span class='ocrx_word' id='word_1_177' title='bbox 1335 2089 1511 2165; x_wconf 80' lang='lat' dir='ltr'><strong>disputantis</strong></span> <span class='ocrx_word' id='word_1_178' title='bbox 1536 2090 1563 2145; x_wconf 93' lang='lat' dir='ltr'><strong>iu</strong></span> <span class='ocrx_word' id='word_1_179' title='bbox 1582 2084 1692 2157; x_wconf 81' lang='lat' dir='ltr'><strong>sobole,</strong></span> <span class='ocrx_word' id='word_1_180' title='bbox 1717 2101 1787 2142; x_wconf 91' lang='lat' dir='ltr'><strong>cou-</strong></span> 
     </span>
     <span class='ocr_line' id='line_1_20' title="bbox 439 2172 1787 2252; baseline -0.002 -22"><span class='ocrx_word' id='word_1_181' title='bbox 439 2190 485 2243; x_wconf 71' lang='lat' dir='ltr'><strong>qra</strong></span> <span class='ocrx_word' id='word_1_182' title='bbox 507 2173 619 2232; x_wconf 90' lang='lat' dir='ltr'><strong>scilicet</strong></span> <span class='ocrx_word' id='word_1_183' title='bbox 641 2172 757 2249; x_wconf 83' lang='lat' dir='ltr'><strong>dogma,</strong></span> <span class='ocrx_word' id='word_1_184' title='bbox 781 2173 860 2250; x_wconf 91' lang='lat' dir='ltr'><strong>quod</strong></span> <span class='ocrx_word' id='word_1_185' title='bbox 883 2174 1019 2235; x_wconf 88' lang='lat' dir='ltr'><strong>concedis</strong></span> <span class='ocrx_word' id='word_1_186' title='bbox 1042 2193 1143 2235; x_wconf 82' lang='lat' dir='ltr'><strong>rerum</strong></span> <span class='ocrx_word' id='word_1_187' title='bbox 1158 2193 1231 2235; x_wconf 87' lang='lat' dir='ltr'><strong>ease.</strong></span> <span class='ocrx_word' id='word_1_188' title='bbox 1279 2177 1355 2252; x_wconf 79' lang='lat' dir='ltr'><strong>Ergo</strong></span> <span class='ocrx_word' id='word_1_189' title='bbox 1378 2194 1452 2251; x_wconf 89' lang='lat' dir='ltr'><strong>cape</strong></span> <span class='ocrx_word' id='word_1_190' title='bbox 1468 2172 1704 2233; x_wconf 81' lang='lat' dir='ltr'><strong>dissolutionem:</strong></span> <span class='ocrx_word' id='word_1_191' title='bbox 1730 2186 1787 2229; x_wconf 92' lang='lat' dir='ltr'><strong>non</strong></span> 
     </span>
     <span class='ocr_line' id='line_1_21' title="bbox 438 2257 1788 2338; baseline -0.001 -21"><span class='ocrx_word' id='word_1_192' title='bbox 438 2260 505 2320; x_wconf 88' lang='lat' dir='ltr'><strong>ideo</strong></span> <span class='ocrx_word' id='word_1_193' title='bbox 528 2263 740 2319; x_wconf 88' lang='lat' dir='ltr'><strong>consonantiae</strong></span> <span class='ocrx_word' id='word_1_194' title='bbox 763 2269 831 2320; x_wconf 89' lang='lat' dir='ltr'><strong>suut</strong></span> <span class='ocrx_word' id='word_1_195' title='bbox 853 2264 974 2336; x_wconf 83' lang='lat' dir='ltr'><strong>rrumeri,</strong></span> <span class='ocrx_word' id='word_1_196' title='bbox 998 2266 1068 2338; x_wconf 89' lang='lat' dir='ltr'><strong>quia</strong></span> <span class='ocrx_word' id='word_1_197' title='bbox 1091 2263 1313 2323; x_wconf 83' lang='lat' dir='ltr'><strong>denominantur</strong></span> <span class='ocrx_word' id='word_1_198' title='bbox 1336 2265 1511 2337; x_wconf 70' lang='lat' dir='ltr'><strong>anumuisq</strong></span> <span class='ocrx_word' id='word_1_199' title='bbox 1534 2277 1642 2335; x_wconf 77' lang='lat' dir='ltr'><strong>magua</strong></span> <span class='ocrx_word' id='word_1_200' title='bbox 1662 2266 1709 2318; x_wconf 89' lang='lat' dir='ltr'><strong>est</strong></span> <span class='ocrx_word' id='word_1_201' title='bbox 1732 2257 1788 2317; x_wconf 87' lang='lat' dir='ltr'><strong>dil·</strong></span> 
     </span>
     <span class='ocr_line' id='line_1_22' title="bbox 435 2348 1788 2428; baseline -0.001 -22"><span class='ocrx_word' id='word_1_202' title='bbox 435 2349 559 2407; x_wconf 89' lang='lat' dir='ltr'><strong>iereutia</strong></span> <span class='ocrx_word' id='word_1_203' title='bbox 582 2350 657 2405; x_wconf 90' lang='lat' dir='ltr'><strong>inter</strong></span> <span class='ocrx_word' id='word_1_204' title='bbox 678 2351 875 2423; x_wconf 84' lang='lat' dir='ltr'><strong>septenarium</strong></span> <span class='ocrx_word' id='word_1_205' title='bbox 900 2359 930 2409; x_wconf 90' lang='lat' dir='ltr'><strong>et</strong></span> <span class='ocrx_word' id='word_1_206' title='bbox 952 2349 1111 2427; x_wconf 86' lang='lat' dir='ltr'><strong>diapason,</strong></span> <span class='ocrx_word' id='word_1_207' title='bbox 1142 2353 1457 2428; x_wconf 78' lang='lat' dir='ltr'><strong>iuterquatarnarium</strong></span> <span class='ocrx_word' id='word_1_208' title='bbox 1480 2361 1510 2409; x_wconf 88' lang='lat' dir='ltr'><strong>st</strong></span> <span class='ocrx_word' id='word_1_209' title='bbox 1532 2348 1684 2424; x_wconf 86' lang='lat' dir='ltr'><strong>diapente,</strong></span> <span class='ocrx_word' id='word_1_210' title='bbox 1715 2349 1788 2405; x_wconf 84' lang='lat' dir='ltr'><strong>inter</strong></span> 
     </span>
     <span class='ocr_line' id='line_1_23' title="bbox 435 2434 1788 2513; baseline -0.002 -20"><span class='ocrx_word' id='word_1_211' title='bbox 435 2437 591 2493; x_wconf 84' lang='lat' dir='ltr'><strong>ternarium</strong></span> <span class='ocrx_word' id='word_1_212' title='bbox 621 2442 651 2493; x_wconf 89' lang='lat' dir='ltr'><strong>et</strong></span> <span class='ocrx_word' id='word_1_213' title='bbox 680 2434 878 2510; x_wconf 86' lang='lat' dir='ltr'><strong>diatessaron3</strong></span> <span class='ocrx_word' id='word_1_214' title='bbox 908 2442 1091 2513; x_wconf 87' lang='lat' dir='ltr'><strong>septenarius</strong></span> <span class='ocrx_word' id='word_1_215' title='bbox 1120 2441 1246 2498; x_wconf 85' lang='lat' dir='ltr'><strong>unitates</strong></span> <span class='ocrx_word' id='word_1_216' title='bbox 1269 2438 1359 2507; x_wconf 82' lang='lat' dir='ltr'><strong>babet</strong></span> <span class='ocrx_word' id='word_1_217' title='bbox 1389 2455 1490 2497; x_wconf 87' lang='lat' dir='ltr'><strong>omnes</strong></span> <span class='ocrx_word' id='word_1_218' title='bbox 1512 2435 1662 2512; x_wconf 87' lang='lat' dir='ltr'><strong>ejusdem,</strong></span> <span class='ocrx_word' id='word_1_219' title='bbox 1690 2442 1723 2492; x_wconf 90' lang='lat' dir='ltr'><strong>ut</strong></span> <span class='ocrx_word' id='word_1_220' title='bbox 1746 2434 1788 2491; x_wconf 89' lang='lat' dir='ltr'><strong>sio</strong></span> 
     </span>
     <span class='ocr_line' id='line_1_24' title="bbox 436 2518 1788 2602; baseline -0.001 -23"><span class='ocrx_word' id='word_1_221' title='bbox 436 2521 540 2594; x_wconf 85' lang='lat' dir='ltr'><strong>dicam,</strong></span> <span class='ocrx_word' id='word_1_222' title='bbox 564 2524 751 2597; x_wconf 77' lang='lat' dir='ltr'><strong>quantitatis,</strong></span> <span class='ocrx_word' id='word_1_223' title='bbox 781 2523 922 2601; x_wconf 87' lang='lat' dir='ltr'><strong>diapason</strong></span> <span class='ocrx_word' id='word_1_224' title='bbox 945 2525 1036 2585; x_wconf 82' lang='lat' dir='ltr'><strong>babet</strong></span> <span class='ocrx_word' id='word_1_225' title='bbox 1057 2525 1212 2585; x_wconf 83' lang='lat' dir='ltr'><strong>intervalla</strong></span> <span class='ocrx_word' id='word_1_226' title='bbox 1234 2533 1346 2602; x_wconf 86' lang='lat' dir='ltr'><strong>septem</strong></span> <span class='ocrx_word' id='word_1_227' title='bbox 1376 2523 1530 2593; x_wconf 85' lang='lat' dir='ltr'><strong>dissimilia</strong></span> <span class='ocrx_word' id='word_1_228' title='bbox 1559 2530 1588 2582; x_wconf 91' lang='lat' dir='ltr'><strong>et</strong></span> <span class='ocrx_word' id='word_1_229' title='bbox 1609 2518 1788 2597; x_wconf 85' lang='lat' dir='ltr'><strong>inaequalia,</strong></span> 
     </span>
     <span class='ocr_line' id='line_1_25' title="bbox 364 2607 1788 2687; baseline -0.001 -16"><span class='ocrx_word' id='word_1_230' title='bbox 364 2660 367 2671; x_wconf 91' lang='lat'><strong><em>.</em></strong></span> <span class='ocrx_word' id='word_1_231' title='bbox 436 2617 538 2668; x_wconf 88' lang='lat' dir='ltr'><strong>tonum</strong></span> <span class='ocrx_word' id='word_1_232' title='bbox 561 2610 701 2685; x_wconf 88' lang='lat' dir='ltr'><strong>majorem</strong></span> <span class='ocrx_word' id='word_1_233' title='bbox 725 2617 781 2684; x_wconf 90' lang='lat' dir='ltr'><strong>tar,</strong></span> <span class='ocrx_word' id='word_1_234' title='bbox 811 2612 950 2670; x_wconf 88' lang='lat' dir='ltr'><strong>minorem</strong></span> <span class='ocrx_word' id='word_1_235' title='bbox 973 2612 1032 2686; x_wconf 92' lang='lat' dir='ltr'><strong>bis,</strong></span> <span class='ocrx_word' id='word_1_236' title='bbox 1056 2613 1241 2671; x_wconf 89' lang='lat' dir='ltr'><strong>semitonium</strong></span> <span class='ocrx_word' id='word_1_237' title='bbox 1265 2615 1320 2672; x_wconf 89' lang='lat' dir='ltr'><strong>bis.</strong></span> <span class='ocrx_word' id='word_1_238' title='bbox 1364 2614 1426 2672; x_wconf 88' lang='lat' dir='ltr'><strong>Ant</strong></span> <span class='ocrx_word' id='word_1_239' title='bbox 1447 2614 1473 2671; x_wconf 89' lang='lat' dir='ltr'><strong>sl</strong></span> <span class='ocrx_word' id='word_1_240' title='bbox 1491 2609 1643 2687; x_wconf 85' lang='lat' dir='ltr'><strong>juvandus</strong></span> <span class='ocrx_word' id='word_1_241' title='bbox 1666 2615 1711 2667; x_wconf 85' lang='lat' dir='ltr'><strong>eat</strong></span> <span class='ocrx_word' id='word_1_242' title='bbox 1733 2607 1788 2669; x_wconf 87' lang='lat' dir='ltr'><strong>ad·</strong></span> 
     </span>
     <span class='ocr_line' id='line_1_26' title="bbox 436 2694 1788 2777; baseline -0.001 -22"><span class='ocrx_word' id='word_1_243' title='bbox 436 2699 599 2771; x_wconf 81' lang='lat' dir='ltr'><strong>verannius,</strong></span> <span class='ocrx_word' id='word_1_244' title='bbox 632 2696 791 2774; x_wconf 83' lang='lat' dir='ltr'><strong>adjuvetur</strong></span> <span class='ocrx_word' id='word_1_245' title='bbox 812 2715 899 2758; x_wconf 86' lang='lat' dir='ltr'><strong>saue:</strong></span> <span class='ocrx_word' id='word_1_246' title='bbox 930 2709 975 2759; x_wconf 88' lang='lat' dir='ltr'><strong>est</strong></span> <span class='ocrx_word' id='word_1_247' title='bbox 997 2702 1027 2757; x_wconf 90' lang='lat' dir='ltr'><strong>iu</strong></span> <span class='ocrx_word' id='word_1_248' title='bbox 1049 2699 1222 2774; x_wconf 89' lang='lat' dir='ltr'><strong>intervallo,</strong></span> <span class='ocrx_word' id='word_1_249' title='bbox 1256 2700 1335 2777; x_wconf 90' lang='lat' dir='ltr'><strong>quod</strong></span> <span class='ocrx_word' id='word_1_250' title='bbox 1355 2702 1472 2776; x_wconf 62' lang='grc' dir='ltr'>ςιιιιιιι</span> <span class='ocrx_word' id='word_1_251' title='bbox 1501 2701 1644 2757; x_wconf 88' lang='lat' dir='ltr'><strong>rationem</strong></span> <span class='ocrx_word' id='word_1_252' title='bbox 1669 2694 1788 2767; x_wconf 79' lang='lat' dir='ltr'><strong>babeat,</strong></span> 
     </span>
     <span class='ocr_line' id='line_1_27' title="bbox 436 2783 1789 2864; baseline -0.003 -21"><span class='ocrx_word' id='word_1_253' title='bbox 436 2793 482 2844; x_wconf 90' lang='lat' dir='ltr'><strong>est</strong></span> <span class='ocrx_word' id='word_1_254' title='bbox 505 2783 584 2861; x_wconf 92' lang='lat' dir='ltr'><strong>quod</strong></span> <span class='ocrx_word' id='word_1_255' title='bbox 607 2786 732 2860; x_wconf 84' lang='lat' dir='ltr'><strong>speciei,</strong></span> <span class='ocrx_word' id='word_1_256' title='bbox 756 2788 934 2845; x_wconf 81' lang='lat' dir='ltr'><strong>conveniunt</strong></span> <span class='ocrx_word' id='word_1_257' title='bbox 956 2789 1044 2862; x_wconf 84' lang='lat' dir='ltr'><strong>igitur</strong></span> <span class='ocrx_word' id='word_1_258' title='bbox 1066 2786 1224 2847; x_wconf 84' lang='lat' dir='ltr'><strong>intervalla</strong></span> <span class='ocrx_word' id='word_1_259' title='bbox 1245 2797 1357 2864; x_wconf 88' lang='lat' dir='ltr'><strong>septem</strong></span> <span class='ocrx_word' id='word_1_260' title='bbox 1381 2804 1431 2860; x_wconf 85' lang='lat' dir='ltr'><strong>to,</strong></span> <span class='ocrx_word' id='word_1_261' title='bbox 1459 2785 1538 2863; x_wconf 92' lang='lat' dir='ltr'><strong>quod</strong></span> <span class='ocrx_word' id='word_1_262' title='bbox 1561 2786 1590 2843; x_wconf 90' lang='grc' dir='ltr'><strong>ιιι</strong></span> <span class='ocrx_word' id='word_1_263' title='bbox 1612 2799 1718 2861; x_wconf 81' lang='lat' dir='ltr'><strong>genero</strong></span> <span class='ocrx_word' id='word_1_264' title='bbox 1742 2785 1789 2839; x_wconf 85' lang='lat' dir='ltr'><strong>iu·</strong></span> 
     </span>
     <span class='ocr_line' id='line_1_28' title="bbox 436 2871 1789 2952; baseline 0 -23"><span class='ocrx_word' id='word_1_265' title='bbox 436 2871 559 2931; x_wconf 82' lang='lat' dir='ltr'><strong>terratia</strong></span> <span class='ocrx_word' id='word_1_266' title='bbox 575 2874 726 2946; x_wconf 88' lang='lat' dir='ltr'><strong>concinna,</strong></span> <span class='ocrx_word' id='word_1_267' title='bbox 750 2871 890 2932; x_wconf 87' lang='lat' dir='ltr'><strong>dissident</strong></span> <span class='ocrx_word' id='word_1_268' title='bbox 906 2875 934 2932; x_wconf 92' lang='lat' dir='ltr'><strong>in</strong></span> <span class='ocrx_word' id='word_1_269' title='bbox 950 2877 1048 2951; x_wconf 87' lang='lat' dir='ltr'><strong>specie</strong></span> <span class='ocrx_word' id='word_1_270' title='bbox 1064 2875 1285 2952; x_wconf 84' lang='lat' dir='ltr'><strong>quantitatibus,</strong></span> <span class='ocrx_word' id='word_1_271' title='bbox 1309 2877 1350 2934; x_wconf 91' lang='lat' dir='ltr'><strong>uti</strong></span> <span class='ocrx_word' id='word_1_272' title='bbox 1370 2875 1488 2937; x_wconf 88' lang='lat' dir='ltr'><strong>dictum.</strong></span> <span class='ocrx_word' id='word_1_273' title='bbox 1534 2872 1686 2948; x_wconf 84' lang='lat' dir='ltr'><strong>Quatenus</strong></span> <span class='ocrx_word' id='word_1_274' title='bbox 1701 2872 1789 2945; x_wconf 80' lang='lat' dir='ltr'><strong>igitur</strong></span> 
     </span>
     <span class='ocr_line' id='line_1_29' title="bbox 437 2958 1789 3039; baseline 0.001 -21"><span class='ocrx_word' id='word_1_275' title='bbox 437 2977 496 3018; x_wconf 86' lang='lat' dir='ltr'><strong>vox</strong></span> <span class='ocrx_word' id='word_1_276' title='bbox 518 2963 641 3035; x_wconf 85' lang='lat' dir='ltr'><strong>generis,</strong></span> <span class='ocrx_word' id='word_1_277' title='bbox 665 2962 846 3033; x_wconf 88' lang='lat' dir='ltr'><strong>concinnum,</strong></span> <span class='ocrx_word' id='word_1_278' title='bbox 871 2971 1054 3037; x_wconf 90' lang='lat' dir='ltr'><strong>comparatur</strong></span> <span class='ocrx_word' id='word_1_279' title='bbox 1077 2965 1193 3035; x_wconf 89' lang='lat' dir='ltr'><strong>unitati,</strong></span> <span class='ocrx_word' id='word_1_280' title='bbox 1217 2971 1485 3022; x_wconf 87' lang='lat' dir='ltr'><strong>commensurantur</strong></span> <span class='ocrx_word' id='word_1_281' title='bbox 1505 2977 1576 3021; x_wconf 84' lang='lat' dir='ltr'><strong>saue</strong></span> <span class='ocrx_word' id='word_1_282' title='bbox 1591 2958 1700 3039; x_wconf 85' lang='lat' dir='ltr'><strong>(potius</strong></span> <span class='ocrx_word' id='word_1_283' title='bbox 1717 2974 1789 3019; x_wconf 83' lang='lat' dir='ltr'><strong>ooo·</strong></span> 
     </span>
     <span class='ocr_line' id='line_1_30' title="bbox 435 3044 1789 3126; baseline 0.002 -22"><span class='ocrx_word' id='word_1_284' title='bbox 435 3044 634 3125; x_wconf 85' lang='lat' dir='ltr'><strong>numerantur)</strong></span> <span class='ocrx_word' id='word_1_285' title='bbox 656 3047 810 3107; x_wconf 85' lang='lat' dir='ltr'><strong>intervalia</strong></span> <span class='ocrx_word' id='word_1_286' title='bbox 835 3064 972 3108; x_wconf 87' lang='lat' dir='ltr'><strong>consona.</strong></span> <span class='ocrx_word' id='word_1_287' title='bbox 1018 3050 1094 3109; x_wconf 87' lang='lat' dir='ltr'><strong>Nam</strong></span> <span class='ocrx_word' id='word_1_288' title='bbox 1115 3049 1259 3126; x_wconf 86' lang='lat' dir='ltr'><strong>diapasoa</strong></span> <span class='ocrx_word' id='word_1_289' title='bbox 1288 3051 1378 3109; x_wconf 88' lang='lat' dir='ltr'><strong>habet</strong></span> <span class='ocrx_word' id='word_1_290' title='bbox 1400 3058 1512 3126; x_wconf 83' lang='lat' dir='ltr'><strong>reptem</strong></span> <span class='ocrx_word' id='word_1_291' title='bbox 1535 3049 1691 3118; x_wconf 79' lang='lat' dir='ltr'><strong>concinna,</strong></span> <span class='ocrx_word' id='word_1_292' title='bbox 1722 3045 1789 3107; x_wconf 80' lang='lat' dir='ltr'><strong>dit·</strong></span> 
     </span>
     <span class='ocr_line' id='line_1_31' title="bbox 437 3132 1789 3213; baseline -0.002 -20"><span class='ocrx_word' id='word_1_293' title='bbox 437 3144 525 3211; x_wconf 87' lang='lat' dir='ltr'><strong>pente</strong></span> <span class='ocrx_word' id='word_1_294' title='bbox 547 3140 682 3210; x_wconf 87' lang='lat' dir='ltr'><strong>quatuor,</strong></span> <span class='ocrx_word' id='word_1_295' title='bbox 707 3134 889 3195; x_wconf 83' lang='lat' dir='ltr'><strong>diatessaron</strong></span> <span class='ocrx_word' id='word_1_296' title='bbox 912 3138 977 3196; x_wconf 90' lang='lat' dir='ltr'><strong>tria.</strong></span> <span class='ocrx_word' id='word_1_297' title='bbox 1024 3138 1064 3196; x_wconf 82' lang='lat' dir='ltr'><strong>At</strong></span> <span class='ocrx_word' id='word_1_298' title='bbox 1086 3148 1230 3213; x_wconf 88' lang='lat' dir='ltr'><strong>quatenus</strong></span> <span class='ocrx_word' id='word_1_299' title='bbox 1253 3132 1388 3197; x_wconf 74' lang='lat' dir='ltr'><strong>differunt</strong></span> <span class='ocrx_word' id='word_1_300' title='bbox 1409 3139 1550 3196; x_wconf 78' lang='lat' dir='ltr'><strong>condona</strong></span> <span class='ocrx_word' id='word_1_301' title='bbox 1567 3133 1789 3211; x_wconf 78' lang='lat' dir='ltr'><strong>quantitatibus,</strong></span> 
     </span>
     <span class='ocr_line' id='line_1_32' title="bbox 436 3222 1790 3298; baseline 0 -20"><span class='ocrx_word' id='word_1_302' title='bbox 436 3238 624 3298; x_wconf 87' lang='lat' dir='ltr'><strong>nequaquam</strong></span> <span class='ocrx_word' id='word_1_303' title='bbox 653 3239 754 3280; x_wconf 84' lang='lat' dir='ltr'><strong>eorum</strong></span> <span class='ocrx_word' id='word_1_304' title='bbox 772 3241 875 3295; x_wconf 77' lang='grc' dir='ltr'><strong>Ιιιιιιιιιι</strong></span> <span class='ocrx_word' id='word_1_305' title='bbox 906 3226 1041 3283; x_wconf 86' lang='lat' dir='ltr'><strong>emetitur</strong></span> <span class='ocrx_word' id='word_1_306' title='bbox 1069 3241 1169 3285; x_wconf 89' lang='lat' dir='ltr'><strong>omues</strong></span> <span class='ocrx_word' id='word_1_307' title='bbox 1200 3227 1414 3285; x_wconf 81' lang='lat' dir='ltr'><strong>consonantias.</strong></span> <span class='ocrx_word' id='word_1_308' title='bbox 1460 3223 1520 3290; x_wconf 85' lang='lat' dir='ltr'><strong>Sed</strong></span> <span class='ocrx_word' id='word_1_309' title='bbox 1546 3222 1642 3292; x_wconf 85' lang='lat' dir='ltr'><strong>dicus,</strong></span> <span class='ocrx_word' id='word_1_310' title='bbox 1676 3223 1702 3281; x_wconf 87' lang='lat' dir='ltr'><strong>si</strong></span> <span class='ocrx_word' id='word_1_311' title='bbox 1731 3236 1790 3279; x_wconf 88' lang='lat' dir='ltr'><strong>ocu</strong></span> 
     </span>
     <span class='ocr_line' id='line_1_33' title="bbox 436 3309 1789 3384; baseline 0.002 -18"><span class='ocrx_word' id='word_1_312' title='bbox 436 3327 539 3381; x_wconf 88' lang='lat' dir='ltr'><strong>unum,</strong></span> <span class='ocrx_word' id='word_1_313' title='bbox 571 3317 600 3367; x_wconf 92' lang='lat' dir='ltr'><strong>at</strong></span> <span class='ocrx_word' id='word_1_314' title='bbox 624 3310 679 3367; x_wconf 86' lang='lat' dir='ltr'><strong>tria</strong></span> <span class='ocrx_word' id='word_1_315' title='bbox 697 3309 821 3384; x_wconf 90' lang='lat' dir='ltr'><strong>junctim</strong></span> <span class='ocrx_word' id='word_1_316' title='bbox 845 3318 942 3370; x_wconf 83' lang='lat' dir='ltr'><strong>sumta</strong></span> <span class='ocrx_word' id='word_1_317' title='bbox 965 3313 1136 3371; x_wconf 86' lang='lat' dir='ltr'><strong>emetieutur</strong></span> <span class='ocrx_word' id='word_1_318' title='bbox 1160 3313 1283 3371; x_wconf 75' lang='lat' dir='ltr'><strong>omnes?</strong></span> <span class='ocrx_word' id='word_1_319' title='bbox 1328 3312 1439 3371; x_wconf 81' lang='lat' dir='ltr'><strong>Verum</strong></span> <span class='ocrx_word' id='word_1_320' title='bbox 1468 3311 1524 3371; x_wconf 87' lang='lat' dir='ltr'><strong>boc</strong></span> <span class='ocrx_word' id='word_1_321' title='bbox 1557 3326 1615 3369; x_wconf 88' lang='lat' dir='ltr'><strong>oon</strong></span> <span class='ocrx_word' id='word_1_322' title='bbox 1640 3316 1685 3369; x_wconf 91' lang='lat' dir='ltr'><strong>est</strong></span> <span class='ocrx_word' id='word_1_323' title='bbox 1708 3324 1789 3369; x_wconf 80' lang='lat' dir='ltr'><strong>oum·</strong></span> 
     </span>
     <span class='ocr_line' id='line_1_34' title="bbox 437 3395 1789 3476; baseline -0.001 -22"><span class='ocrx_word' id='word_1_324' title='bbox 437 3412 615 3469; x_wconf 88' lang='lat' dir='ltr'><strong>mensurare,</strong></span> <span class='ocrx_word' id='word_1_325' title='bbox 638 3395 693 3462; x_wconf 90' lang='lat' dir='ltr'><strong>sed</strong></span> <span class='ocrx_word' id='word_1_326' title='bbox 713 3396 837 3456; x_wconf 87' lang='lat' dir='ltr'><strong>dirersis</strong></span> <span class='ocrx_word' id='word_1_327' title='bbox 853 3401 994 3457; x_wconf 83' lang='lat' dir='ltr'><strong>mansuris</strong></span> <span class='ocrx_word' id='word_1_328' title='bbox 1010 3402 1069 3473; x_wconf 89' lang='lat' dir='ltr'><strong>uti,</strong></span> <span class='ocrx_word' id='word_1_329' title='bbox 1094 3402 1178 3476; x_wconf 90' lang='lat' dir='ltr'><strong>quasi</strong></span> <span class='ocrx_word' id='word_1_330' title='bbox 1194 3399 1275 3459; x_wconf 87' lang='lat' dir='ltr'><strong>dicas</strong></span> <span class='ocrx_word' id='word_1_331' title='bbox 1298 3400 1496 3459; x_wconf 84' lang='lat' dir='ltr'><strong>dimensurare</strong></span> <span class='ocrx_word' id='word_1_332' title='bbox 1511 3396 1664 3475; x_wconf 85' lang='lat' dir='ltr'><strong>quodlibet</strong></span> <span class='ocrx_word' id='word_1_333' title='bbox 1678 3411 1789 3455; x_wconf 85' lang='lat' dir='ltr'><strong>sorum.</strong></span> 
     </span>
     <span class='ocr_line' id='line_1_35' title="bbox 438 3482 1789 3565; baseline 0.001 -23"><span class='ocrx_word' id='word_1_334' title='bbox 438 3482 554 3542; x_wconf 83' lang='lat' dir='ltr'><strong>Norunt</strong></span> <span class='ocrx_word' id='word_1_335' title='bbox 575 3490 743 3558; x_wconf 79' lang='lat' dir='ltr'><strong>geomebas</strong></span> <span class='ocrx_word' id='word_1_336' title='bbox 766 3483 963 3545; x_wconf 81' lang='lat' dir='ltr'><strong>definitionem</strong></span> <span class='ocrx_word' id='word_1_337' title='bbox 987 3489 1290 3559; x_wconf 81' lang='lat' dir='ltr'><strong>commensurationis,</strong></span> <span class='ocrx_word' id='word_1_338' title='bbox 1322 3505 1397 3565; x_wconf 87' lang='lat' dir='ltr'><strong>quse</strong></span> <span class='ocrx_word' id='word_1_339' title='bbox 1421 3504 1508 3545; x_wconf 89' lang='lat' dir='ltr'><strong>unam</strong></span> <span class='ocrx_word' id='word_1_340' title='bbox 1538 3485 1632 3547; x_wconf 84' lang='lat' dir='ltr'><strong>solum</strong></span> <span class='ocrx_word' id='word_1_341' title='bbox 1656 3500 1789 3545; x_wconf 81' lang='lat' dir='ltr'><strong>commu-</strong></span> 
     </span>
     <span class='ocr_line' id='line_1_36' title="bbox 438 3569 1790 3648; baseline -0.003 -15"><span class='ocrx_word' id='word_1_342' title='bbox 438 3587 508 3633; x_wconf 82' lang='lat' dir='ltr'><strong>nem</strong></span> <span class='ocrx_word' id='word_1_343' title='bbox 530 3587 696 3630; x_wconf 89' lang='lat' dir='ltr'><strong>mensuram</strong></span> <span class='ocrx_word' id='word_1_344' title='bbox 718 3575 848 3648; x_wconf 87' lang='lat' dir='ltr'><strong>requirit,</strong></span> <span class='ocrx_word' id='word_1_345' title='bbox 872 3590 929 3631; x_wconf 91' lang='lat' dir='ltr'><strong>non</strong></span> <span class='ocrx_word' id='word_1_346' title='bbox 954 3572 1028 3633; x_wconf 90' lang='lat' dir='ltr'><strong>duaa</strong></span> <span class='ocrx_word' id='word_1_347' title='bbox 1050 3577 1126 3635; x_wconf 87' lang='lat' dir='ltr'><strong>inter</strong></span> <span class='ocrx_word' id='word_1_348' title='bbox 1148 3592 1180 3634; x_wconf 88' lang='lat' dir='ltr'><strong>ae</strong></span> <span class='ocrx_word' id='word_1_349' title='bbox 1202 3574 1519 3647; x_wconf 81' lang='lat' dir='ltr'><strong>incommensurabiles,</strong></span> <span class='ocrx_word' id='word_1_350' title='bbox 1543 3581 1575 3631; x_wconf 92' lang='lat' dir='ltr'><strong>ut</strong></span> <span class='ocrx_word' id='word_1_351' title='bbox 1596 3569 1675 3647; x_wconf 91' lang='lat' dir='ltr'><strong>quod</strong></span> <span class='ocrx_word' id='word_1_352' title='bbox 1690 3587 1790 3633; x_wconf 82' lang='lat' dir='ltr'><strong>eurum</strong></span> 
     </span>
     <span class='ocr_line' id='line_1_37' title="bbox 439 3659 1427 3739; baseline 0.003 -21"><span class='ocrx_word' id='word_1_353' title='bbox 439 3661 487 3718; x_wconf 89' lang='lat' dir='ltr'><strong>uui</strong></span> <span class='ocrx_word' id='word_1_354' title='bbox 510 3666 556 3719; x_wconf 88' lang='lat' dir='ltr'><strong>est</strong></span> <span class='ocrx_word' id='word_1_355' title='bbox 579 3659 776 3739; x_wconf 87' lang='lat' dir='ltr'><strong>impossibile,</strong></span> <span class='ocrx_word' id='word_1_356' title='bbox 798 3659 829 3719; x_wconf 91' lang='lat' dir='ltr'><strong>id</strong></span> <span class='ocrx_word' id='word_1_357' title='bbox 852 3660 937 3720; x_wconf 87' lang='lat' dir='ltr'><strong>cedat</strong></span> <span class='ocrx_word' id='word_1_358' title='bbox 958 3661 1053 3720; x_wconf 89' lang='lat' dir='ltr'><strong>alteri.</strong></span> <span class='ocrx_word' id='word_1_359' title='bbox 1424 3700 1427 3703; x_wconf 21' lang='lat' dir='ltr'>x</span> 
     </span>
    </p>

    <p class='ocr_par' dir='ltr' id='par_1_6' title="bbox 435 3742 1792 4964">
     <span class='ocr_line' id='line_1_38' title="bbox 523 3742 1789 3826; baseline -0.002 -22"><span class='ocrx_word' id='word_1_360' title='bbox 523 3744 589 3805; x_wconf 90' lang='lat' dir='ltr'><strong>Hoc</strong></span> <span class='ocrx_word' id='word_1_361' title='bbox 616 3747 705 3822; x_wconf 73' lang='lat' dir='ltr'><strong>igitur</strong></span> <span class='ocrx_word' id='word_1_362' title='bbox 737 3742 927 3809; x_wconf 87' lang='lat' dir='ltr'><strong>laudamento</strong></span> <span class='ocrx_word' id='word_1_363' title='bbox 958 3751 1071 3826; x_wconf 82' lang='lat' dir='ltr'><strong>posito,</strong></span> <span class='ocrx_word' id='word_1_364' title='bbox 1106 3752 1312 3810; x_wconf 88' lang='lat' dir='ltr'><strong>consonantias</strong></span> <span class='ocrx_word' id='word_1_365' title='bbox 1341 3768 1407 3810; x_wconf 89' lang='lat' dir='ltr'><strong>essa</strong></span> <span class='ocrx_word' id='word_1_366' title='bbox 1434 3752 1510 3808; x_wconf 90' lang='lat' dir='ltr'><strong>inter</strong></span> <span class='ocrx_word' id='word_1_367' title='bbox 1532 3764 1564 3807; x_wconf 89' lang='lat' dir='ltr'><strong>aa</strong></span> <span class='ocrx_word' id='word_1_368' title='bbox 1587 3754 1620 3805; x_wconf 91' lang='lat' dir='ltr'><strong>ut</strong></span> <span class='ocrx_word' id='word_1_369' title='bbox 1642 3760 1789 3817; x_wconf 89' lang='lat' dir='ltr'><strong>numeros,</strong></span> 
     </span>
     <span class='ocr_line' id='line_1_39' title="bbox 437 3831 1790 3919; baseline 0 -29"><span class='ocrx_word' id='word_1_370' title='bbox 437 3831 565 3908; x_wconf 90' lang='lat' dir='ltr'><strong>illasque</strong></span> <span class='ocrx_word' id='word_1_371' title='bbox 594 3836 736 3893; x_wconf 88' lang='lat' dir='ltr'><strong>concinno</strong></span> <span class='ocrx_word' id='word_1_372' title='bbox 768 3835 924 3894; x_wconf 81' lang='lat' dir='ltr'><strong>intervallo</strong></span> <span class='ocrx_word' id='word_1_373' title='bbox 954 3832 1214 3919; x_wconf 85' lang='lat' dir='ltr'><strong>(quantocunque)</strong></span> <span class='ocrx_word' id='word_1_374' title='bbox 1246 3848 1279 3895; x_wconf 90' lang='lat' dir='ltr'><strong>ut</strong></span> <span class='ocrx_word' id='word_1_375' title='bbox 1309 3855 1445 3896; x_wconf 87' lang='lat' dir='ltr'><strong>numeros</strong></span> <span class='ocrx_word' id='word_1_376' title='bbox 1475 3837 1587 3896; x_wconf 88' lang='lat' dir='ltr'><strong>unitate</strong></span> <span class='ocrx_word' id='word_1_377' title='bbox 1619 3832 1790 3900; x_wconf 73' lang='lat' dir='ltr'><strong>memorari,</strong></span> 
     </span>
     <span class='ocr_line' id='line_1_40' title="bbox 435 3919 1790 4000; baseline -0.003 -22"><span class='ocrx_word' id='word_1_378' title='bbox 435 3919 497 3997; x_wconf 79' lang='lat' dir='ltr'><strong>Jam</strong></span> <span class='ocrx_word' id='word_1_379' title='bbox 519 3936 674 3997; x_wconf 80' lang='lat' dir='ltr'><strong>promoves</strong></span> <span class='ocrx_word' id='word_1_380' title='bbox 697 3921 862 3981; x_wconf 85' lang='lat' dir='ltr'><strong>machinam</strong></span> <span class='ocrx_word' id='word_1_381' title='bbox 885 3922 1006 3981; x_wconf 89' lang='lat' dir='ltr'><strong>ulterius</strong></span> <span class='ocrx_word' id='word_1_382' title='bbox 1029 3933 1059 3983; x_wconf 86' lang='lat' dir='ltr'><strong>st</strong></span> <span class='ocrx_word' id='word_1_383' title='bbox 1081 3928 1151 4000; x_wconf 89' lang='lat' dir='ltr'><strong>quia</strong></span> <span class='ocrx_word' id='word_1_384' title='bbox 1172 3926 1315 3984; x_wconf 89' lang='lat' dir='ltr'><strong>rationem</strong></span> <span class='ocrx_word' id='word_1_385' title='bbox 1337 3925 1563 3999; x_wconf 74' lang='lat' dir='ltr'><strong>eoumqueutiae</strong></span> <span class='ocrx_word' id='word_1_386' title='bbox 1581 3922 1716 3997; x_wconf 88' lang='lat' dir='ltr'><strong>propriae</strong></span> <span class='ocrx_word' id='word_1_387' title='bbox 1731 3934 1790 3977; x_wconf 91' lang='lat' dir='ltr'><strong>uon</strong></span> 
     </span>
     <span class='ocr_line' id='line_1_41' title="bbox 437 4007 1791 4086; baseline -0.001 -21"><span class='ocrx_word' id='word_1_388' title='bbox 437 4010 569 4082; x_wconf 85' lang='lat' dir='ltr'><strong>iuvenis,</strong></span> <span class='ocrx_word' id='word_1_389' title='bbox 594 4025 653 4080; x_wconf 90' lang='lat' dir='ltr'><strong>cur,</strong></span> <span class='ocrx_word' id='word_1_390' title='bbox 677 4010 701 4066; x_wconf 88' lang='lat' dir='ltr'><strong>si</strong></span> <span class='ocrx_word' id='word_1_391' title='bbox 723 4011 852 4070; x_wconf 80' lang='lat' dir='ltr'><strong>maxime</strong></span> <span class='ocrx_word' id='word_1_392' title='bbox 874 4011 1047 4086; x_wconf 87' lang='lat' dir='ltr'><strong>probasses,</strong></span> <span class='ocrx_word' id='word_1_393' title='bbox 1071 4014 1278 4071; x_wconf 81' lang='lat' dir='ltr'><strong>musonauttss</strong></span> <span class='ocrx_word' id='word_1_394' title='bbox 1302 4030 1366 4071; x_wconf 88' lang='lat' dir='ltr'><strong>erse</strong></span> <span class='ocrx_word' id='word_1_395' title='bbox 1389 4014 1463 4071; x_wconf 90' lang='lat' dir='ltr'><strong>iuter</strong></span> <span class='ocrx_word' id='word_1_396' title='bbox 1484 4028 1517 4070; x_wconf 86' lang='lat' dir='ltr'><strong>se</strong></span> <span class='ocrx_word' id='word_1_397' title='bbox 1539 4007 1791 4069; x_wconf 85' lang='lat' dir='ltr'><strong>commensurabi-</strong></span> 
     </span>
     <span class='ocr_line' id='line_1_42' title="bbox 438 4093 1791 4175; baseline 0.001 -23"><span class='ocrx_word' id='word_1_398' title='bbox 438 4094 491 4167; x_wconf 87' lang='lat' dir='ltr'><strong>les,</strong></span> <span class='ocrx_word' id='word_1_399' title='bbox 515 4104 670 4171; x_wconf 86' lang='lat' dir='ltr'><strong>propterea</strong></span> <span class='ocrx_word' id='word_1_400' title='bbox 693 4106 780 4155; x_wconf 89' lang='lat' dir='ltr'><strong>tonos</strong></span> <span class='ocrx_word' id='word_1_401' title='bbox 803 4106 831 4154; x_wconf 92' lang='lat' dir='ltr'><strong>et</strong></span> <span class='ocrx_word' id='word_1_402' title='bbox 854 4100 1009 4157; x_wconf 88' lang='lat' dir='ltr'><strong>semitonia</strong></span> <span class='ocrx_word' id='word_1_403' title='bbox 1032 4102 1129 4175; x_wconf 91' lang='lat' dir='ltr'><strong>priora</strong></span> <span class='ocrx_word' id='word_1_404' title='bbox 1158 4098 1238 4158; x_wconf 90' lang='lat' dir='ltr'><strong>dicas</strong></span> <span class='ocrx_word' id='word_1_405' title='bbox 1261 4102 1476 4170; x_wconf 83' lang='lat' dir='ltr'><strong>consonantiis,</strong></span> <span class='ocrx_word' id='word_1_406' title='bbox 1509 4097 1548 4157; x_wconf 89' lang='lat' dir='ltr'><strong>ad</strong></span> <span class='ocrx_word' id='word_1_407' title='bbox 1569 4093 1791 4157; x_wconf 82' lang='lat' dir='ltr'><strong>similitudinem</strong></span> 
     </span>
     <span class='ocr_line' id='line_1_43' title="bbox 440 4183 1791 4262; baseline 0.001 -20"><span class='ocrx_word' id='word_1_408' title='bbox 440 4183 586 4258; x_wconf 81' lang='lat' dir='ltr'><strong>coniugis:</strong></span> <span class='ocrx_word' id='word_1_409' title='bbox 611 4186 697 4254; x_wconf 76' lang='lat' dir='ltr'><strong>deut,</strong></span> <span class='ocrx_word' id='word_1_410' title='bbox 721 4185 826 4259; x_wconf 89' lang='lat' dir='ltr'><strong>inquis,</strong></span> <span class='ocrx_word' id='word_1_411' title='bbox 850 4188 956 4243; x_wconf 72' lang='lat' dir='ltr'><strong>undas</strong></span> <span class='ocrx_word' id='word_1_412' title='bbox 976 4203 1006 4244; x_wconf 85' lang='lat' dir='ltr'><strong>sc</strong></span> <span class='ocrx_word' id='word_1_413' title='bbox 1021 4189 1087 4262; x_wconf 80' lang='lat' dir='ltr'><strong>ipsa</strong></span> <span class='ocrx_word' id='word_1_414' title='bbox 1109 4194 1152 4245; x_wconf 86' lang='lat' dir='ltr'><strong>ert</strong></span> <span class='ocrx_word' id='word_1_415' title='bbox 1173 4194 1200 4245; x_wconf 84' lang='lat' dir='ltr'><strong>et</strong></span> <span class='ocrx_word' id='word_1_416' title='bbox 1210 4190 1301 4261; x_wconf 77' lang='lat' dir='ltr'><strong>prior</strong></span> <span class='ocrx_word' id='word_1_417' title='bbox 1315 4187 1455 4247; x_wconf 66' lang='lat' dir='ltr'><strong>maiora</strong></span> <span class='ocrx_word' id='word_1_418' title='bbox 1473 4187 1618 4259; x_wconf 71' lang='lat' dir='ltr'><strong>numeru,</strong></span> <span class='ocrx_word' id='word_1_419' title='bbox 1640 4185 1683 4243; x_wconf 84' lang='lat' dir='ltr'><strong>sio</strong></span> <span class='ocrx_word' id='word_1_420' title='bbox 1696 4185 1791 4243; x_wconf 66' lang='lat' dir='ltr'><strong>uun</strong></span> 
     </span>
     <span class='ocr_line' id='line_1_44' title="bbox 437 4269 1791 4350; baseline -0.001 -20"><span class='ocrx_word' id='word_1_421' title='bbox 437 4273 622 4330; x_wconf 74' lang='grc' dir='ltr'>ιοιιιιιιιιιιιιι</span> <span class='ocrx_word' id='word_1_422' title='bbox 652 4274 741 4348; x_wconf 80' lang='lat' dir='ltr'><strong>prius</strong></span> <span class='ocrx_word' id='word_1_423' title='bbox 767 4278 810 4330; x_wconf 82' lang='lat' dir='ltr'><strong>rai</strong></span> <span class='ocrx_word' id='word_1_424' title='bbox 837 4276 1052 4332; x_wconf 76' lang='lat' dir='ltr'><strong>coruoncsuiis.</strong></span> <span class='ocrx_word' id='word_1_425' title='bbox 1098 4274 1188 4349; x_wconf 86' lang='lat' dir='ltr'><strong>Atqui</strong></span> <span class='ocrx_word' id='word_1_426' title='bbox 1219 4276 1292 4334; x_wconf 86' lang='lat' dir='ltr'><strong>ratio</strong></span> <span class='ocrx_word' id='word_1_427' title='bbox 1317 4283 1548 4350; x_wconf 88' lang='lat' dir='ltr'><strong>comparatorum</strong></span> <span class='ocrx_word' id='word_1_428' title='bbox 1582 4279 1628 4331; x_wconf 85' lang='lat' dir='ltr'><strong>est</strong></span> <span class='ocrx_word' id='word_1_429' title='bbox 1649 4269 1791 4331; x_wconf 79' lang='lat' dir='ltr'><strong>diversis-</strong></span> 
     </span>
     <span class='ocr_line' id='line_1_45' title="bbox 436 4353 1791 4437; baseline -0.002 -20"><span class='ocrx_word' id='word_1_430' title='bbox 436 4360 524 4417; x_wconf 84' lang='lat' dir='ltr'><strong>sima:</strong></span> <span class='ocrx_word' id='word_1_431' title='bbox 551 4353 580 4434; x_wconf 82' lang='grc' dir='ltr'><strong>ι)</strong></span> <span class='ocrx_word' id='word_1_432' title='bbox 603 4360 717 4431; x_wconf 88' lang='lat' dir='ltr'><strong>unitas,</strong></span> <span class='ocrx_word' id='word_1_433' title='bbox 742 4366 774 4417; x_wconf 92' lang='lat' dir='ltr'><strong>ut</strong></span> <span class='ocrx_word' id='word_1_434' title='bbox 796 4361 906 4418; x_wconf 88' lang='lat' dir='ltr'><strong>numeri</strong></span> <span class='ocrx_word' id='word_1_435' title='bbox 930 4377 1046 4433; x_wconf 86' lang='lat' dir='ltr'><strong>omues,</strong></span> <span class='ocrx_word' id='word_1_436' title='bbox 1071 4363 1175 4420; x_wconf 89' lang='lat' dir='ltr'><strong>mentis</strong></span> <span class='ocrx_word' id='word_1_437' title='bbox 1198 4369 1244 4420; x_wconf 90' lang='lat' dir='ltr'><strong>est</strong></span> <span class='ocrx_word' id='word_1_438' title='bbox 1267 4379 1356 4437; x_wconf 88' lang='lat' dir='ltr'><strong>opus,</strong></span> <span class='ocrx_word' id='word_1_439' title='bbox 1389 4365 1562 4421; x_wconf 88' lang='lat' dir='ltr'><strong>concinnum</strong></span> <span class='ocrx_word' id='word_1_440' title='bbox 1585 4360 1706 4435; x_wconf 86' lang='lat' dir='ltr'><strong>requirit</strong></span> <span class='ocrx_word' id='word_1_441' title='bbox 1727 4365 1791 4417; x_wconf 82' lang='lat' dir='ltr'><strong>ter·</strong></span> 
     </span>
     <span class='ocr_line' id='line_1_46' title="bbox 437 4436 1791 4526; baseline 0.001 -23"><span class='ocrx_word' id='word_1_442' title='bbox 437 4447 533 4503; x_wconf 88' lang='lat' dir='ltr'><strong>minos</strong></span> <span class='ocrx_word' id='word_1_443' title='bbox 560 4444 632 4503; x_wconf 85' lang='lat' dir='ltr'><strong>loris</strong></span> <span class='ocrx_word' id='word_1_444' title='bbox 661 4448 836 4505; x_wconf 86' lang='lat' dir='ltr'><strong>constitutos</strong></span> <span class='ocrx_word' id='word_1_445' title='bbox 865 4436 901 4503; x_wconf 80' lang='grc' dir='ltr'><strong>ιιι</strong></span> <span class='ocrx_word' id='word_1_446' title='bbox 922 4449 1021 4521; x_wconf 61' lang='lat' dir='ltr'><strong>sonim</strong></span> <span class='ocrx_word' id='word_1_447' title='bbox 1059 4445 1089 4526; x_wconf 74' lang='lat' dir='ltr'><strong>l)</strong></span> <span class='ocrx_word' id='word_1_448' title='bbox 1112 4450 1208 4507; x_wconf 89' lang='lat' dir='ltr'><strong>unitas</strong></span> <span class='ocrx_word' id='word_1_449' title='bbox 1238 4450 1363 4525; x_wconf 89' lang='lat' dir='ltr'><strong>simplex</strong></span> <span class='ocrx_word' id='word_1_450' title='bbox 1386 4458 1431 4508; x_wconf 90' lang='lat' dir='ltr'><strong>sat</strong></span> <span class='ocrx_word' id='word_1_451' title='bbox 1460 4454 1490 4509; x_wconf 87' lang='lat' dir='ltr'><strong>et</strong></span> <span class='ocrx_word' id='word_1_452' title='bbox 1515 4451 1604 4509; x_wconf 78' lang='lat' dir='ltr'><strong>unica</strong></span> <span class='ocrx_word' id='word_1_453' title='bbox 1632 4444 1791 4525; x_wconf 85' lang='lat' dir='ltr'><strong>(quatenus</strong></span> 
     </span>
     <span class='ocr_line' id='line_1_47' title="bbox 436 4532 1791 4614; baseline 0.001 -25"><span class='ocrx_word' id='word_1_454' title='bbox 436 4533 549 4590; x_wconf 89' lang='lat' dir='ltr'><strong>numeri</strong></span> <span class='ocrx_word' id='word_1_455' title='bbox 572 4534 600 4589; x_wconf 92' lang='lat' dir='ltr'><strong>iu</strong></span> <span class='ocrx_word' id='word_1_456' title='bbox 623 4532 772 4593; x_wconf 89' lang='lat' dir='ltr'><strong>abstractu</strong></span> <span class='ocrx_word' id='word_1_457' title='bbox 796 4533 1023 4608; x_wconf 87' lang='lat' dir='ltr'><strong>considerautur,</strong></span> <span class='ocrx_word' id='word_1_458' title='bbox 1048 4543 1080 4592; x_wconf 92' lang='lat' dir='ltr'><strong>ut</strong></span> <span class='ocrx_word' id='word_1_459' title='bbox 1102 4543 1298 4610; x_wconf 85' lang='lat' dir='ltr'><strong>numerantes3</strong></span> <span class='ocrx_word' id='word_1_460' title='bbox 1322 4539 1433 4614; x_wconf 91' lang='lat' dir='ltr'><strong>quippe</strong></span> <span class='ocrx_word' id='word_1_461' title='bbox 1448 4537 1605 4613; x_wconf 89' lang='lat' dir='ltr'><strong>dequibus</strong></span> <span class='ocrx_word' id='word_1_462' title='bbox 1629 4544 1660 4591; x_wconf 91' lang='lat' dir='ltr'><strong>tu</strong></span> <span class='ocrx_word' id='word_1_463' title='bbox 1683 4532 1791 4609; x_wconf 60' lang='lat' dir='ltr'><strong>ioque</strong></span> 
     </span>
     <span class='ocr_line' id='line_1_48' title="bbox 438 4615 1791 4698; baseline 0.001 -20"><span class='ocrx_word' id='word_1_464' title='bbox 438 4615 498 4698; x_wconf 85' lang='lat' dir='ltr'><strong>ris),</strong></span> <span class='ocrx_word' id='word_1_465' title='bbox 523 4620 697 4678; x_wconf 87' lang='lat' dir='ltr'><strong>concionum</strong></span> <span class='ocrx_word' id='word_1_466' title='bbox 718 4637 776 4679; x_wconf 87' lang='lat' dir='ltr'><strong>noo</strong></span> <span class='ocrx_word' id='word_1_467' title='bbox 799 4628 844 4679; x_wconf 89' lang='lat' dir='ltr'><strong>est</strong></span> <span class='ocrx_word' id='word_1_468' title='bbox 866 4619 1005 4697; x_wconf 81' lang='lat' dir='ltr'><strong>simplex,</strong></span> <span class='ocrx_word' id='word_1_469' title='bbox 1034 4621 1171 4682; x_wconf 79' lang='lat' dir='ltr'><strong>differunt</strong></span> <span class='ocrx_word' id='word_1_470' title='bbox 1193 4623 1270 4683; x_wconf 87' lang='lat' dir='ltr'><strong>enim</strong></span> <span class='ocrx_word' id='word_1_471' title='bbox 1293 4625 1312 4682; x_wconf 80' lang='lat' dir='ltr'><strong>u</strong></span> <span class='ocrx_word' id='word_1_472' title='bbox 1337 4622 1385 4685; x_wconf 87' lang='lat' dir='ltr'><strong>val</strong></span> <span class='ocrx_word' id='word_1_473' title='bbox 1407 4627 1427 4682; x_wconf 80' lang='lat'>4</span> <span class='ocrx_word' id='word_1_474' title='bbox 1451 4626 1592 4685; x_wconf 76' lang='lat' dir='ltr'><strong>condona</strong></span> <span class='ocrx_word' id='word_1_475' title='bbox 1615 4622 1791 4697; x_wconf 83' lang='lat' dir='ltr'><strong>quantitati-</strong></span> 
     </span>
     <span class='ocr_line' id='line_1_49' title="bbox 438 4705 1790 4786; baseline 0.001 -21"><span class='ocrx_word' id='word_1_476' title='bbox 438 4705 494 4766; x_wconf 90' lang='lat' dir='ltr'><strong>bus</strong></span> <span class='ocrx_word' id='word_1_477' title='bbox 526 4714 556 4765; x_wconf 87' lang='grc' dir='ltr'><strong>ιι</strong></span> <span class='ocrx_word' id='word_1_478' title='bbox 577 4705 715 4766; x_wconf 79' lang='lat' dir='ltr'><strong>differunt</strong></span> <span class='ocrx_word' id='word_1_479' title='bbox 742 4723 779 4767; x_wconf 90' lang='lat' dir='ltr'><strong>eo</strong></span> <span class='ocrx_word' id='word_1_480' title='bbox 806 4709 872 4783; x_wconf 87' lang='lat' dir='ltr'><strong>ipso</strong></span> <span class='ocrx_word' id='word_1_481' title='bbox 894 4716 1042 4785; x_wconf 87' lang='lat' dir='ltr'><strong>respectu,</strong></span> <span class='ocrx_word' id='word_1_482' title='bbox 1073 4726 1132 4784; x_wconf 92' lang='lat' dir='ltr'><strong>quo</strong></span> <span class='ocrx_word' id='word_1_483' title='bbox 1156 4713 1365 4771; x_wconf 86' lang='lat' dir='ltr'><strong>consonantiae</strong></span> <span class='ocrx_word' id='word_1_484' title='bbox 1394 4712 1423 4770; x_wconf 91' lang='lat' dir='ltr'><strong>ld</strong></span> <span class='ocrx_word' id='word_1_485' title='bbox 1446 4719 1514 4770; x_wconf 86' lang='lat' dir='ltr'><strong>aaut</strong></span> <span class='ocrx_word' id='word_1_486' title='bbox 1542 4708 1621 4786; x_wconf 89' lang='lat' dir='ltr'><strong>quod</strong></span> <span class='ocrx_word' id='word_1_487' title='bbox 1644 4708 1790 4769; x_wconf 82' lang='lat' dir='ltr'><strong>dicuntur.</strong></span> 
     </span>
     <span class='ocr_line' id='line_1_50' title="bbox 437 4792 1792 4873; baseline 0.002 -23"><span class='ocrx_word' id='word_1_488' title='bbox 437 4792 501 4851; x_wconf 86' lang='lat' dir='ltr'><strong>Nisi</strong></span> <span class='ocrx_word' id='word_1_489' title='bbox 526 4795 602 4852; x_wconf 89' lang='lat' dir='ltr'><strong>euim</strong></span> <span class='ocrx_word' id='word_1_490' title='bbox 624 4797 766 4853; x_wconf 87' lang='lat' dir='ltr'><strong>concinna</strong></span> <span class='ocrx_word' id='word_1_491' title='bbox 789 4795 969 4854; x_wconf 87' lang='lat' dir='ltr'><strong>diversarum</strong></span> <span class='ocrx_word' id='word_1_492' title='bbox 992 4798 1188 4873; x_wconf 85' lang='lat' dir='ltr'><strong>quantitatum</strong></span> <span class='ocrx_word' id='word_1_493' title='bbox 1211 4799 1286 4858; x_wconf 88' lang='lat' dir='ltr'><strong>inter</strong></span> <span class='ocrx_word' id='word_1_494' title='bbox 1306 4816 1340 4858; x_wconf 89' lang='lat' dir='ltr'><strong>ee</strong></span> <span class='ocrx_word' id='word_1_495' title='bbox 1360 4801 1553 4870; x_wconf 82' lang='lat' dir='ltr'><strong>scisceantur,</strong></span> <span class='ocrx_word' id='word_1_496' title='bbox 1584 4812 1642 4855; x_wconf 88' lang='lat' dir='ltr'><strong>unu</strong></span> <span class='ocrx_word' id='word_1_497' title='bbox 1665 4811 1792 4857; x_wconf 80' lang='lat' dir='ltr'><strong>acerva-</strong></span> 
     </span>
     <span class='ocr_line' id='line_1_51' title="bbox 439 4878 1792 4964; baseline 0.002 -24"><span class='ocrx_word' id='word_1_498' title='bbox 439 4878 517 4940; x_wconf 88' lang='lat' dir='ltr'><strong>bitur</strong></span> <span class='ocrx_word' id='word_1_499' title='bbox 535 4881 627 4941; x_wconf 78' lang='lat' dir='ltr'><strong>&#39;verbi</strong></span> <span class='ocrx_word' id='word_1_500' title='bbox 659 4898 751 4942; x_wconf 73' lang='lat' dir='ltr'><strong>musa</strong></span> <span class='ocrx_word' id='word_1_501' title='bbox 780 4900 818 4941; x_wconf 86' lang='lat' dir='ltr'><strong>ar</strong></span> <span class='ocrx_word' id='word_1_502' title='bbox 842 4884 859 4941; x_wconf 88' lang='grc'>6</span> <span class='ocrx_word' id='word_1_503' title='bbox 884 4881 931 4942; x_wconf 80' lang='grc' dir='ltr'><strong>ιιι</strong></span> <span class='ocrx_word' id='word_1_504' title='bbox 956 4887 973 4943; x_wconf 83' lang='lat' dir='ltr'><strong>i</strong></span> <span class='ocrx_word' id='word_1_505' title='bbox 999 4886 1075 4945; x_wconf 92' lang='lat' dir='ltr'><strong>touls</strong></span> <span class='ocrx_word' id='word_1_506' title='bbox 1099 4884 1259 4962; x_wconf 75' lang='lat' dir='ltr'><strong>maioribus</strong></span> <span class='ocrx_word' id='word_1_507' title='bbox 1290 4885 1392 4964; x_wconf 86' lang='lat' dir='ltr'><strong>aliqua</strong></span> <span class='ocrx_word' id='word_1_508' title='bbox 1420 4886 1615 4947; x_wconf 80' lang='grc' dir='ltr'>ιιιιιιιιιιιιιιιι</span> <span class='ocrx_word' id='word_1_509' title='bbox 1635 4881 1792 4961; x_wconf 87' lang='lat' dir='ltr'><strong>diapason,</strong></span> 
     </span>
    </p>
   </div>
   <div class='ocr_carea' id='block_1_4' title="bbox 0 0 1954 5862">
    <p class='ocr_par' dir='ltr' id='par_1_7' title="bbox 0 0 1954 5862">
     <span class='ocr_line' id='line_1_52' title="bbox 0 0 1954 5862; baseline 0 0"><span class='ocrx_word' id='word_1_510' title='bbox 0 0 1954 5862; x_wconf 95' lang='lat' dir='ltr'><strong> </strong></span> 
     </span>
    </p>
   </div>
  </div>
 </body>
</html>
