3940 5856
388 387 451 453 bib
904 390 1054 449 Ptolemaei
1069 391 1223 485 limonia

385 559 558 621 nummos
575 562 610 621 ab
629 563 688 620 arus
706 565 847 636 creaturis,
866 582 945 638 quae,
964 567 1063 625 manus
1081 577 1230 641 compotes,
1248 569 1309 627 illas
1327 571 1641 642 mmeramme.
1670 573 1739 630 Vnda

384 639 446 697 libri
463 642 516 698 mai
533 645 622 713 quarti
640 644 728 714 capito
744 646 833 703 tertio.

405 797 411 809 ι
435 797 442 811 ·
473 718 546 777 Nota
563 724 610 778 lV.
646 726 685 781 ln
701 728 775 793 solia
794 727 841 794 ait,
858 729 903 796 ira,
921 745 991 799 quoae
1008 731 1143 798 reprimo
1161 710 1276 788 mamni
1294 747 1415 801 quotum
1436 738 1504 787 aaut
1517 735 1740 805 ratmolpmt'e

385 812 467 868 opta
486 801 622 859 evidenter
639 805 760 877 conapim'
774 812 905 867 maram
916 808 1114 865 harmonicam.
1149 808 1219 863 Nam
1232 810 1322 863 omnia
1339 808 1450 878 quidem
1466 809 1522 865 suis
1535 820 1660 870 constare
1677 833 1739 885 pro·

385 876 571 949 portionibus,
590 881 616 936 in
636 882 678 936 bis
697 883 829 939 contineri
848 885 974 946 salutem.
1002 887 1028 940 iu
1049 886 1190 947 contrariis
1209 888 1360 956 interitum,
1380 888 1428 944 sed
1447 888 1473 943 id
1494 907 1548 945 nou
1566 892 1595 947 in
1614 894 1739 950 omnibus

386 967 447 1009 esse
465 958 655 1027 conspicuum,
684 978 739 1016 uon
757 969 831 1017 certe
858 964 884 1017 in
908 967 1038 1020 materiae
1061 966 1282 1037 alterationibus3
1310 984 1381 1037 quae
1406 967 1539 1036 subjectio
1566 966 1683 1027 refertur
1705 972 1738 1028 ad

385 1033 594 1123 weuram
611 1041 761 1095 membrum
779 1042 907 1109 alterum,
931 1045 1004 1113 quod
1023 1046 1144 1116 dixerat,
1169 1050 1257 1102 omnia
1277 1050 1333 1106 suis
1360 1060 1485 1109 constare
1509 1052 1738 1121 proportionibus,

386 1116 467 1200 otram
484 1116 632 1171 amodum
651 1126 766 1178 motum.
786 1120 839 1175 boc
857 1129 899 1175 est
917 1124 1007 1179 omnia
1025 1125 1098 1195 gigni
1116 1127 1239 1195 tandem',
1264 1130 1288 1184 si
1306 1137 1397 1186 certae
1416 1132 1606 1189 alterationum
1625 1144 1737 1201 propor-

386 1195 474 1246 trum
491 1198 704 1266 praecesserim
728 1200 771 1255 vel
790 1202 812 1254 si
831 1210 922 1256 mutae
937 1204 995 1258 sint
1019 1205 1047 1258 in
1065 1207 1172 1275 reipsa
1189 1210 1379 1279 proportiones
1404 1212 1565 1280 qualitatum
1585 1216 1613 1265 et
1632 1210 1739 1278 quanti·

385 1275 480 1340 tatum,
499 1280 556 1327 tum
574 1292 733 1344 parmanere
751 1279 790 1333 rei
809 1295 886 1335 suam
904 1282 1030 1351 formam3
1051 1286 1075 1339 si
1092 1302 1156 1340 voro
1174 1287 1320 1343 turbentur
1338 1288 1408 1358 illae,
1426 1291 1524 1359 perire.
1560 1291 1621 1344 lloo
1637 1286 1739 1344 Aristo·

385 1345 468 1417 “¹0⁸2
487 1358 567 1440 liuto,
590 1358 683 1415 motio
700 1357 821 1427 appellat
840 1360 1042 1418 elomentorum.
1078 1364 1176 1433 Neque
1194 1374 1288 1422 umen
1304 1367 1367 1423 ideo
1389 1368 1459 1425 baec
1476 1370 1634 1425 harmonica
1650 1384 1739 1422 rerum

325 1482 329 1494 ,
386 1436 526 1497 proportro
545 1448 594 1501 pro
611 1434 746 1492 efficiente
765 1454 848 1494 causa
866 1441 1055 1512 constituitur3
1072 1443 1103 1499 in
1116 1443 1217 1500 talibus
1230 1446 1378 1502 mutemus
1401 1455 1428 1502 et
1441 1447 1615 1503 bannalibus
1631 1446 1741 1512 sufficit,

386 1511 519 1591 utneansa
537 1512 579 1581 sit,
598 1515 656 1568 sine
675 1530 728 1584 qua
746 1531 808 1570 non.
846 1516 969 1574 Observa
987 1536 1050 1575 vero
1069 1521 1114 1576 bic
1128 1522 1237 1578 modum
1256 1522 1397 1592 loquendi:
1419 1527 1609 1584 ›Hmaomcc
1622 1527 1697 1582 rabo
1714 1531 1741 1581 ct

382 1601 434 1675 por
452 1591 546 1645 omnen
563 1597 589 1648 at
607 1594 808 1650 accuratissime
825 1602 918 1652 tactor
933 1599 965 1655 ia
976 1601 1104 1670 sabjectis
1120 1604 1203 1658 rebus
1216 1606 1410 1675 proportiones
1421 1606 1621 1662 namnetensem
1655 1599 1740 1671 Quasi

387 1669 422 1716 ert
436 1664 532 1755 ‘aliqua
550 1685 645 1740 causa,
673 1690 753 1742 quam
771 1674 902 1732 rationem
923 1678 1056 1749 appellat,
1083 1679 1145 1736 iasa
1163 1694 1213 1749 per
1228 1697 1273 1736 res
1291 1681 1434 1738 universas
1460 1691 1488 1737 et
1504 1689 1633 1755 separata
1649 1698 1666 1736 a
1685 1684 1739 1738 sia-

387 1742 466 1811 gnhs,
484 1746 642 1806 barmoniae
658 1752 686 1805 in
703 1750 759 1806 illis
777 1760 878 1819 auctor.
915 1757 948 1812 ln
966 1774 1071 1814 summa
1089 1758 1149 1827 ipsa
1166 1760 1206 1813 rei
1224 1759 1361 1815 evidentia
1370 1760 1528 1817 Ptolemaeo
1554 1768 1585 1816 et
1599 1762 1737 1829 ignoranti

388 1836 481 1877 vocem
499 1826 572 1883 illam
590 1831 764 1897 virgilianam
782 1836 921 1902 exprimit:
946 1837 1035 1892 Dauum
1053 1840 1092 1893 ire
1110 1853 1160 1906 per
1177 1855 1272 1895 omnes
1293 1848 1380 1895 terras
1398 1847 1559 1909 tractusque
1580 1841 1661 1895 meris
1680 1857 1740 1896 coe.

387 1899 496 1974 lamque
513 1908 685 1975 profundum.
1590 1942 1592 1949 ·

475 1985 575 2079 Itaque
592 1996 714 2062 agnoscit
731 1997 812 2054 aliam
830 1999 964 2053 rationem
982 1978 1167 2066 sublunarem,
1192 2012 1263 2067 quae
1280 1998 1362 2052 etiam
1380 2004 1497 2053 mentem
1521 1999 1639 2055 bominis
1653 1999 1740 2063 ratio·

387 2077 503 2133 nemque
521 2068 590 2137 (esna
608 2073 764 2131 lmaltatem
782 2082 873 2147 uuam)
892 2080 920 2133 in
937 2078 1124 2133 harmonicam
1142 2084 1267 2132 omasum
1285 2077 1438 2146 descripsit

475 2145 548 2203 N0t8
566 2150 598 2205 V·
636 2154 760 2225 Causam,
778 2174 827 2212 cur
844 2174 898 2214 non
916 2157 1166 2213 animadvertantur
1182 2156 1372 2226 proportiones
1389 2157 1419 2211 ia
1436 2158 1564 2226 materia,
1583 2159 1684 2229 allegat
1700 2159 1741 2213 in·

389 2219 565 2316 animuum
583 2230 650 2299 ejus.
686 2235 747 2290 Hoc
763 2235 855 2291 mulus
872 2235 959 2292 modis
976 2235 1092 2304 intelligi
1109 2244 1210 2306 potest.
1247 2236 1299 2292 Vel
1317 2236 1404 2302 enim,
1421 2238 1495 2307 quod
1513 2245 1578 2293 aunt
1598 2239 1742 2307 materiata

388 2313 417 2352 m
436 2308 564 2360 contmuo
583 2318 727 2378 augmento
745 2321 794 2368 aut
812 2314 996 2381 decremento,
1015 2321 1046 2369 ut
1062 2315 1089 2369 in
1108 2316 1332 2373 animalisanitas
1350 2321 1379 2369 et
1390 2317 1501 2372 morbus
1521 2316 1740 2373 instabiliasimas

389 2375 491 2467 babent
509 2387 703 2453 successiones,
722 2398 753 2446 ut
771 2392 872 2448 animal
890 2392 946 2447 sere
964 2410 1103 2461 nunquam
1121 2395 1164 2450 vol
1181 2410 1250 2464 pure
1268 2410 1362 2449 sanum
1381 2393 1417 2448 sit
1435 2393 1478 2449 vel
1496 2410 1565 2463 pure
1576 2394 1740 2456 morbidum

388 2453 472 2525 ldque
490 2468 545 2553 tam
562 2468 709 2524 secondum
728 2470 834 2539 copiam
851 2472 994 2528 humorum
1012 2473 1083 2527 inter
1095 2487 1125 2528 se
1144 2474 1320 2541 diversorum,
1336 2490 1419 2543 quam
1432 2474 1581 2530 secuudum
1593 2474 1740 2543 qualitates

391 2548 511 2623 torpores
530 2558 564 2597 ex
583 2546 641 2602 aliis
659 2550 749 2605 causis
768 2552 924 2605 existentes.
961 2551 1063 2618 Quodsi
1088 2551 1146 2605 iere
1163 2566 1302 2619 nunquam
1321 2551 1458 2607 existitis
1476 2546 1642 2623 animuin,
1670 2553 1742 2624 qnod

387 2624 494 2678 iustum
520 2627 549 2678 ot
566 2624 717 2681 dimensum
739 2635 795 2697 eat,
823 2645 888 2699 ergo
907 2630 988 2683 etiam
1006 2630 1165 2699 principium
1194 2646 1248 2685 non
1270 2631 1352 2685 datur
1376 2632 1626 2700 comprehensionis
1650 2633 1742 2702 justae

390 2699 586 2770 proportionis,
614 2706 679 2774 quia
700 2706 747 2763 bic
765 2708 852 2764 locum
871 2708 954 2763 babet
978 2707 1046 2763 illud
1064 2708 1184 2762 axioma:
1213 2707 1286 2777 quod
1312 2709 1379 2764 nibil
1397 2711 1489 2766 veniat
1514 2711 1742 2777 inintellectum,

391 2775 463 2844 uuor
480 2791 536 2834 nou
553 2782 630 2850 prius
651 2785 734 2841 fuerit
750 2788 779 2843 in
797 2786 893 2844 sensu!
923 2789 1000 2843 Haec
1018 2794 1109 2844 aretem
1132 2797 1198 2843 trmc
1216 2787 1384 2843 solummodo
1409 2788 1500 2846 locum
1518 2790 1636 2859 babent,
1662 2793 1685 2847 si
1703 2794 1742 2846 iu·

344 2862 348 2875 ¹
390 2852 517 2915 tellectum
535 2876 590 2918 non
607 2863 689 2921 luent
705 2868 746 2922 rei
763 2867 968 2937 cognoscendae
985 2867 1163 2935 architectus,
1188 2881 1277 2935 neque
1294 2867 1382 2921 ideam
1406 2883 1456 2923 nec
1478 2870 1656 2939 archetypum
1679 2871 1741 2936 ejus

391 2953 484 2993 tecum
501 2944 577 2999 inuis
594 2943 798 3013 circumgestat,
816 2948 904 3016 qualis
922 2947 969 3003 ille
987 2962 1048 3002 esse
1066 2946 1173 3002 debeat.
1210 2947 1278 2999 Nam
1298 2945 1350 3001 boc
1368 2948 1392 3001 si
1409 2956 1496 3015 esset,
1520 2955 1551 3003 ut
1568 2956 1612 3003 est
1629 2948 1658 3004 in
1676 2949 1742 3005 divi·

391 3019 433 3102 trie
451 3021 573 3091 adeoque
591 3022 672 3079 etiam
688 3025 717 3079 in
734 3025 860 3081 humanis
873 3027 1010 3095 operibus,
1028 3033 1095 3081 tunc
1106 3024 1175 3080 nihil
1186 3023 1331 3092 impediret
1341 3025 1381 3078 rei
1392 3024 1566 3099 instabilitas,
1585 3043 1640 3096 quo
1654 3027 1743 3085 minuo

390 3096 424 3150 ris
442 3101 592 3167 momentis,
626 3102 723 3172 quibus
741 3111 831 3161 motus
848 3106 876 3159 in
892 3105 1109 3174 proportiontlia
1126 3106 1213 3171 venit,
1241 3103 1382 3172 proportio
1405 3111 1584 3173 agnoscetur,
1610 3105 1743 3174 siquidem

391 3175 547 3233 intellectas
564 3178 610 3234 ille
628 3179 786 3237 facultatem
804 3183 906 3239 babeat
922 3182 1114 3252 percipiendae
1135 3182 1176 3237 rei
1194 3186 1274 3238 eitra
1291 3196 1321 3237 se
1346 3182 1519 3237 consumme.
1556 3184 1616 3252 Quo
1635 3183 1744 3237 nomino

390 3254 497 3311 violetur
514 3271 570 3311 noa
589 3258 751 3315 instabilitas
771 3262 940 3331 accusanda,
969 3261 1018 3318 sed
1037 3262 1159 3319 deiectus
1176 3261 1315 3319 facultatis
1334 3262 1501 3331 percipiendi
1518 3278 1562 3331 ea,
1584 3277 1656 3332 quae
1674 3262 1744 3319 finnt

391 3334 420 3389 in
438 3335 574 3395 muunuis
592 3339 720 3417 materiae
738 3340 944 3395 alterationibus
962 3340 1113 3395 secundum
1131 3349 1262 3409 quantum
1280 3348 1309 3395 et
1327 3341 1415 3410 quale.
1449 3341 1525 3397 Nihil
1545 3359 1614 3397 sana
1631 3342 1744 3411 impedit

392 3412 481 3468 Deum
498 3414 662 3473 instabilitas
679 3427 802 3474 motuum
820 3419 1044 3489 planetariorum,
1074 3436 1128 3489 quo
1146 3420 1235 3475 minus
1253 3420 1401 3476 tardissimi
1425 3421 1461 3476 ad
1478 3419 1663 3476 uelocissimos
1681 3437 1743 3490 pro·

392 3493 594 3566 portiouentnr,
620 3498 742 3567 quamvis
759 3500 897 3554 sometime
922 3500 1049 3568 planetae
1067 3499 1136 3555 fiant
1162 3499 1231 3555 alter
1250 3498 1451 3565 velocissimus,
1479 3498 1549 3554 altor
1573 3499 1745 3554 tardissimus

393 3570 474 3627 simul
496 3576 746 3649 eodam'tempore.
782 3579 858 3634 Nihil
882 3578 996 3648 impedit
1018 3585 1144 3634 naturam
1168 3577 1342 3633 sublunarem
1370 3585 1505 3646 perpetua
1528 3584 1556 3632 et
1580 3594 1689 3647 semper
1706 3578 1745 3631 iu·

393 3651 515 3719 amasus
533 3656 665 3725 digressio
682 3656 854 3726 planetarum
870 3658 942 3714 inter
960 3673 1003 3723 se,
1034 3675 1088 3728 qua
1105 3657 1234 3713 distantia
1252 3656 1375 3725 ipsorum
1402 3671 1509 3725 semper
1526 3657 1662 3723 variatur,
1690 3672 1745 3725 qno

394 3728 483 3786 miuus
501 3734 572 3790 bano
590 3735 637 3791 illa
654 3738 868 3807 comprehendat
885 3746 914 3794 et
930 3739 1088 3794 harmonica
1106 3740 1140 3794 ab
1158 3737 1327 3792 mconcinuis
1340 3737 1484 3802 discernat,
1503 3736 1605 3806 qnippe
1616 3738 1746 3807 temperis

394 3807 481 3877 ipsius
501 3811 619 3869 discreta
641 3816 804 3871 evolutione.
843 3817 918 3875 Nihil
943 3816 1057 3888 impedit
1076 3818 1198 3874 auditum
1217 3820 1346 3873 continua
1362 3824 1391 3872 et
1414 3816 1549 3873 instabilis
1566 3816 1683 3871 intensio
1705 3815 1747 3872 nel

393 3889 516 3945 rembsic
536 3892 801 3964 circumactorum,
829 3897 865 3952 ad
883 3895 964 3953 uiam
983 3898 1114 3965 collatae,
1142 3896 1307 3966 quominus
1331 3895 1534 3964 deprehendat,
1560 3896 1661 3965 quibus
1682 3897 1745 3952 illae
1810 3932 1813 3941 ·

393 3974 536 4027 momentis
554 3982 712 4042 consumat,
730 3975 830 4044 quibus
848 3975 999 4032 dissonm
1035 3980 1073 4031 At
1091 3976 1237 4046 qualitates
1255 3977 1372 4046 primae,
1391 3975 1523 4043 calidum,
1541 3974 1678 4043 frigidum,
1697 3975 1746 4031 bu·

394 4050 503 4120 animm,
523 4054 632 4123 siccum,
650 4061 732 4123 atque
752 4056 833 4111 otiam
853 4056 970 4127 qualitas
989 4056 1187 4125 quadamtenus
1205 4070 1253 4110 seu
1272 4056 1350 4111 molis
1369 4054 1567 4124 responderis,
1586 4054 1673 4110 tactui
1683 4059 1748 4109 sunt

394 4128 518 4198 objecta,
543 4139 633 4188 tactus
651 4147 714 4188 vero
734 4136 780 4200 (sc.
801 4135 862 4204 ipso
880 4135 1038 4192 Ptolemaeo
1057 4135 1181 4204 doctore,
1210 4133 1384 4203 praecedenti
1402 4133 1507 4203 capite)
1532 4131 1626 4188 rudior
1649 4148 1748 4189 sensus

394 4219 438 4263 est
458 4218 486 4273 at
506 4210 678 4279 obliviosior,
697 4219 754 4267 tum
774 4212 942 4283 percipiendi
961 4213 1152 4284 proportiones
1173 4214 1342 4281 objectorum
1359 4228 1470 4268 suerrum
1489 4228 1542 4265 uon
1561 4212 1653 4269 babet.
1689 4212 1750 4268 Etsi

394 4286 465 4341 enim
483 4288 606 4345 animans
623 4297 700 4346 tactu
717 4291 844 4361 percipit,
871 4291 938 4361 quid
956 4292 1007 4347 sibi
1026 4292 1122 4361 quovis
1147 4296 1269 4361 tempore
1287 4291 1444 4355 conveniat,
1471 4290 1498 4345 id
1517 4296 1606 4345 umen
1633 4291 1749 4359 percipit

395 4380 451 4422 non
468 4367 617 4425 seeundum
637 4387 777 4428 numerum
795 4372 946 4440 specierum
965 4370 1143 4433 diversarum,
1172 4378 1203 4423 ut
1221 4378 1285 4425 suunt
1309 4369 1338 4422 in
1355 4368 1519 4424 harmonicis
1546 4369 1668 4424 diversae
1686 4386 1748 4425 con·

394 4447 548 4515 sonantiae,
573 4450 621 4506 aed
640 4457 744 4506 tantum
769 4452 918 4507 secundum
937 4450 1068 4505 unitatem
1086 4448 1290 4504 convenientiae
1309 4464 1389 4513 suae,
1417 4446 1488 4502 atsi
1506 4447 1580 4503 auris
1604 4449 1631 4501 in
1650 4462 1749 4514 genere

396 4528 677 4598 corrumperemini,
705 4546 722 4584 a
740 4527 858 4585 dissonis
876 4529 1009 4584 laedatur.
1045 4527 1107 4582 Non
1126 4536 1168 4582 est
1185 4527 1268 4595 igitur
1291 4526 1360 4582 haec
1383 4526 1523 4594 perceptio
1549 4527 1659 4596 proprie
1676 4541 1748 4580 eom·

395 4608 526 4678 parativa,
545 4608 609 4677 quia
621 4608 816 4663 numerositate
829 4617 913 4675 caret,
925 4624 980 4661 non
992 4606 1074 4676 igitur
1085 4612 1150 4674 apta
1161 4604 1391 4673 proportionibus,
1409 4618 1480 4673 quae
1492 4605 1612 4661 sumens
1628 4611 1749 4659 utuntur.

396 4685 514 4753 Deinde,
533 4689 584 4743 etsi
603 4688 642 4743 sio
660 4688 886 4758 qualitercunque
904 4686 1022 4756 percipit
1039 4684 1162 4739 animans
1181 4699 1225 4751 ea,
1251 4698 1322 4752 quae
1339 4692 1404 4737 aunt
1421 4683 1464 4737 vel
1481 4683 1554 4738 intra
1569 4698 1615 4752 se,
1633 4683 1677 4739 vol
1695 4676 1766 4738 vim'

394 4765 515 4821 inierunt
532 4769 638 4836 corpori
657 4785 721 4835 suu,
745 4777 774 4820 at
792 4782 848 4822 uon
865 4764 1022 4820 extenditur
1040 4763 1074 4818 ad
1093 4778 1137 4831 ea,
1166 4778 1236 4832 quae
1264 4768 1437 4829 suprema,
1464 4770 1497 4816 ut
1523 4760 1634 4817 suffitus
1660 4760 1749 4815 fertur

397 4844 478 4900 etiam
495 4845 529 4900 ad
548 4862 629 4902 sonos
648 4854 795 4902 eruauaos
840 4845 928 4901 Causa
947 4847 1003 4908 est,
1022 4842 1087 4913 quia
1104 4839 1250 4897 visibilium
1277 4847 1305 4896 at
1321 4840 1480 4897 audibilium
1503 4839 1609 4910 species
1632 4855 1682 4896 seu
1700 4838 1747 4894 de·
