3792 5860
580 452 761 511 mensum.
796 453 880 510 sue
889 448 939 509 m.
957 452 1106 523 caputii.
1378 428 1385 445 ⁸
1457 458 1519 519 sse

171 654 231 699 mus
252 644 283 699 et
302 638 475 717 longissime
497 635 614 697 diversa
635 637 675 695 sit
696 652 787 696 causa
809 636 948 697 scientiae
970 631 1075 693 solida
1081 630 1232 710 quantitas
1255 628 1404 709 aplane,
1400 632 1521 711 quippe

170 727 219 786 ilia
240 726 356 787 duabus
378 726 482 786 mediis
505 723 773 802 proportionalibus
794 726 900 797 autur,
930 738 1005 799 quas
1026 723 1095 781 sciri
1122 720 1287 796 promiscas
1314 726 1360 778 est
1381 720 1521 796 impossi-

170 814 354 891 bilemque
376 816 489 874 numeri
510 810 574 872 uile
596 812 641 870 ris
669 828 734 872 essa
757 819 869 889 potest
901 816 1046 887 quatenus
1075 814 1109 867 ut
1129 822 1285 865 numerans
1312 805 1531 881 consideratur,

171 903 374 978 amnestiam
397 903 479 977 origo
501 900 589 977 bulas
611 900 750 959 trinitatis
773 897 941 958 immediate
963 904 1007 956 est
1034 896 1073 955 ab
1095 897 1223 954 assentis
1247 892 1347 953 divina
1374 911 1427 970 per
1448 912 1523 954 cau·

169 991 310 1050 munnam
334 990 543 1068 exemplarem,
577 1003 642 1046 aum
665 988 833 1063 apperuerit
854 1002 959 1064 supra,
988 984 1124 1060 componi
1147 997 1268 1041 causam
1289 982 1331 1039 rei
1354 998 1390 1041 ex
1411 984 1522 1058 princi·

170 1079 223 1153 piis
243 1077 416 1156 explicetis,
451 1093 528 1180 quas
548 1090 737 1151 nequaquem
765 1072 919 1133 intendunt
940 1088 1093 1132 numerum
1123 1069 1252 1146 aliquem
1275 1084 1381 1127 vocum
1408 1086 1459 1148 per
1480 1086 1521 1143 sa,

170 1164 218 1224 sed
240 1181 321 1241 quae
342 1180 432 1224 rocas
455 1166 535 1242 ipsas
564 1163 638 1222 inter
665 1179 698 1221 se
727 1160 859 1237 singulas
890 1160 1020 1236 singuiis
1041 1160 1211 1234 coaptantis
1232 1154 1400 1215 hamerico
1429 1164 1459 1216 et
1479 1159 1523 1216 sic

171 1255 256 1327 quasi
278 1251 360 1311 aliud
382 1253 503 1327 agentia
529 1266 581 1327 per
602 1248 738 1310 accidens
767 1249 895 1308 alliciunt
917 1246 1029 1325 aliquid
1051 1244 1147 1305 simile
1168 1244 1278 1304 diuinis
1306 1250 1425 1320 propter
1447 1261 1522 1304 eun·

170 1338 231 1398 mm
256 1355 425 1414 uumerum3
453 1336 534 1415 quod
556 1337 634 1397 idam
656 1338 744 1396 ctiam
773 1339 802 1394 in
824 1335 957 1413 plurimis
979 1334 1067 1394 rebus
1089 1331 1155 1393 aliis
1181 1334 1349 1407 frequenter
1370 1332 1521 1407 contingit.

255 1425 398 1499 Bueriter,
420 1442 557 1485 uumerus
579 1423 628 1484 bic
649 1426 792 1495 ternarius
813 1441 873 1489 nou
896 1432 941 1483 est
963 1421 1092 1483 eldciens
1114 1436 1204 1481 causa
1222 1418 1446 1492 harmoniarum,
1470 1418 1523 1478 sed

171 1512 292 1573 eductus
313 1515 415 1590 ipsius,
438 1530 491 1572 seu
515 1512 648 1573 allectae
656 1510 827 1571 hermoniae
842 1528 956 1584 comes3
978 1525 1036 1567 non
1056 1509 1191 1567 informat
1205 1505 1381 1580 harmonias,
1403 1505 1456 1566 sed
1479 1513 1525 1566 est

171 1600 281 1661 formae
303 1599 585 1677 resplendescentia3
607 1615 667 1657 non
683 1608 730 1659 est
745 1601 874 1659 materia
885 1615 992 1659 vocum
1009 1595 1251 1667 bannouicarum,
1274 1590 1328 1654 ssd
1344 1600 1388 1653 cst
1406 1593 1524 1653 soboles

170 1678 325 1763 procreata
346 1705 383 1747 ex
405 1685 549 1747 materiali
571 1687 763 1760 necessitate3
791 1702 850 1745 non
874 1694 919 1745 asi
938 1685 1005 1744 tinia
1029 1675 1066 1745 οὖ
1089 1681 1184 1756 irasc,
1202 1678 1268 1740 sed
1291 1687 1336 1740 est
1357 1683 1524 1741 extremitas

170 1777 283 1850 operia3
307 1774 433 1852 denique
456 1772 527 1833 nihil
550 1780 596 1833 est
617 1772 654 1832 de
675 1789 706 1832 rc
728 1774 793 1849 ipsa
815 1772 994 1844 harmonica,
1016 1769 1075 1832 sed
1093 1778 1138 1830 est
1159 1786 1211 1829 eus
1232 1770 1356 1828 rationis
1378 1768 1525 1828 secunda-

169 1865 243 1922 rium
267 1870 297 1922 et
317 1865 425 1922 mantis
446 1869 614 1938 concaptus,
635 1860 783 1922 secundae
805 1862 984 1921 intentionis.
1029 1858 1128 1927 Nihilo
1142 1857 1237 1933 magis
1260 1856 1338 1916 anim
1361 1862 1407 1914 est
1430 1872 1524 1932 quee-

170 1950 302 2023 raudum,
325 1967 376 2009 cur
399 1958 488 2008 rocas
510 1948 606 2008 solum
627 1958 728 2007 ternae
751 1955 913 2007 consonent
934 1948 1114 2018 harmonice,
1138 1951 1243 2021 quarta
1265 1950 1295 2003 st
1318 1958 1419 2001 omnes
1441 1943 1521 2003 aliae

170 2053 219 2113 per
242 2036 352 2115 duplae
375 2038 571 2113 proportionis
593 2037 815 2095 consonantiam
836 2034 958 2095 redeant
971 2031 1188 2111 quodammodo
1209 2034 1238 2089 iu
1253 2030 1340 2103 idem,
1364 2044 1453 2106 quarn
1474 2046 1526 2089 cur

171 2140 219 2183 sex
253 2132 368 2184 mutum
397 2125 484 2200 bigae
516 2125 627 2191 sintin
658 2122 791 2202 qualibet
819 2131 939 2197 octava,
970 2138 1059 2182 senae
1089 2119 1345 2180 consonantiarum
1368 2117 1527 2195 triplicium
1632 2138 1635 2153 ·

171 2213 291 2273 icrmaa.
339 2209 380 2271 Ut
401 2215 478 2271 onim
500 2212 633 2271 senarius
655 2212 711 2270 iste
732 2226 791 2270 nou
815 2217 861 2269 est
885 2228 903 2269 a
926 2228 977 2274 sex
993 2209 1096 2269 diebus
1111 2207 1276 2278 creationis,
1298 2206 1342 2265 sic
1360 2221 1456 2282 neque
1477 2203 1528 2264 ille

172 2301 317 2360 ternarius
340 2309 386 2359 est
407 2304 524 2376 propter
546 2297 720 2357 Trinitatem
747 2313 938 2375 personarum
963 2299 994 2356 iu
1017 2296 1144 2355 Deitate.
1189 2293 1247 2354 Sed
1275 2309 1340 2352 cunr
1362 2295 1403 2351 sit
1428 2300 1528 2353 terna·

174 2389 239 2447 rius
263 2390 427 2448 communis
448 2386 535 2446 rebus
558 2384 666 2444 diuinis
689 2393 720 2446 et
740 2383 904 2457 mundanis,
927 2385 1095 2462 ubicunque
1116 2384 1141 2441 is
1164 2382 1297 2457 occurnt,
1320 2381 1529 2458 superveniens

175 2492 259 2536 mana
280 2475 427 2548 bumana,
452 2490 607 2534 causarum
627 2474 749 2551 ignara,
770 2460 1015 2551 conspirationem
1038 2471 1115 2532 banc
1136 2471 1265 2529 miratur

740 2705 895 2778 CAPUT»
909 2704 962 2778 iv.

226 2853 276 2909 Do
296 2857 375 2908 ortu
392 2853 633 2909 continuorum
630 2846 925 2920 intervallorum,
954 2865 1041 2921 quae
1059 2849 1220 2907 consonis
1239 2824 1372 2904 minora
1390 2852 1475 2903 suut.

260 3013 335 3074 Cum
365 3030 469 3074 sensus
496 2978 697 3089 testetur,‚ex
727 3011 843 3074 chordis
872 3010 1035 3089 aequaliter
1065 3013 1156 3072 tensis
1183 3009 1300 3070 illarum
1327 3009 1442 3069 sonitus
1465 3024 1529 3069 esse

173 3080 338 3181 grarimes
360 3118 437 3178 quae
460 3108 529 3161 sunt
548 3101 712 3179 longiores,
736 3100 850 3160 iliarum
874 3102 1037 3173 acutiores,
1061 3116 1137 3176 quae
1159 3098 1326 3168 breviores,
1349 3096 1418 3157 hinc
1441 3111 1529 3155 voces

173 3194 249 3250 istae
268 3191 398 3267 junctae,
422 3196 548 3249 acutum
570 3198 600 3249 et
620 3205 729 3266 mave,
760 3186 940 3246 diiierentiae
962 3194 1030 3246 sunt
1059 3187 1242 3246 harmonicas
1265 3186 1410 3265 propriae.
1454 3182 1529 3242 Nam

173 3278 309 3355 singulae
332 3274 450 3352 quidem
471 3278 592 3337 seorsim
615 3276 738 3336 aliarum
761 3273 941 3351 singularum
969 3282 1038 3333 sunt
1059 3276 1261 3348 scientiarum,
1294 3275 1324 3331 in
1348 3272 1455 3350 qulbus
1478 3287 1529 3332 oo·

173 3365 314 3442 pulentur
343 3380 410 3423 cum
438 3366 582 3441 oppositis
611 3364 693 3437 aliis,
722 3370 840 3421 acutum
871 3379 936 3420 curu
965 3363 1071 3422 obtuso
1099 3364 1128 3420 in
1152 3363 1326 3438 geometria,
1349 3362 1440 3438 grune
1465 3374 1531 3418 cum

174 3452 234 3512 levi
256 3455 287 3511 in
309 3450 441 3529 physica.
487 3452 525 3510 Et
547 3450 646 3530 aliter,
675 3458 793 3509 acutum
816 3451 844 3506 in
869 3450 1046 3509 mechanicis
1069 3459 1155 3509 sonat
1177 3449 1287 3509 subtile
1313 3454 1343 3507 et
1363 3454 1530 3524 penctrans,

174 3557 267 3615 grave
288 3541 319 3597 in
343 3538 531 3598 sensualibus
553 3538 676 3598 suniitur
698 3537 735 3598 de
758 3536 912 3611 odoribus,
937 3539 1001 3613 qui,
1025 3544 1058 3595 ut
1079 3539 1183 3615 gravia
1204 3535 1345 3614 pondera,
1372 3537 1410 3595 ob
1434 3550 1531 3611 quau·

175 3627 243 3687 darn
266 3624 499 3702 magnitudinem
522 3634 591 3685 sunt
611 3627 708 3684 minus
731 3622 909 3684 tolerabiles.
956 3625 996 3683 At
1020 3624 1141 3701 junctae
1165 3632 1285 3684 acutum
1318 3629 1347 3681 et
1367 3639 1463 3699 prava
1484 3622 1531 3678 in-

175 3723 280 3791 terque
302 3731 334 3774 se
357 3715 514 3790 oppositae
544 3715 661 3773 nonnisi
691 3711 727 3773 da
750 3713 872 3772 vocibus
902 3714 1093 3789 accipiuntur.
1137 3710 1278 3770 Retinent
1299 3717 1398 3769 tamen
1421 3706 1531 3785 aliquid

176 3803 213 3862 de
234 3802 360 3878 pristino
382 3800 558 3877 significatu.
601 3800 678 3861 Nam
704 3807 738 3860 ut
767 3801 797 3857 ln
819 3803 979 3875 geometria
1007 3807 1124 3858 acutum
1146 3804 1191 3858 est
1220 3801 1316 3857 minus
1339 3798 1457 3869 obtuso,
1489 3797 1532 3856 sic

176 3892 266 3949 etiam
288 3891 319 3946 in
342 3887 511 3948 harmonice
533 3904 592 3948 vox
614 3894 702 3949 acuta
723 3894 810 3946 sonat
824 3903 945 3964 parram
964 3904 1058 3964 eoque
1073 3893 1273 3965 penetrantem
1289 3885 1430 3957 etaltcm,
1453 3881 1532 3943 idio-

176 3978 265 4037 tismo
288 3977 451 4048 teutonico,
475 3984 505 4035 et
526 3975 701 4036 volitantem
731 3975 814 4051 quasi
838 3977 867 4032 in
889 3974 1019 4047 sublimi,
1048 3981 1166 4052 propter
1193 3973 1340 4050 quandam
1370 3971 1531 4030 levitatem.

118 4084 122 4101 ¹
176 4064 215 4123 iit
236 4071 271 4123 ut
291 4066 322 4121 in
345 4063 469 4141 physica
491 4064 594 4140 gravia
615 4063 726 4123 babent
748 4078 887 4139 magnum
910 4062 1035 4139 pondus,
1059 4062 1138 4121 leuia
1152 4078 1285 4138 parrum,
1308 4063 1352 4119 sic
1373 4060 1460 4118 etlam
1484 4057 1532 4118 irie

176 4153 279 4229 gravis
302 4166 362 4209 uox
384 4158 471 4209 sonat
491 4167 645 4227 magnam3
672 4158 762 4226 utque
785 4151 889 4227 gravia
912 4152 940 4208 in
963 4149 1039 4209 libra
1061 4149 1183 4207 lundam
1210 4158 1239 4208 et
1262 4147 1397 4206 inferiore
1419 4151 1531 4224 petunt,

176 4238 258 4298 leuia
280 4239 310 4295 in
333 4237 425 4296 altum
448 4238 595 4311 exsiliunt,
624 4240 667 4297 sic
688 4241 777 4297 etiam
800 4239 828 4294 in
852 4237 1019 4297 bannonice
1041 4254 1100 4295 rex
1123 4238 1222 4312 gravis
1243 4241 1362 4313 propter
1383 4236 1533 4311 magnitu-

178 4324 276 4386 dinem
298 4332 449 4402 reputatur
462 4342 515 4402 pro
530 4325 703 4403 ponderosa,
727 4341 821 4401 eoque
837 4324 965 4382 inferiori
979 4342 1030 4384 seu
1045 4322 1190 4401 profunda
1204 4317 1337 4405 (basso);
1361 4338 1420 4381 rex
1435 4330 1532 4394 acula,

179 4415 221 4471 ati
245 4413 369 4484 dictum,
392 4428 445 4489 pro
470 4414 540 4472 alta.
585 4412 660 4472 Nem
684 4412 763 4488 quod
785 4413 813 4469 in
837 4412 983 4472 testudine
1004 4412 1131 4489 lippata,
1155 4410 1185 4468 id
1208 4419 1252 4469 est
1274 4426 1404 4482 summa,
1428 4407 1534 4469 edebat

178 4517 300 4576 grauem
323 4515 443 4573 sonum,
467 4499 497 4559 id
520 4508 565 4559 est
587 4507 699 4558 tuniruu
724 4500 762 4558 cb
784 4499 847 4575 ejus
870 4500 958 4558 situm
981 4503 1009 4557 in
1033 4503 1238 4571 instrumento,
1263 4505 1294 4555 ut
1316 4495 1414 4555 adbuc
1434 4495 1532 4570 hodie,

179 4604 237 4647 non
262 4589 301 4648 ob
324 4586 454 4662 aliquam
477 4590 560 4647 vocis
581 4585 801 4646 similitudinem
829 4603 894 4645 cum
917 4587 1034 4647 levibus
1063 4593 1093 4646 et
1115 4584 1407 4662 supervolitantibus.
1452 4583 1533 4643 Situs

180 4684 278 4736 autem
302 4673 366 4750 eJus
389 4677 418 4733 in
442 4676 634 4735 instnrmento
656 4678 799 4735 rationem
821 4672 911 4733 habet
932 4673 1133 4735 mechanicam
1156 4688 1191 4731 ex
1215 4684 1267 4747 eo,
1299 4670 1377 4750 quod
1399 4677 1479 4744 nete,
1503 4669 1534 4729 id

182 4770 226 4823 ast
253 4762 357 4821 ultima
388 4767 418 4821 et
438 4763 552 4837 intima,
584 4764 653 4839 quia
675 4771 762 4823 sonat
783 4763 967 4831 acutissime,
1000 4762 1055 4820 init
1076 4758 1221 4837 pulsanda
1249 4761 1437 4834 creberrime3
1467 4774 1534 4817 cum

181 4853 279 4927 parvis
301 4851 458 4909 conveniat
478 4858 576 4909 motus
597 4850 702 4925 velox,
733 4856 762 4910 et
784 4864 854 4909 vero
878 4847 1012 4933 deorsum
1035 4848 1193 4926 pulsamus
1210 4848 1374 4925 expeditius
1399 4847 1436 4904 ob
1460 4861 1533 4906 con-

180 4937 384 4999 formationem
404 4936 532 5019 pellicis,
555 4954 643 5018 quam
665 4939 790 4999 sursum.
837 4936 958 5000 decedit
979 4938 1054 4999 luter
1077 4952 1182 4999 causas
1205 4937 1385 5020 experientia
1406 4934 1533 5012 gutturis
