3872 5846
376 393 439 451 242
790 389 833 443 De
852 384 1115 456 Oonflgmatiouibns
1136 386 1315 447 Harmouiois.

378 564 510 638 sextilis,
543 581 580 623 ex
602 565 717 639 trigono
746 573 776 623 et
798 565 968 643 hexagono,
992 574 1025 627 ut
1048 571 1078 627 iu
1099 565 1148 645 fi'g.
1171 572 1223 628 26.
1250 572 1300 629 27.
1348 569 1399 629 Gr.
1422 571 1462 630 45
1495 572 1591 631 oetilis
1615 571 1662 631 vel
1685 589 1733 631 se·

376 651 489 729 quadri,
513 658 542 711 et
568 648 649 709 135⁰
673 649 805 711 trioctilis
829 653 876 713 vel
899 655 1066 731 sesquadri,
1090 675 1126 714 ex
1149 666 1295 729 octogono
1319 666 1347 716 et
1367 657 1454 717 stella
1476 658 1554 734 ejus,
1578 666 1608 717 ut
1631 661 1660 716 in
1683 658 1732 735 fig.

377 742 427 799 28.
453 741 504 798 29.
551 736 601 796 Gr.
627 739 667 796 30
702 741 865 815 semisexti,
895 749 924 799 et
958 739 1040 802 150ο
1062 746 1273 820 quinqunncis,
1305 762 1341 803 ex
1365 745 1559 822 dodecagono
1588 754 1619 806 et
1647 745 1748 805 stella,

375 829 448 904 ejus,
480 834 512 885 ut
534 827 564 882 in
586 824 634 900 fig.
661 827 711 884 30.
737 827 788 886 31.
836 827 885 887 Gr.
911 831 949 888 72
977 831 1125 905 quintilis,
1150 831 1279 891 et108⁰
1302 832 1442 891 tridecilis
1465 851 1518 892 seu
1541 833 1731 911 sesquintilis,

376 932 413 975 ex
428 921 595 993 pentagono
611 920 641 972 et
654 913 742 979 stella
758 914 946 992 decagouica,
971 927 1003 976 ut
1015 920 1044 975 in
1059 917 1107 995 fig.
1123 920 1172 976 32.
1191 921 1241 978 33.
1282 918 1332 981 Gr.
1353 923 1413 979 144
1433 918 1605 997 biquintilis,
1626 930 1655 980 et
1671 917 1733 980 36⁰

375 999 581 1078 semiquintilis
604 1016 656 1058 seu
680 1000 791 1074 deeilis,
817 1020 852 1062 ex
875 1003 962 1062 stella
984 1007 1181 1081 pentagonica
1204 1014 1233 1066 et
1255 1007 1415 1082 decagono,
1439 1012 1522 1067 utin
1546 1008 1595 1084 fig.
1612 1009 1663 1067 34.
1681 1010 1731 1066 35.

308 1090 310 1094 ’
462 1082 542 1151 Quod
560 1082 613 1137 hae
629 1080 733 1149 figurae
752 1084 807 1138 siut
825 1086 934 1141 scibiles
952 1095 980 1142 et
998 1087 1234 1154 demonstrabiles,
1254 1095 1393 1145 ostensum
1412 1097 1455 1145 est
1472 1090 1542 1146 libro
1555 1090 1587 1159 I,
1615 1089 1688 1159 quod
1705 1098 1733 1144 et

374 1174 523 1233 congruae,
548 1157 617 1213 libro
635 1160 670 1215 Π.
708 1161 788 1229 Quod
809 1180 873 1217 uero
898 1163 1128 1233 configurationes
1147 1161 1346 1237 <expressorum
1372 1168 1512 1225 atslibus
1536 1184 1648 1223 arcuum
1677 1168 1732 1222 sint
1825 1184 1831 1195 ·

374 1238 514 1308 efficaces,
534 1238 563 1292 id
580 1237 684 1293 habent
702 1241 839 1296 axiomata
859 1246 882 1298 1.
906 1245 932 1298 2.
952 1245 1109 1313 praemissa.
1450 1302 1456 1313 ,

462 1314 680 1390 Propositio
702 1315 744 1375 Χ.
796 1317 985 1378 Efficacitatis
1014 1328 1185 1398 aspectuum
1216 1322 1325 1398 gradum
1353 1324 1463 1399 primus
1497 1331 1528 1381 et
1557 1323 1732 1382 fortissimus

377 1409 422 1463 est
444 1402 658 1476 conjunctionis
681 1411 710 1463 et
733 1408 934 1483 oppositionis.

461 1484 533 1540 Nam
550 1484 579 1536 in
597 1484 792 1555 conjunctione
805 1496 959 1556 congruunt
976 1488 1042 1543 radii
1062 1488 1116 1544 duo
1135 1490 1162 1543 iu
1181 1488 1295 1543 eandem
1315 1490 1415 1545 lineam
1439 1500 1467 1546 et
1484 1491 1518 1546 ab
1537 1493 1633 1547 eadem
1651 1490 1733 1561 plaga

292 1636 294 1645 ,
376 1570 557 1637 descendunt,
591 1568 619 1620 in
643 1566 814 1635 oppositione
849 1584 865 1620 a
890 1567 981 1637 plagis
1008 1567 1117 1638 quidem
1148 1568 1262 1625 diversis
1289 1570 1497 1639 descendentes,
1532 1573 1617 1641 nihilo
1642 1580 1733 1627 umen

376 1650 465 1704 minus
482 1647 552 1701 fiunt
569 1652 661 1715 partes
685 1644 765 1698 unius
789 1645 935 1700 continuae
960 1646 1057 1701 lineae.
1093 1648 1169 1703 Haec
1187 1666 1250 1705 vero
1277 1650 1475 1718 perfectissima
1492 1660 1534 1707 est
1557 1655 1734 1721 congruentia

377 1737 405 1784 et
430 1725 592 1797 principium
617 1722 755 1792 quoddam
777 1724 864 1778 omnis
886 1725 1079 1791 congruentiae
1132 1726 1177 1780 Sic
1205 1743 1266 1781 oum
1293 1729 1512 1797 conjunctionem
1545 1739 1733 1800 repraesentet

376 1814 507 1877 punctum
533 1804 669 1871 signatum
691 1802 719 1856 iu
737 1800 954 1857 circumferentia
976 1802 1084 1867 cuculi,
1109 1806 1308 1874 oppositionem
1325 1824 1389 1862 vero
1408 1808 1551 1878 diameter,
1570 1810 1639 1864 haee
1657 1816 1731 1863 carte

376 1893 442 1939 sunt
457 1883 602 1954 principia,
625 1882 673 1941 illa
690 1889 718 1936 et
735 1897 863 1936 mensura
880 1882 967 1935 omnis
989 1882 1018 1935 iu
1036 1881 1088 1937 hoe
1106 1899 1205 1951 genere
1223 1885 1371 1954 scientiae,
1388 1903 1452 1949 cum
1470 1888 1556 1944 omnis
1583 1888 1611 1943 in
1629 1888 1730 1943 circulo

376 1963 465 2018 lineae
483 1969 575 2017 rectae
593 1960 707 2016 scientia
725 1960 896 2016 contineatur
918 1959 1143 2027 determinatione
1162 1961 1373 2017 demonstrativa
1392 1980 1444 2033 per
1466 1965 1589 2020 diametri
1612 1966 1656 2020 vel
1673 1966 1731 2020 lou·

376 2040 525 2110 gitudinem
542 2038 586 2093 vel
602 2039 760 2108 potentiam,
779 2044 811 2091 ut
827 2037 897 2091 libro
915 2036 1002 2105 primo
1019 2040 1117 2105 patuit
1154 2041 1228 2110 Ergo
1246 2058 1296 2111 per
1307 2043 1415 2097 amoma
1428 2046 1452 2099 3.
1471 2045 1635 2114 principium
1648 2045 1730 2101 etiam

376 2119 545 2181 efficacitatis
562 2117 591 2172 iu
610 2118 653 2173 his
671 2125 714 2172 est
730 2117 895 2186 aspectibus.

462 2195 688 2270 Propositio
710 2192 767 2252 ΧΙ.
812 2191 964 2252 Secundus
994 2193 1022 2249 in
1047 2200 1220 2268 aspectuum
1248 2193 1421 2254 efficacitate
1449 2195 1558 2272 gradus
1581 2205 1625 2256 est
1654 2215 1730 2273 qua·

378 2281 462 2342 droti.

463 2365 497 2419 In
514 2363 646 2434 quadrato
665 2360 736 2415 enirn
753 2366 919 2415 concurrunt
935 2362 1139 2430 praerogativae
1157 2363 1274 2425 multae,
1293 2380 1406 2432 quarum
1425 2366 1525 2434 prima,
1545 2367 1617 2434 quod
1636 2364 1730 2421 similis

377 2450 419 2497 est
436 2442 563 2498 centralis
580 2440 669 2509 figura
687 2439 934 2508 cucumiereutiali5
954 2455 1038 2509 quare
1057 2454 1234 2513 quoscunque
1246 2441 1294 2495 illa
1311 2442 1411 2511 gradus
1425 2443 1529 2500 obtinet
1540 2444 1568 2498 in
1581 2461 1729 2513 congruen-

314 2532 318 2543 ’
377 2522 416 2577 tia
434 2531 462 2578 et
479 2522 635 2587 scibilitate,
653 2518 672 2572 ii
689 2515 887 2587 quodammodo
902 2517 1031 2586 duplicati
1044 2520 1238 2589 intelliguntur,
1257 2527 1384 2589 respectu
1397 2528 1549 2579 ceterorum
1561 2531 1730 2591 aspectuum.

380 2599 544 2657 sicutenim
562 2597 711 2668 quadratus
730 2599 832 2666 primus
849 2600 915 2665 post
931 2597 1086 2665 oppositum
1105 2600 1140 2653 ab
1159 2598 1279 2653 exilitate
1291 2598 1379 2653 lineae
1397 2599 1548 2669 explicatur
1566 2601 1594 2654 in
1611 2600 1729 2670 aliquam

377 2677 547 2737 latitudinem
564 2692 614 2733 seu
633 2677 836 2745 amplitudinem
854 2674 1053 2743 superficialem
1071 2692 1150 2733 areae
1168 2678 1365 2745 tetragonicum,
1391 2680 1430 2733 sio
1448 2680 1531 2735 ceteri
1549 2686 1676 2749 aspectus
1693 2681 1729 2735 ab

377 2757 520 2814 identitate
545 2758 693 2827 figurarum
718 2763 845 2824 aspectus
870 2753 996 2824 quadrati
1021 2753 1164 2811 discedunt
1185 2757 1213 2810 iu
1237 2757 1355 2825 aliquam
1380 2756 1530 2825 figurarum
1555 2756 1727 2813 alteritatem.

378 2836 446 2891 Cum
464 2836 546 2905 igitur
564 2837 631 2893 alias
649 2837 678 2889 iu
695 2833 816 2904 physicis
833 2834 910 2888 uuita
928 2833 1013 2886 uirtus
1032 2834 1068 2888 sit
1085 2833 1189 2905 sortior,
1211 2836 1261 2891 erit
1279 2837 1360 2891 etiam
1378 2835 1406 2915 in
1424 2838 1576 2901 hac.ideali
1593 2848 1621 2894 et
1639 2839 1728 2907 obJ'ec·

379 2914 436 2971 tivo
452 2916 630 2985 impressione
647 2915 734 2983 major
752 2913 852 2983 gradum
870 2902 1047 2980 fortitudinis,
1066 2914 1112 2967 ubi
1129 2915 1232 2983 figuras
1250 2915 1317 2970 loeis
1335 2915 1487 2985 dammae,
1506 2916 1593 2971 altera
1611 2933 1647 2971 sc.
1667 2933 1728 2971 ceu·

377 2992 464 3062 eain,
483 2994 570 3049 altera
588 2992 846 3059 circumferentium,
867 2992 957 3060 speeie
975 2992 1085 3048 eaedem
1103 2994 1214 3050 fuerint.
1250 2994 1355 3050 Deinde
1373 3002 1504 3065 quantum
1526 2997 1562 3051 ad
1579 3012 1728 3066 congruen-

377 3073 456 3143 tiam,
473 3073 521 3129 illu
537 3075 566 3129 in
584 3080 727 3140 tetragono
744 3070 942 3141 perfectissima
961 3079 1002 3124 est
1021 3078 1047 3125 et
1065 3072 1219 3142 omnifaria,
1248 3089 1312 3127 nsm
1330 3089 1422 3127 secum
1439 3073 1500 3141 ipsa
1518 3075 1642 3141 congruit
1659 3075 1728 3128 haec

377 3149 465 3219 figura
481 3152 509 3206 in
528 3150 616 3207 solido
634 3152 669 3207 ad
687 3150 787 3206 cubum
804 3150 988 3217 formandum,
1013 3150 1060 3217 qui
1077 3166 1204 3206 mensura
1223 3159 1268 3205 est
1285 3152 1370 3205 omnis
1389 3150 1534 3205 soliditatis
1559 3159 1586 3205 et
1604 3151 1728 3220 congruit

378 3230 590 3300 simplicissime,
614 3231 699 3285 ternis
716 3238 823 3285 tantum
841 3228 948 3297 angulis
967 3227 1093 3297 adscitis;
1120 3229 1244 3297 congruit
1261 3238 1288 3282 et
1307 3230 1335 3283 iu
1352 3229 1435 3299 plano
1454 3247 1546 3285 seeum
1573 3231 1634 3300 ipsa
1662 3247 1726 3301 qua·

377 3309 462 3364 ternis
480 3308 600 3380 augrrlis;
623 3310 748 3380 congruit
770 3324 878 3363 rursum
896 3308 924 3363 in
942 3306 1029 3363 solido
1051 3322 1113 3360 cum
1131 3308 1249 3377 trigono,
1275 3315 1445 3377 pentagono,
1473 3309 1629 3377 hexagono,
1653 3315 1727 3363 octo·

379 3403 459 3456 gono,
478 3389 616 3457 decagouo
634 3391 707 3444 uarie
725 3388 760 3443 ad
779 3387 934 3442 formandas
952 3386 1053 3456 figuras
1072 3386 1187 3454 solidas,
1211 3388 1334 3455 congruit
1352 3404 1412 3443 cum
1431 3388 1527 3444 iisdem
1544 3387 1668 3451 omnibns
1686 3386 1725 3441 iu-

377 3479 514 3534 superque
530 3474 560 3520 et
578 3483 639 3522 cum
657 3466 831 3533 dedecagono
850 3473 878 3519 et
895 3465 1033 3533 icosigouo
1046 3462 1242 3533 quadamtenus
1260 3465 1294 3520 ad
1312 3465 1452 3535 planitiem
1465 3466 1653 3535 sternendam,
1672 3479 1725 3533 qua

376 3540 404 3596 in
424 3544 590 3613 proprietate
609 3545 657 3598 illa
674 3560 691 3599 a
708 3543 783 3598 nulla
801 3543 853 3598 alia
871 3550 1023 3611 superatur.

465 3623 557 3678 Tertio
579 3640 643 3678 area
668 3621 801 3692 tetragoni
824 3627 866 3677 est
889 3620 1016 3690 effabilis,
1045 3620 1117 3690 quod
1139 3620 1300 3690 principium
1324 3629 1366 3677 est
1391 3622 1534 3691 singularis
1557 3622 1673 3691 alicujus
1698 3628 1725 3677 st

379 3703 494 3757 eximiae
519 3704 710 3771 congruentiae
733 3702 760 3754 iu
785 3701 882 3769 plano;
908 3711 938 3757 ut
961 3707 1051 3756 certus
1074 3714 1198 3753 marum
1222 3700 1303 3768 hujus
1322 3700 1425 3770 figurae
1447 3718 1575 3756 numerus
1601 3704 1726 3757 absumat

379 3788 482 3836 cenum
501 3782 697 3851 quadratorum
714 3780 838 3835 diametri
854 3796 995 3835 numerum
1017 3786 1047 3834 et
1064 3779 1102 3833 sic
1119 3778 1223 3847 figurae
1241 3796 1294 3834 nou
1312 3786 1418 3834 tautum
1437 3781 1606 3854 ipsaeiuter
1626 3796 1655 3837 se
1678 3797 1724 3835 an·

376 3857 447 3927 gulis
466 3865 493 3913 et
511 3858 642 3914 lateribus
660 3866 819 3927 congruant,
838 3857 887 3913 sed
905 3856 1110 3927 quodammodo,
1130 3857 1211 3912 certis
1230 3873 1267 3913 sc.
1287 3859 1344 3913 suis
1362 3858 1453 3929 lineis,
1472 3859 1554 3914 etiam
1579 3875 1640 3912 cum
1659 3873 1724 3927 qua·

378 3936 449 3992 drsti
474 3938 597 3994 diametri
622 3938 759 3993 lateribus.
795 3937 827 3991 In
851 3937 903 3991 hac
926 3937 1091 4006 proprietate
1114 3937 1262 4006 quadratos
1287 3946 1413 4006 aspectus
1438 3938 1525 3993 solum
1549 3939 1724 3995 semisextum

379 4017 463 4073 habet
480 4034 515 4073 ex
533 4025 611 4087 parte
629 4018 739 4072 socium.
775 4015 844 4070 Vide
862 4014 908 4070 lib.
918 4013 952 4068 II.
990 4013 1093 4082 Quarto
1111 4015 1305 4085 neeignobilis
1328 4024 1371 4071 est
1388 4018 1487 4087 gradm
1510 4017 1639 4071 scientiae
1656 4017 1723 4071 late·

376 4094 422 4164 ris,
443 4098 516 4164 quod
540 4102 583 4151 eat
600 4095 707 4151 effabile
725 4095 860 4165 potentia,
884 4110 938 4162 qno
963 4092 1048 4163 gradu
1074 4094 1214 4163 praecellit
1235 4095 1443 4164 cetensiiguris
1462 4097 1586 4152 omuibus
1609 4102 1723 4164 excepto

378 4175 528 4244 sexangulo
534 4194 542 4245 ;
566 4190 654 4244 neque
672 4183 761 4229 tamen
780 4174 819 4228 illi
836 4180 983 4242 propterea
998 4171 1060 4227 loco
1079 4172 1164 4236 cedit,
1189 4189 1251 4227 cum
1269 4171 1398 4227 scibilitas
1416 4189 1471 4228 non
1490 4175 1525 4229 sit
1542 4176 1724 4245 comparanda

303 4308 314 4323 ¹,
377 4252 582 4323 congruentiae,
608 4261 639 4307 ut
657 4253 821 4322 explicatum
843 4258 885 4305 est
907 4265 1004 4319 supra,
1029 4260 1056 4305 et
1077 4268 1141 4308 vero
1166 4252 1256 4308 valeat
1274 4253 1451 4308 accumulatio
1474 4257 1723 4326 praerogativarum

376 4330 411 4385 sd
429 4332 581 4402 aagendam
599 4331 762 4399 efficaciam,
780 4345 829 4403 per
847 4329 953 4383 amoma
971 4329 996 4384 3.
1015 4329 1105 4397 hujus.

435 4424 690 4509 xPropositio
717 4422 790 4481 XII.
841 4419 957 4478 Tertius
996 4419 1178 4497 efficacitatis
1216 4421 1324 4500 gradus
1359 4429 1405 4481 est
1432 4426 1511 4499 trini,
1547 4427 1660 4487 sextilis
1693 4436 1723 4489 et

376 4520 543 4661 temneat&
560 4593 673 4661 trinum,
697 4590 821 4646 sextilem
838 4596 866 4644 et
884 4587 1058 4643 semisextnm
1076 4588 1103 4642 in
1123 4590 1217 4644 eodem
1235 4588 1322 4661 grado
1346 4590 1462 4660 colloco,
1490 4594 1556 4650 facit
1573 4596 1722 4665 proprieta-

374 4678 433 4728 tum
449 4687 505 4727 nou
518 4672 654 4741 identitas,
673 4670 722 4725 sed
740 4667 959 4741 aequipollentia.
996 4666 1117 4721 Primum
1128 4674 1221 4723 eorum
1238 4667 1342 4737 tigsrrae
1354 4669 1518 4741 principales
1530 4675 1557 4729 iu
1571 4690 1721 4743 congroen-

375 4750 415 4805 tia
432 4751 514 4820 plana
530 4749 641 4804 nedum
656 4757 764 4804 mutuas
782 4762 892 4817 operas,
911 4749 1009 4800 coeunt
1026 4762 1052 4803 n.
1071 4750 1099 4799 et
1115 4746 1185 4801 inter
1202 4762 1232 4802 se
1245 4748 1317 4802 uarie
1335 4756 1363 4802 et
1376 4765 1438 4804 eum
1450 4753 1518 4824 aliis,
1536 4763 1568 4809 ut
1579 4753 1720 4823 quadrato.

374 4829 549 4887 Praecelluut
566 4829 674 4899 quidem
690 4830 734 4885 hic
751 4828 873 4898 trigonus
891 4834 919 4881 et
935 4826 1107 4896 hexagonus,
1132 4825 1197 4893 qnia
1213 4826 1295 4882 etiam
1312 4842 1404 4885 secum
1420 4831 1497 4901 ipsae
1515 4831 1637 4901 singulae
1656 4846 1718 4901 spe·
