3940 5856
373 367 437 427 tta
892 361 1042 418 Ptolemaei
1059 358 1214 417 Harmonia.

372 538 402 594 11
419 538 577 608 praedicato
604 537 711 607 species
735 536 949 595 mathematicas.
986 537 1130 597 Conclusio
1149 534 1267 604 denique
1291 542 1334 590 est
1351 533 1551 604 quodammodo
1577 534 1637 589 loeo
1656 532 1732 590 habi-

373 618 455 672 tualis
474 618 648 687 operationis.
685 618 784 671 Adhuc
802 618 933 688 amplius:
956 618 1096 675 theorema
1124 622 1167 669 est
1185 614 1348 684 speculatio,
1377 614 1517 685 problema
1539 620 1581 670 est
1601 614 1732 684 operatio,

375 711 542 751 1111111111
561 696 800 751 demonstrationis
830 711 863 750 ex
882 696 1080 750 theorematum
1103 693 1380 750 demonstrationibus
1400 695 1533 760 derivata,
1561 708 1645 747 cansa
1668 709 1732 753 nero

375 775 516 844 praecepti
541 774 569 828 in
587 774 640 828 hac
665 789 714 828 sua
742 773 974 830 demonstratione
1001 776 1168 839 confirmata,
1197 774 1310 843 ejusque
1328 787 1395 828 nsua
1416 780 1458 827 est
1476 773 1563 827 instar
1586 769 1734 826 habitualis

320 866 323 875 ’
376 853 506 907 exercitii.
543 854 585 906 lta
606 852 749 921 multiplex
777 859 820 909 est
843 853 1031 922 symbolisatio
1054 854 1119 920 ista,
1149 852 1338 906 sisenandum
1362 852 1449 921 magis
1477 861 1505 906 et
1528 852 1617 904 miuus
1644 852 1734 906 omnia

375 932 577 988 consideremus
603 947 663 984 cum
689 930 855 985 Ptolemaeo.
892 931 946 985 Sed
971 932 1052 1000 plena
1078 930 1201 985 trifariae
1229 929 1409 983 distinctionis
1433 928 1496 984 idea
1522 938 1564 984 est
1587 929 1619 981 in
1643 930 1732 988 hisce:

375 1011 541 1065 aanouomia
557 1011 633 1078 ipsa,
661 1022 732 1080 qnae
746 1024 847 1063 'causas
867 1010 956 1079 operit
975 1009 1208 1078 apparentiam,
1232 1014 1275 1062 est
1293 1006 1503 1076 speculationis,
1531 1005 1651 1063 calculus
1670 1025 1733 1064 vero

375 1098 498 1145 motuum
517 1089 676 1145 coelestium
694 1090 729 1142 ad
748 1097 871 1158 tempora
890 1097 965 1143 certa
992 1089 1033 1142 vel
1052 1089 1184 1143 revolutio
1208 1087 1342 1157 sphaerae
1364 1085 1586 1158 theoriarumque
1610 1096 1653 1145 est
1671 1102 1734 1157 ope·

375 1169 488 1224 rationis
506 1169 676 1237 mannaria03
695 1168 812 1237 denique
831 1167 932 1235 agnitio
950 1174 1146 1237 tempestatum
1165 1166 1228 1243 anni
1247 1181 1281 1219 ex
1300 1164 1419 1219 siderum
1438 1175 1501 1220 ortu
1519 1176 1547 1222 et
1565 1184 1665 1224 occasu
1677 1183 1734 1220 mu·

376 1247 564 1317 tationumqua
589 1247 660 1301 sitris
688 1254 739 1302 etc.
764 1254 838 1315 (pars
866 1247 1057 1317 agriculturae)
1087 1255 1115 1300 et
1138 1246 1276 1300 distinctio
1295 1242 1437 1313 plagarum
1465 1258 1499 1297 ex
1526 1254 1639 1315 aspectu
1665 1243 1735 1299 coeli

376 1328 453 1395 (pars
479 1327 546 1380 artis
570 1326 724 1393 nauticae),
751 1334 815 1380 sunt
841 1327 912 1380 inter
935 1322 1053 1381 habitis.
1091 1324 1227 1392 Quorsum
1244 1322 1347 1378 referas
1372 1321 1454 1375 etiam
1481 1321 1638 1379 instinctum
1657 1323 1734 1377 illurn

376 1406 541 1469 naturalem,
567 1404 731 1474 agnoscendi
751 1404 983 1472 configurationes
1001 1406 1069 1459 citra
1088 1403 1252 1471 discursum,
1281 1400 1388 1468 dequo
1407 1394 1493 1455 multa
1517 1400 1586 1477 libro
1604 1403 1651 1456 IV.
1671 1400 1735 1461 111111,

377 1486 417 1540 sic
436 1485 518 1539 etiam
536 1483 692 1537 instinctam
711 1482 738 1535 in
759 1483 831 1551 Sole,
850 1480 1189 1553 agnoscendirharmonia's
1208 1480 1343 1535 coelestes
1363 1521 1370 1548 ,
1389 1478 1424 1532 de
1442 1493 1496 1547 quo
1514 1478 1560 1533 lib.
1574 1481 1604 1533 V.
1618 1492 1678 1548 cap.
1696 1482 1735 1538 to.

378 1565 416 1619 Et
432 1564 460 1617 in
471 1562 620 1637 'harmonia
638 1560 756 1614 inventio
776 1575 929 1629 causarum,
949 1578 984 1616 aa
1002 1562 1101 1631 quibus
1121 1567 1186 1614 sunt
1203 1558 1370 1625 harmoniae,
1389 1558 1507 1625 pertinet
1525 1558 1559 1611 ad
1572 1558 1735 1628 speculatio·

377 1657 439 1696 nem
457 1655 624 1709 expressam,
643 1638 845 1693 harmoniarum
863 1640 892 1693 in
905 1639 1016 1694 vocibus
1034 1648 1063 1694 et
1080 1638 1190 1693 chordis
1208 1653 1257 1707 per
1270 1637 1416 1691 sectionem
1434 1636 1551 1711 chordae
1569 1638 1735 1705 canonicam,

377 1720 496 1789 pertinet
514 1717 552 1772 ad
569 1717 754 1793 operationem
771 1717 951 1785 manuariam,
977 1724 1006 1771 at
1025 1716 1172 1773 modulatio
1191 1725 1302 1784 cantus,
1330 1731 1378 1771 seu
1397 1731 1476 1783 voce,
1496 1731 1546 1770 seu
1563 1730 1658 1783 mann,
1686 1730 1737 1769 seu

378 1797 473 1866 lingua
491 1804 520 1850 et
536 1795 721 1850 instrumentis
740 1796 910 1861 sonantibus,
931 1804 973 1850 est
991 1796 1027 1851 ad
1045 1796 1155 1851 habitus
1174 1795 1326 1851 referenda.
1363 1795 1498 1862 Quorsum
1517 1795 1598 1849 enam
1616 1793 1735 1861 referen-¹

380 1876 431 1929 dus
449 1875 593 1929 instinctus
614 1873 666 1928 ille
684 1874 825 1930 naturalis,
844 1875 871 1928 111
889 1874 1058 1942 hominihus,
1085 1875 1250 1946 agnoscendi
1278 1881 1307 1929 et
1330 1872 1464 1943 probandi
1490 1872 1647 1928 harmonias
1665 1872 1734 1926 citra

379 1952 461 2009 etiam
479 1952 659 2022 disciplinam.

930 2139 1072 2211 CAPUT
1100 2132 1188 2211 llll)

394 2320 398 2335 ‹
468 2294 623 2372 Quodvis
646 2294 832 2359 harmonicae
855 2302 1131 2383 contemperationis
1155 2300 1289 2360 omnibus
1312 2300 1399 2359 rebus
1423 2301 1508 2373 insit,
1533 2316 1656 2375 quarum
1680 2316 1734 2357 aa·

381 2418 465 2469 turae
487 2408 600 2471 altioris
622 2410 807 2488 perfectionis
837 2412 930 2488 gradu
954 2416 1140 2486 consistunt,'
1168 2422 1195 2472 et
1222 2413 1301 2489 quod
1333 2412 1362 2471 id
1385 2416 1511 2471 manime
1541 2414 1733 2489 appareatis

381 2523 518 2585 humanis
541 2524 646 2581 animis
670 2527 757 2599 inque
780 2525 957 2585 coelestibus
980 2525 1214 2585 revolutionibus
1227 2522 1270 2605 ¹¹).

471 2634 558 2709 Quod
580 2638 669 2712 igitur
696 2637 770 2696 haec
793 2638 962 2697 harmonica
992 2638 1117 2698 facultas
1140 2641 1253 2715 species
1276 2639 1422 2715 quaedam
1452 2641 1490 2697 sit
1512 2655 1619 2698 causae
1642 2640 1735 2697 ratio·

383 2724 516 2796 sinantia,
540 2740 660 2783 versans
684 2727 761 2783 circa
784 2729 1081 2786 commensurationea
1104 2738 1251 2800 motuum,
1280 2736 1309 2784 et
1332 2726 1410 2802 qnod
1434 2728 1569 2799 scientia,
1594 2728 1622 2783 ln
1645 2724 1734 2801 hujus

382 2810 530 2871 facultatis
562 2812 810 2889 contemplatione
842 2824 1000 2890 occupata,
1031 2814 1143 2892 species
1174 2816 1212 2870 sit
1236 2813 1472 2885 mathematicas,
1508 2816 1629 2873 versans
1660 2815 1735 2872 circa

385 2900 589 2979 proportiones
619 2898 846 2960 differentiarum
878 2900 1052 2960 audibilium
1082 2900 1264 2976 tendensque
1294 2904 1323 2958 in
1354 2901 1498 2960 culturam
1527 2903 1624 2975 ritae,
1660 2914 1735 2977 quaa

384 2986 461 3046 solet
483 2988 607 3046 existere
634 3004 669 3045 er
692 2988 954 3065 cointemplotlona,
985 2991 1010 3047 si
1040 2990 1130 3047 etiam
1161 2988 1283 3047 accedat
1311 2990 1434 3049 imitatio
1458 3002 1575 3067 eorum,
1607 2989 1657 3063 qui
1680 2989 1735 3047 sub

385 3072 539 3149 disciplina
562 3089 663 3132 eorum
686 3084 754 3133 suut
776 3078 941 3147 constituti,
973 3075 1003 3133 id
1025 3093 1076 3152 per
1096 3075 1158 3150 jam
1181 3076 1291 3135 dictum
1313 3079 1355 3134 sic
1378 3076 1583 3135 adumbratum
1605 3083 1679 3137 esto.

472 3160 685 3236 Explicaudum
709 3179 780 3221 vero
803 3171 832 3221 et
855 3162 892 3221 ad
914 3172 1041 3222 mentem
1063 3162 1262 3222 revocandum
1286 3164 1489 3239 estamplius,
1513 3163 1592 3238 quod
1615 3178 1735 3222 necesse

385 3249 496 3323 ubique
519 3250 566 3319 sit,
589 3247 758 3307 facultatem
782 3257 882 3309 tautae
906 3252 1111 3326 praestantiae,
1136 3252 1212 3309 sicut
1234 3260 1263 3310 et
1280 3259 1391 3310 ceteras
1408 3246 1549 3332 (rationis
1564 3244 1735 3330 facultates)

386 3334 522 3394 omnibus
546 3337 634 3393 etism
657 3335 724 3393 aliis
748 3340 842 3396 inesse
866 3337 968 3409 rebam,
1000 3354 1076 3413 qnae
1098 3339 1272 3415 principium
1296 3350 1392 3397 motus
1415 3339 1525 3398 habent
1548 3340 1575 3394 in
1600 3355 1632 3395 se
1655 3340 1735 3412 ipsis,

366 3424 583 3498 'inquantum
613 3422 641 3481 id
666 3426 790 3497 quaevis
818 3423 920 3497 habet,
952 3426 1082 3503 inprimis
1115 3442 1182 3484 vero
1212 3434 1241 3484 et
1270 3424 1438 3503 plenissime
1466 3414 1552 3485 rebus
1576 3427 1627 3497 iis,
1660 3438 1736 3500 quac

386 3510 567 3586 perfectioris
589 3516 618 3568 et
641 3510 836 3571 rationalioris
859 3520 981 3571 naturae
1004 3522 1072 3571 sunt
1093 3515 1265 3590 participes,
1288 3523 1406 3591 propter
1429 3521 1509 3573 ortus
1533 3514 1737 3589 cognationem

388 3606 418 3656 et
439 3597 667 3657 familiaritatem
677 3593 742 3673 ¹¹¹);
771 3602 801 3656 iu
825 3601 860 3658 iia
884 3602 991 3676 quippe
1014 3601 1084 3676 solis
1113 3600 1234 3660 evidens
1259 3602 1320 3661 lieri
1338 3610 1452 3679 potest,
1470 3619 1571 3678 ,quam
1594 3599 1646 3658 illa
1669 3599 1738 3659 irar-

388 3687 486 3743 monia
509 3694 538 3744 ct
562 3687 720 3746 anniversim
742 3695 773 3748 et
794 3695 928 3746 accurate
952 3696 1068 3753 tueatur
1091 3682 1247 3769 (quantum
1274 3689 1391 3765 quidem
1413 3689 1474 3748 lieri
1491 3690 1609 3747 omuino
1624 3681 1737 3767 potest)

388 3772 609 3833 similitudinem
634 3778 862 3851 proportionum,
878 3776 994 3851 >quibua
1017 3778 1046 3832 iu
1070 3775 1259 3835 dissimilibus
1274 3778 1429 3854 speciebus
1452 3777 1553 3852 aliqua
1567 3784 1739 3851 111111111-

389 3861 561 3937 temperatio
596 3868 625 3920 et
659 3864 865 3921 convenientia
899 3865 1092 3922 constituitur.
1145 3864 1179 3921 In
1215 3867 1383 3924 universum
1419 3867 1495 3924 enim
1531 3861 1740 3946 unaquaelibet

391 3962 490 4007 aarum
514 3965 619 4017 rerum,
643 3964 717 4024 quaa
740 3957 845 4008 natura
868 3949 1013 4025 gubernat
1034 3958 1063 4008 et
1085 3951 1294 4028 complectitur,
1319 3955 1513 4029 proportionis
1529 3951 1654 4025 alicujus
1671 3966 1739 4024 par·

390 4022 482 4110 ticeps
514 4044 559 4093 est
581 4052 648 4095 cum
680 4036 708 4094 iu
732 4037 877 4109 motibus,
909 4039 1082 4095 tumetium
1115 4041 1143 4095 in
1168 4039 1308 4113 subjectis
1335 4041 1391 4099 sibi
1419 4041 1564 4109 materiis,
1595 4037 1678 4112 cujus
1702 4035 1739 4094 ad

390 4124 600 4199 praescriptum
622 4138 880 4199 commensurnque
902 4122 1023 4181 rationis
1047 4118 1092 4204 (ln
1116 4135 1257 4202 quantum
1281 4126 1331 4184 illa
1354 4126 1471 4203 quidem
1503 4125 1652 4183 observari
1676 4142 1740 4180 orn·

390 4210 459 4268 nino
483 4211 708 4286 conservarique
730 4206 844 4292 potest)
868 4219 897 4268 et
919 4213 1069 4286 generatio
1093 4215 1124 4272 in
1145 4232 1175 4272 re
1199 4216 1274 4272 inest
1305 4222 1334 4273 et
1356 4215 1536 4272 alimentatio
1570 4221 1598 4271 ot
1621 4227 1740 4270 coinser-

393 4297 474 4354 vatio
498 4304 527 4356 et
550 4297 689 4372 quicquid
713 4301 830 4357 omnino
853 4297 982 4357 melioris
1006 4305 1094 4357 notae
1118 4300 1172 4359 dict
1197 4308 1310 4376 potest3
1334 4318 1399 4360 cum
1414 4317 1483 4359 vero
1507 4300 1593 4359 rebus
1617 4293 1741 4380 (quibus

392 4383 509 4461 quidem
532 4386 645 4463 potest)
668 4383 787 4444 ademta
808 4386 895 4445 fuerit
916 4387 992 4445 haec
1013 4385 1240 4447 familiarissima
1261 4387 1396 4460 facultas,
1421 4388 1519 4447 omnia
1539 4398 1618 4446 tunc·
1632 4402 1739 4456 eorunr,

391 4486 467 4547 qnae
494 4472 556 4547 jam
587 4471 728 4547 diximus,
752 4476 905 4532 contraria
934 4476 970 4531 iis
1001 4476 1140 4533 eveniunt
1168 4483 1312 4550 ruuntque
1341 4480 1370 4533 et
1391 4482 1516 4551 vergunt
1545 4477 1573 4532 io
1595 4468 1741 4550 pejmlll.

390 4558 502 4617 Verum
517 4561 547 4617 in
562 4562 702 4619 materias
717 4562 809 4638 ipsius
826 4561 1003 4620 motionibus
1026 4561 1189 4643 alteratiyis
1213 4562 1242 4620 id
1264 4579 1322 4621 non
1339 4564 1381 4621 ita
1395 4564 1584 4639 conspicuum
1599 4569 1653 4633 est,
1677 4578 1742 4618 com

391 4648 422 4703 111
445 4644 612 4724 illoneque
635 4651 785 4723 quantitas
807 4665 903 4725 neque
927 4649 1055 4724 qualitas
1074 4658 1193 4731 propter
1216 4648 1437 4709 instabilitatem
1464 4649 1647 4709 determinari
1671 4664 1742 4723 pos-

392 4729 485 4811 1111),
513 4736 542 4792 11
567 4737 694 4795 motibus
718 4752 802 4809 vero,
832 4737 882 4812 qni
912 4744 944 4794 ut
971 4736 1127 4813 plurimum
1156 4740 1230 4795 inter
1257 4738 1451 4812 speciensem
1479 4738 1587 4797 formas
1617 4752 1743 4795 conrar-

393 4822 543 4903 santurll)
567 4822 770 4907 [1111111111
793 4824 823 4896 ii,
846 4825 896 4905 qui
919 4826 1019 4883 insunt
1041 4825 1137 4899 rebus,
1160 4831 1278 4887 naturas
1293 4825 1481 4906 perfectiores
1495 4831 1525 4885 at
1540 4822 1742 4884 rationaliores
