3940 5856
790 402 873 461 liber
889 404 922 460 V.
952 403 1042 475 ceput
1058 405 1105 461 lit
1561 407 1624 468 elo

270 586 412 660 Veneris,
440 588 484 648 sie
506 592 540 645 ut
570 586 689 663 propria
711 583 848 645 Mercurii
871 582 954 643 lieret
974 584 1105 660 perfectu
1126 579 1195 667 iq„
1227 591 1258 644 ct
1280 585 1324 644 sic
1347 578 1373 665 Q
1393 590 1522 660 utroque
1542 589 1625 642 motu

270 691 337 735 eum
360 676 447 735 unico
467 672 610 751 peribelio
635 672 757 733 Veneris
780 669 978 732 concordaret
1179 668 1184 679 “

357 783 427 838 Mam
453 780 517 850 quia
530 779 645 835 Saturni
672 778 797 847 ephelius
825 795 887 834 cum
913 777 1022 848 aphelio
1041 777 1159 835 Tellurls
1177 778 1343 835 concordare
1361 778 1471 849 debuit,
1498 776 1625 848 planetae

272 861 366 917 extimi
383 859 487 928 figurae
513 874 580 914 suae
598 858 795 928 circumscripti
813 865 841 913 et
867 857 992 914 citissimi
1010 875 1072 913 oum
1091 856 1224 928 Telluris,
1253 873 1324 929 quse
1349 858 1495 926 figureram
1524 862 1625 918 classes

271 930 420 1008 distinguit,
439 937 586 994 diissimo:
601 939 724 1007 sequitur
742 937 847 1007 legibue
865 938 1063 1009 oppositorum,
1082 944 1113 992 ut
1124 935 1253 992 Mercurii
1267 936 1416 1007 perihelius
1434 954 1495 993 cunr
1507 939 1625 996 Telluris

270 1017 401 1090 perihelio
419 1017 569 1087 conspiret,
588 1017 689 1087 quippe
707 1015 836 1086 planetae
854 1016 940 1073 intimi
958 1018 1061 1087 figurae
1080 1031 1147 1072 suae
1165 1016 1288 1085 inscripti
1307 1023 1335 1071 et
1353 1016 1496 1071 humillimi
1514 1017 1625 1088 Solique

270 1096 435 1165 vicinissimi,
454 1113 515 1153 oum
527 1095 654 1164 Telluris,
673 1097 746 1166 sepis
759 1095 833 1152 illius
846 1101 1003 1164 communis,
1022 1105 1097 1157 motu
1110 1095 1276 1155 humillimo:
1294 1095 1335 1150 illi
1345 1094 1455 1166 quidem
1466 1094 1501 1150 sd
1519 1094 1625 1164 durum,

270 1175 300 1230 hi
318 1174 352 1229 ad
370 1173 452 1229 molle
469 1175 670 1231 harmoniarum
689 1191 775 1244 genus
794 1174 1000 1243 designandum,
1018 1192 1068 1246 per
1085 1192 1163 1246 prop.
1184 1176 1218 1232 33
1236 1183 1264 1230 et
1282 1176 1323 1232 34.
1352 1174 1406 1230 Sed
1423 1172 1538 1231 Veneris
1555 1175 1626 1245 peri-

271 1253 360 1308 helius
380 1269 441 1307 cum
458 1252 576 1309 Telluris
594 1253 726 1323 perihelio
745 1253 912 1310 concordare
931 1255 1025 1312 debuit
1042 1256 1070 1311 in
1088 1254 1231 1311 harmonia
1249 1254 1296 1325 ⁶!3,
1322 1271 1372 1326 per
1388 1270 1465 1324 prop.
1484 1253 1533 1323 27,
1561 1271 1625 1323 ergo

273 1332 353 1386 etiam
371 1330 519 1399 perihelius
538 1331 665 1387 Mercurii
683 1349 744 1388 cum
762 1332 894 1401 perihelio
907 1332 1021 1389 Veneria
1040 1334 1068 1388 in
1087 1349 1169 1389 unam
1187 1335 1287 1391 scalam
1307 1334 1402 1390 debuit
1419 1335 1625 1403 contemperari.

272 1412 342 1466 Erit
359 1425 423 1465 uero
442 1428 519 1481 prop.
541 1413 581 1467 12.
601 1426 636 1466 ex
659 1412 796 1481 prioribus
823 1411 877 1468 illis
904 1414 1056 1470 rationibus
1083 1413 1195 1471 definite
1212 1416 1328 1471 Veneris
1347 1422 1375 1470 et
1392 1410 1522 1468 Mercurii
1540 1412 1625 1468 diver·

273 1491 394 1560 gentium
411 1491 552 1545 harmonia
573 1490 617 1559 ¹t„
636 1490 684 1545 illa
702 1507 766 1560 crgo
781 1491 838 1561 jem
856 1508 907 1562 per
923 1493 974 1548 has
991 1493 1158 1561 posteriores
1175 1493 1296 1549 rationes
1308 1493 1360 1549 fuit
1377 1489 1564 1547 fermentando
1582 1506 1625 1546 ac·

272 1571 396 1627 cessione
413 1571 499 1626 totius
516 1570 651 1625 intervalli
668 1571 789 1626 Veneris.
825 1571 888 1626 Non
913 1571 997 1640 igitur
1020 1570 1136 1639 amplius
1165 1571 1199 1625 ub
1224 1570 1348 1641 ephebo,
1375 1571 1426 1627 sed
1451 1584 1468 1624 s
1494 1569 1625 1638 perihelio

272 1649 387 1704 Veneris
405 1647 440 1703 sd
457 1650 617 1718 perihelium
634 1650 765 1709 Mercurii
783 1657 826 1705 est
842 1650 967 1719 perfecta
984 1649 1167 1720 disdiapason.
1201 1651 1387 1725 etquenam
1405 1648 1624 1718 conrerqeutinm

272 1728 415 1785 harmonia
434 1729 467 1798 M,
485 1729 609 1799 periects
628 1738 678 1797 est,
697 1744 745 1798 per
763 1744 840 1797 prop.
860 1730 902 1785 15.
938 1730 1082 1800 Erigitur
1100 1726 1241 1785 subtracta
1258 1729 1292 1783 sb
1316 1730 1360 1798 ¹1„
1378 1734 1465 1785 restat
1483 1728 1535 1784 soli
1552 1727 1624 1784 Mer·

272 1807 348 1863 curio
366 1808 477 1877 propria
494 1807 541 1879 il„
558 1810 639 1865 etiarn
657 1808 786 1878 perfecta,
804 1823 859 1862 non
877 1823 942 1865 uero
961 1808 1077 1878 amplius
1096 1808 1287 1878 (nepopis.
1306 1822 1356 1877 per
1373 1806 1479 1878 priores
1495 1805 1625 1873 rationes)

274 1886 407 1942 diminuta
424 1888 600 1956 proportione
618 1885 731 1944 Veneris
749 1887 867 1956 proprie.
1234 1956 1239 1965 .
1671 1882 1673 1895 '

358 1982 421 2037 Alia
438 1982 515 2039 ratio.
545 1983 622 2038 Sicut
639 1983 784 2039 Saturnum
803 1987 830 2036 et
847 1981 942 2038 Jovem
960 1980 1034 2038 solos
1051 1981 1171 2037 arteriam
1189 1980 1345 2039 nullatenus
1362 1982 1525 2051 contingunt
1542 1981 1625 2037 dode·

274 2062 391 2118 ceidrou
410 2070 437 2117 et
454 2060 606 2117 icosiedron
624 2062 799 2130 conjugatae,
818 2059 858 2115 sic
877 2059 988 2115 eaedem
1005 2060 1171 2115 Mercurium
1189 2059 1278 2114 solum
1294 2059 1409 2115 interius
1427 2076 1486 2115 non·
1501 2065 1624 2129 tangunt,

274 2149 389 2209 tangunt
406 2158 432 2195 n.
450 2142 580 2210 Martem,
599 2139 735 2195 Tellurem
753 2145 781 2194 et
798 2138 939 2206 Venerem,
958 2136 1033 2194 illum
1052 2136 1136 2207 intus,
1155 2139 1227 2195 hanc
1246 2146 1339 2209 extra,
1357 2139 1474 2196 mediam
1492 2139 1626 2209 utrinque.

274 2218 351 2273 Sicut
367 2218 497 2294 igituriri
513 2219 637 2289 proprias
656 2217 847 2295 proportiones
865 2224 986 2271 motuum
1004 2216 1114 2289 Saturni
1133 2223 1161 2273 et
1177 2216 1271 2287 Jovis,
1290 2218 1336 2285 qui
1355 2218 1424 2272 cubo
1443 2224 1471 2272 et
1487 2216 1625 2273 tetraetro

273 2296 336 2352 fulti
354 2303 425 2365 sunt,
445 2298 608 2354 distributim
626 2297 747 2354 additum
765 2304 808 2351 est
826 2294 928 2365 aliquid
946 2295 1059 2366 aequale
1077 2294 1204 2365 propriae
1223 2295 1348 2351 Veneris:
1368 2296 1408 2351 sio
1422 2294 1479 2366 jam
1497 2295 1626 2366 propriso

274 2377 403 2430 Mercurii
421 2374 542 2445 solitarii,
560 2378 606 2447 qni
626 2377 760 2443 cerauno,
780 2375 842 2432 cubi
861 2376 893 2429 e't·
906 2374 1036 2430 tetraedri
1055 2375 1129 2430 socia
1145 2375 1233 2444 figura
1251 2377 1412 2446 continetur,
1432 2376 1563 2432 accedere
1581 2375 1628 2432 de·

273 2453 334 2508 buit
350 2456 524 2510 untundem:
544 2457 644 2526 qnippe
662 2456 732 2511 sicut
750 2454 906 2525 ocuedron,
924 2453 1013 2524 figura
1031 2455 1112 2510 unica
1122 2454 1195 2510 inter
1207 2454 1389 2522 secundariae,
1407 2457 1492 2512 ricem
1510 2453 1628 2511 sustinet

274 2531 397 2602 duarum,
416 2532 478 2588 cubi
489 2533 655 2589 ettetreedri
672 2536 744 2595 inter
760 2533 909 2603 primarias,
929 2531 963 2585 de
982 2549 1036 2602 quo
1055 2533 1115 2589 ride
1133 2549 1194 2603 cap.
1213 2535 1239 2601 1,
1257 2533 1296 2588 sic
1316 2535 1397 2590 οιίιιιι
1414 2535 1487 2591 inter
1503 2533 1627 2605 planetas

273 2610 414 2667 inferiores
432 2627 502 2667 unus
521 2612 672 2668 Mercurius
692 2620 733 2666 est
752 2610 811 2666 loco
831 2610 946 2665 duorum
964 2627 998 2665 ex
1017 2610 1210 2681 superioribus,
1230 2613 1340 2669 Saturni
1358 2614 1462 2671 seilicet
1479 2620 1507 2667 et
1524 2612 1610 2668 Jovis.

362 2699 468 2764 Tertio,
496 2699 566 2755 sicut
585 2700 718 2755 Saturnus
737 2697 884 2753 altissimuh
910 2714 959 2767 per
978 2697 1083 2767 aliquot
1100 2696 1251 2768 diapason,
1276 2700 1330 2756 hoc
1348 2708 1390 2756 eat
1407 2702 1434 2756 in
1450 2692 1628 2772 proportione

279 2778 321 2847 ¹132
341 2779 469 2835 continue
487 2779 577 2849 duple,
597 2777 762 2833 concordare
776 2774 871 2841 debuit
888 2775 996 2843 aphelio
1015 2792 1064 2830 sno
1077 2782 1161 2843 motu,
1182 2793 1244 2831 cunr
1256 2776 1379 2846 duorum,
1398 2779 1444 2851 qni
1462 2793 1548 2849 gertus
1566 2776 1627 2831 har·

277 2860 384 2931 monice
402 2867 521 2925 mutant,
541 2859 644 2914 altioris
664 2858 769 2927 sibique
786 2856 921 2927 propioris
939 2864 1015 2909 motu
1034 2854 1114 2909 etianr
1136 2855 1258 2926 aphelio,
1281 2873 1331 2926 per
1349 2874 1426 2928 prop.
1446 2857 1493 2923 31,
1513 2854 1552 2910 sic
1569 2853 1627 2909 rice

275 2953 354 2993 versa
370 2938 521 2995 Mercurius
545 2937 710 2994 humillimus
737 2951 844 2992 rursum
870 2949 920 3003 per
946 2933 1050 3002 aliquot
1079 2931 1229 3003 diapason,
1260 2934 1287 2988 h.
1307 2936 1376 2990 ein
1399 2932 1577 3005 proportione
1598 2930 1628 3001 1Ι.

240 3080 243 3087 Ι
276 3017 358 3071 etism
376 3016 503 3071 continue
522 3017 614 3086 duple,
634 3015 798 3071 concordare
816 3013 910 3069 debuit
926 3012 1058 3082 perihelio
1078 3028 1128 3067 suo
1147 3022 1221 3067 motu
1240 3028 1303 3069 cum
1322 3014 1450 3083 duorum,
1478 3013 1523 3081 qui
1542 3027 1628 3083 penus

213 3132 219 3147 ι
276 3096 433 3151 barmoniae
450 3104 575 3161 mutant,
602 3095 738 3151 inferioris
757 3093 864 3164 sibique
882 3092 1006 3148 similiter
1030 3090 1165 3163 propioris
1183 3100 1259 3149 motu
1285 3093 1425 3164 perihelio.
1463 3076 1566 3161 Quuto
1584 3108 1628 3148 su·

275 3174 413 3245 pericuum
431 3175 512 3229 trium
530 3176 672 3244 Saturnus,
691 3175 807 3243 Jupiter,
827 3174 901 3227 Mars
920 3172 1019 3240 singuli
1037 3178 1143 3228 tentum
1161 3171 1275 3226 extremi
1293 3171 1451 3239 conspirant
1469 3171 1504 3227 sd
1521 3170 1628 3226 humo·

276 3254 335 3307 nins
353 3252 536 3321 universales,
561 3253 696 3309 inferioris
714 3252 797 3321 igitur
814 3260 842 3307 et
861 3250 947 3308 unici.
970 3251 1097 3308 Mercurii
1117 3266 1155 3308 sc.
1176 3251 1256 3306 ambo
1274 3251 1389 3305 extremi
1407 3251 1564 3322 conspirare
1583 3247 1628 3304 de·

189 3378 192 3385 .
275 3334 395 3387 buerunt
406 3331 441 3385 ad
454 3331 573 3386 easdem:
592 3346 652 3385 uam
666 3332 755 3400 medii,
774 3330 867 3386 Tellus
880 3337 908 3383 et
920 3329 1021 3399 Venus,
1039 3345 1126 3398 genus
1138 3329 1340 3385 harmoniarum
1352 3337 1457 3387 mutare
1470 3330 1629 3394 debuerunt,

275 3426 327 3480 per
343 3426 421 3479 prop.
438 3410 480 3478 33,
499 3411 541 3465 34.
576 3410 701 3478 Denique
718 3412 747 3466 in
765 3411 836 3481 bigis
862 3410 949 3465 tribus
967 3404 1138 3479 superiorum
1164 3410 1290 3465 inventae
1313 3417 1376 3464 sunt
1395 3410 1552 3466 harmoniae
1568 3425 1629 3480 per·

276 3490 367 3545 fectae
381 3490 453 3545 inter
470 3497 663 3558 conserpentes
681 3496 788 3554 motus,
816 3487 997 3542 fermentatae
1015 3503 1079 3541 sero
1105 3488 1176 3542 inter
1194 3486 1365 3556 divergentes
1384 3497 1412 3544 et
1429 3489 1556 3559 propriae
1575 3488 1629 3543 sin·

277 3567 415 3637 gaiorum:
442 3568 470 3623 in
488 3567 558 3637 bigis
575 3567 661 3639 igitur
677 3567 782 3623 duabus
799 3565 956 3622 inferiorum
973 3567 1031 3621 rice
1049 3581 1128 3621 versa
1145 3581 1201 3621 non
1219 3567 1290 3622 iuter
1307 3572 1502 3637 contengentes
1520 3566 1656 3638 portentu

277 3663 367 3714 mum,
395 3661 445 3702 nec
463 3647 534 3701 inter
552 3647 737 3713 direrrentes,
765 3646 813 3701 scd
839 3647 911 3700 inter
937 3643 1060 3712 ejusdem
1086 3644 1185 3715 plagae
1202 3652 1293 3700 motus
1315 3645 1453 3713 perfectae
1471 3643 1630 3702 hermoniae
1735 3668 1742 3677 ·

280 3723 394 3793 reperiri
420 3724 581 3780 debuerunt.
626 3727 665 3780 Et
691 3726 755 3794 quie
778 3723 880 3779 Telluri
907 3730 935 3778 et
960 3723 1059 3778 Veneri
1083 3723 1153 3777 duee
1178 3723 1316 3791 perfectae
1343 3723 1522 3797 debebantur,
1546 3740 1631 3796 quare

278 3802 359 3857 etiam
377 3802 476 3859 Veneri
496 3810 524 3858 et
540 3804 676 3859 Mercurio
695 3804 766 3859 dnae
792 3802 963 3858 debebantur
980 3802 1126 3873 perfectae.
1162 3801 1201 3855 Et
1218 3800 1258 3854 illi
1277 3801 1386 3871 quidem
1405 3802 1458 3858 duo
1485 3810 1542 3859 tam
1560 3803 1630 3857 iuter

278 3881 401 3949 apheilos
419 3883 568 3951 perfectam
586 3884 677 3938 sortiri
695 3881 864 3951 debuerunt,
892 3896 973 3952 qnam
991 3882 1063 3936 inter
1087 3878 1252 3950 penhelios,
1281 3882 1345 3950 quia
1368 3898 1455 3953 genus
1473 3882 1630 3939 barmoniae
1665 3901 1667 3905 ¹

278 3966 383 4015 mutare
401 3959 564 4015 dehuenrnt:
591 3960 684 4017 Venus
701 3977 766 4017 vero
784 3971 812 4016 et
830 3961 992 4029 Mercurius,
1011 3966 1107 4028 utpote
1125 3974 1211 4028 penus
1236 3959 1393 4016 harmoniae
1411 3977 1465 4016 non
1484 3968 1629 4031 mutantes,

278 4052 332 4091 non
351 4039 432 4094 etiam
449 4037 624 4107 requirebant
641 4039 777 4109 periectas
796 4040 868 4093 inter
886 4046 1029 4106 utramque
1048 4036 1146 4108 bigam,
1165 4046 1220 4093 tam
1238 4038 1408 4107 epheborum
1427 4057 1507 4109 quam
1524 4039 1630 4110 perihe-

277 4117 374 4171 liorum
391 4124 526 4183 motuum,
545 4116 593 4172 sed
612 4118 744 4174 successit
761 4133 811 4186 pro
830 4116 972 4171 harmonia
990 4115 1113 4186 perfecte
1130 4115 1312 4184 apheliorum,
1332 4123 1364 4171 ut
1381 4132 1452 4185 qaae
1470 4119 1631 4174 sermentato

274 4195 331 4264 jam
349 4194 408 4265 iuit,
427 4195 567 4251 harmonia
583 4196 705 4267 perfecta
722 4194 955 4263 conserpentium,
983 4201 1015 4251 ut
1032 4194 1105 4251 sicut
1120 4193 1398 4262 Venus,·inieriorum
1417 4197 1549 4266 superior,
1567 4213 1630 4266 pro·

277 4277 364 4345 priam
380 4282 502 4329 motuum
520 4277 724 4346 proportionem
740 4275 824 4329 habet
839 4273 976 4328 mininam
996 4273 1130 4343 omnium,
1157 4288 1208 4343 per
1225 4290 1301 4343 prop.
1320 4274 1372 4344 28,
1399 4277 1570 4343 Mercurius,
1587 4275 1629 4331 ln·

277 4354 406 4408 seriorum
423 4353 542 4424 inferior,
561 4357 763 4428 proportionem
781 4353 917 4423 propriam
936 4352 1080 4408 maximam
1092 4353 1210 4408 omnium
1229 4352 1342 4408 sortitus
1361 4360 1411 4421 est,
1429 4370 1479 4424 per
1490 4371 1568 4426 prop.
1581 4355 1629 4425 30,

278 4434 318 4489 sic
337 4435 417 4488 etiam
434 4435 544 4504 propria
561 4435 675 4491 Veneris
692 4435 812 4490 omnium
829 4432 1002 4503 propriarum
1019 4438 1092 4488 esset
1110 4430 1345 4501 imperfectissima
1362 4448 1410 4491 seu
1429 4433 1463 4488 ab
1481 4434 1629 4489 harmoniis

278 4512 473 4581 remotissima3
501 4516 612 4584 propria
639 4530 703 4569 rero
721 4512 850 4568 Mercurii
878 4513 996 4566 omniurn
1022 4512 1194 4581 propriarum
1221 4511 1435 4582 perfectissima,
1462 4512 1492 4567 id
1509 4519 1551 4568 est
1567 4511 1630 4568 har·

278 4590 369 4644 monia
386 4589 512 4646 absolute
530 4592 588 4646 sine
607 4592 752 4660 fermento,
773 4597 801 4645 et
819 4589 858 4645 sic
876 4587 985 4644 undem
1004 4589 1123 4658 undique
1140 4589 1259 4645 rationes
1279 4596 1372 4646 essent
1389 4592 1538 4673 oppositae.

366 4691 417 4753 Sic
438 4696 519 4752 enim
541 4672 704 4768 mcqnoiie
730 4695 897 4770 supientiae
919 4707 993 4750 neoc
1015 4688 1169 4771 decreuit
1190 4693 1233 4766 ir,
1264 4691 1319 4767 qui
1340 4699 1383 4751 est
1404 4699 1475 4751 onte
1495 4692 1629 4752 sensium

278 4784 307 4838 et
326 4796 422 4868 usqae
444 4783 478 4840 in
499 4781 650 4841 sensium:
680 4780 758 4840 nibil
779 4778 945 4852 redundat,
974 4776 1053 4838 nihil
1081 4777 1190 4855 deficit,
1219 4795 1275 4845 acc
1303 4778 1386 4840 locres
1416 4785 1457 4838 cet
1485 4797 1629 4840 umorue

280 4869 472 4945 numquam.
530 4867 632 4946 οιιοιιι
660 4867 871 4929 desiderobiiio
899 4865 1183 4942 woradum,
1216 4866 1324 4929 onmia
1352 4866 1499 4944 dupiicia,
1528 4884 1629 4928 rerum
