3882 5862
849 417 990 488 Arctoas·
1530 429 1593 487 ess

248 594 319 654 Non
341 598 375 653 in
397 596 430 654 id
450 614 509 656 esse
531 596 646 657 dixeras
666 597 862 673 pyramidem
883 603 979 670 tuam,
1001 599 1125 671 atejus
1138 601 1286 658 materiae
1308 598 1495 659 ι’ᾰιιιιιιιιιιιιι
1519 618 1594 660 con·
1646 616 1648 621 ·

247 683 466 761 rtceraremm3
496 693 527 744 at
555 685 618 761 jam
649 683 686 743 ad
714 692 840 744 mentem
870 701 1008 757 revocas,
1037 686 1209 761 pyramidis
1236 686 1465 746 mathematicae
1493 705 1597 748 omnes

243 778 347 844 parter
371 788 429 830 esse
451 770 583 845 ejusdem
605 775 765 845 materiae,
788 789 945 847 unamque
967 773 1031 845 qus
1050 780 1169 849 partem
1192 775 1405 849 homopeneam
1428 792 1497 833 curn
1520 776 1593 850 alia,

219 856 371 933 'ideoque
393 858 436 916 ad
455 860 609 919 meliorem
632 861 754 930 malleati
776 861 1003 934 explicationem
1028 867 1055 918 te
1074 861 1177 936 fecisse
1196 869 1300 935 partes
1323 862 1472 937 aequatae.

336 945 522 1022 Pyramides
544 956 624 1005 tuam
648 947 717 1004 dum
739 946 826 1005 doces
848 946 1035 1023 physicarum
1058 949 1334 1025 contemplationum
1359 965 1449 1006 caasa
1474 966 1594 1027 expres-

247 1048 329 1101 sam,
361 1050 395 1092 ex
420 1033 568 1107 codicis,
601 1051 670 1092 eam
691 1035 788 1110 mapis
811 1050 869 1091 esse
887 1034 1066 1113 formalem,
1096 1052 1190 1109 qnam
1221 1043 1258 1094 nt
1281 1036 1336 1094 suh
1358 1035 1596 1096 consideratione

246 1119 461 1179 mathematica
484 1120 695 1195 comprehendi
715 1124 815 1196 possit.
861 1120 987 1179 Rursum
1009 1121 1122 1197 aliquid
1145 1122 1283 1198 proficio,
1318 1121 1397 1197 quod
1421 1124 1497 1182 enirn
1520 1122 1594 1182 huc-

244 1213 331 1265 tenns
353 1207 471 1268 scholae
493 1215 665 1268 cannetum
690 1206 832 1280 dixerunt,
856 1215 888 1266 tu
911 1206 1043 1285 appellas
1063 1210 1203 1285 formale.
1248 1207 1335 1269 Utere
1367 1210 1491 1268 vocibus
1512 1209 1593 1268 arbi-

246 1301 323 1352 tratu
347 1303 412 1367 tuo,
445 1295 515 1354 mihi
539 1295 701 1353 lormaiitas
733 1296 826 1353 omnis
859 1312 894 1353 ex
917 1298 1077 1371 geometria
1105 1302 1163 1367 est,
1193 1296 1298 1356 saitem
1329 1297 1471 1370 mentali,
1499 1299 1594 1355 omnis

247 1381 409 1459 applicatio
431 1385 559 1459 partium
582 1398 760 1459 operumque
782 1388 904 1442 naturae
927 1382 965 1441 ad
988 1384 1139 1442 materiam
1162 1383 1259 1460 adque
1274 1384 1437 1459 subjectum
1460 1384 1591 1443 retertur.

245 1468 369 1527 Intcrim
391 1472 558 1529 meminisse
580 1479 609 1529 te
633 1469 721 1528 veiim
742 1469 883 1545 postulati
905 1472 963 1528 mei
978 1469 1093 1547 analysi
1109 1471 1292 1547 praecedenti
1313 1488 1384 1530 sane
1400 1488 1488 1546 quam
1502 1474 1591 1547 aeqrrt

246 1554 335 1614 iliius.
382 1556 459 1614 Dum
482 1559 559 1617 enirn
582 1557 756 1634 persuadere
779 1560 833 1629 vis,
856 1560 889 1615 in
911 1557 965 1617 hoc
981 1560 1084 1630 iacere
1105 1575 1223 1617 omnem
1250 1561 1447 1617 intentionem
1468 1561 1592 1635 sapien-

246 1650 312 1700 tam
336 1643 515 1703 harmoniae
536 1648 770 1721 proportionum
792 1652 820 1703 et
833 1662 1060 1719 menssuarum,
1083 1653 1119 1703 ut
1136 1647 1341 1722 intelligamus
1354 1649 1592 1721 proprescionem

243 1733 365 1806 farinae
397 1731 440 1789 ad
469 1731 698 1807 ceparanmem
732 1735 968 1803 materiante,
1003 1735 1212 1807 restattgitur
1242 1732 1298 1791 hoc
1329 1734 1381 1790 tibi
1415 1730 1590 1807 addendum,

246 1818 326 1891 quod
354 1819 442 1877 etiam
469 1836 558 1895 supra
584 1818 731 1894 flagitavi,
763 1826 796 1878 ut
817 1818 924 1894 gratim
956 1822 1166 1895 progressionis
1196 1818 1285 1893 hujus
1308 1821 1394 1878 certis
1420 1822 1511 1897 signis
1537 1820 1590 1879 de·

245 1904 344 1973 tiniam,
378 1907 544 1982 exquibus
573 1906 784 1981 intelligamus,
816 1905 933 1995 quando
957 1906 1111 1982 depuratio
1142 1909 1284 1983 propositi
1308 1909 1446 1983 temporis
1475 1905 1512 1965 ad
1536 1907 1591 1966 de-

243 1993 429 2066 purationem
454 1994 613 2071 plenariam
636 2011 701 2054 sese
723 1992 832 2052 haheat
855 1969 953 2074 (verbi
976 1994 1080 2067 cansa)
1103 2002 1134 2052 ut
1158 1995 1177 2051 3
1200 1993 1238 2051 ad
1263 1997 1299 2067 4,
1331 1994 1449 2069 quaudo
1477 1993 1590 2054 scilicet

244 2079 336 2137 iaciat
366 2080 603 2140 concordantiam
633 2098 684 2139 seu
714 2078 893 2139 harmoniam
916 2079 1112 2154 diatessaron,
1143 2097 1210 2139 nant
1234 2080 1290 2139 hoc
1320 2098 1355 2140 cx
1386 2080 1589 2184 pyramidibus

246 2167 304 2224 tuis
329 2183 419 2242 negas
442 2167 508 2227 elici
530 2167 644 2227 debere.
691 2167 765 2226 Mihi
788 2166 920 2244 quidem,
953 2169 977 2225 si
1000 2167 1105 2226 liberet
1126 2167 1277 2242 indulgere
1301 2167 1460 2244 analogiis,
1493 2170 1589 2227 omnis

244 2256 303 2312 ista
335 2255 512 2330 imperiectio
545 2256 757 2331 depurattouis,
791 2271 965 2331 quocunqne
995 2270 1115 2313 numero
1146 2272 1198 2313 ssu
1230 2255 1398 2314 harmonico
1434 2272 1487 2314 scu
1518 2255 1588 2329 alio,

245 2358 423 2416 quascunque
445 2345 632 2419 proportione
654 2358 707 2401 seu
730 2342 838 2401 effabili
862 2359 914 2401 seu
936 2341 1076 2402 ineffabili
1099 2347 1251 2414 contenta,
1281 2342 1482 2401 dissonantiae
1505 2344 1590 2401 simi·

243 2427 300 2486 lior
324 2427 485 2504 videretur,
515 2438 616 2488 contra
644 2430 738 2488 omnis
762 2431 928 2504 conjunctio
957 2428 1066 2489 formae
1094 2446 1160 2487 cum
1183 2431 1306 2488 materia
1337 2432 1366 2486 in
1399 2446 1454 2487 suo
1481 2447 1613 2506 genere-

244 2515 384 2590 perlccta.
429 2516 538 2575 Vemm
561 2519 638 2574 caim
662 2532 730 2575 rero
754 2534 800 2575 me
823 2517 981 2589 retraham,
1005 2533 1099 2591 neque
1123 2517 1200 2575 enirn
1222 2516 1311 2593 hujus
1334 2524 1379 2575 est
1401 2517 1474 2589 loci,
1508 2524 1588 2576 tuam

243 2602 326 2661 iiiam
348 2602 545 2663 Hermeticam
568 2602 782 2681 philosophiam
805 2606 985 2681 penitissime
1007 2603 1055 2663 rai
1078 2602 1229 2664 addiscere
1251 2602 1299 2662 vel
1323 2611 1467 2664 excutere.

331 2689 386 2747 Ad
409 2693 591 2769 Anaiysin
614 2690 690 2752 XX.
736 2691 891 2768 Nunquam
921 2707 1002 2761 mea,
1036 2690 1179 2777 Roherte,
1208 2692 1314 2750 recitas
1342 2693 1406 2750 sine
1433 2692 1587 2767 auctari03

243 2778 364 2836 omuino
387 2775 514 2838 liberalis
539 2796 579 2838 es.
624 2780 724 2854 Egone
746 2779 836 2838 iaicas
858 2779 1050 2856 pronunciari
1073 2781 1281 2837 consonantias
1296 2785 1362 2836 tuas
1378 2777 1588 2838 Hermeticasi

242 2864 336 2940 Atqui
359 2862 434 2927 adea
457 2866 528 2923 nihil
553 2865 623 2923 mihi
655 2884 721 2925 cum
744 2868 780 2924 iis
802 2867 913 2942 negotii
936 2865 1017 2924 volui
1042 2882 1122 2937 esse,
1154 2872 1187 2923 ut
1213 2864 1398 2924 distinctione
1430 2881 1483 2923 sen
1505 2882 1587 2924 com-

241 2954 396 3027 paratione
419 2953 581 3012 clarissima
603 2955 764 3013 corruerim
791 2953 857 3012 ilias
887 2955 1000 3012 amois
1026 2950 1262 3011 summovendae.
1308 2951 1384 3010 Non»
1405 2952 1500 3011 refuto
1524 2951 1588 3010 Ra-

242 3040 415 3113 heriatua,
447 3040 499 3100 sed
523 3056 659 3116 comparo
682 3058 763 3110 mea,
787 3048 819 3098 ut
841 3042 915 3098 sciat
938 3040 1042 3111 lector,
1072 3038 1142 3114 quid
1170 3055 1262 3115 penes
1284 3046 1313 3097 te
1344 3045 1482 3115 quaerat,
1516 3039 1587 3115 quid

241 3143 335 3203 penes
365 3144 421 3189 mc.
466 3126 563 3201 Quam
594 3129 682 3203 igitur
708 3136 740 3186 tu
772 3127 819 3186 liic
848 3126 933 3186 affers
964 3125 1190 3203 explicationem
1222 3124 1438 3185 harmoniarum
1469 3133 1586 3185 tuarum

239 3214 438 3290 physicarum,
462 3232 536 3290 quas
559 3225 590 3272 tu
614 3214 681 3273 laxo
704 3217 785 3274 vocis
809 3231 864 3273 usu
887 3214 1096 3290 complecteris,
1120 3231 1185 3272 earn
1208 3212 1365 3272 lectoribus
1388 3217 1447 3273 tuis
1469 3217 1585 3274 remitto

152 3308 157 3319 ‘
241 3300 485 3378 commendoque.
527 3301 634 3360 Mimm
657 3310 763 3375 tamen,
787 3318 837 3360 eur
860 3304 887 3358 in
912 3302 968 3362 hoc
989 3317 1055 3361 meo
1071 3307 1153 3360 textu
1176 3303 1366 3377 repugnantis
1389 3309 1418 3360 et
1433 3302 1587 3361 refutantis

241 3390 376 3447 oratione
404 3393 511 3461 utaris,
542 3407 608 3449 curn
636 3398 733 3449 tamen
755 3392 818 3465 ipse
841 3387 918 3448 idern
948 3388 983 3447 de
1013 3398 1041 3447 ta
1071 3391 1136 3464 ipso
1169 3387 1250 3446 dicas
1274 3388 1370 3447 verbis
1399 3387 1488 3465 paulo
1511 3389 1587 3451 aliis.

243 3476 414 3536 Casuentus
434 3479 532 3552 inquis
553 3477 672 3553 formae
695 3485 723 3535 et
743 3479 890 3534 materiae
912 3479 1095 3552 mundiales
1117 3476 1234 3535 easdem
1256 3492 1321 3535 non
1343 3474 1484 3550 admittit,
1508 3495 1588 3553 qaa-

238 3570 329 3621 tenus
357 3564 460 3640 forma
491 3566 646 3624 communi
675 3567 854 3639 pecmetriae
882 3578 1028 3622 mensura
1061 3580 1125 3621 non
1155 3570 1368 3636 mensuratur,
1406 3564 1457 3622 sed
1486 3563 1586 3636 ideali,

238 3653 390 3725 quoniam
410 3652 514 3728 forma
541 3652 627 3709 lineis
648 3655 832 3727 geometricis
858 3649 981 3726 depingi
1006 3667 1070 3709 non
1094 3657 1198 3724 potest.
1246 3650 1284 3708 lit
1305 3654 1403 3727 pergis
1432 3650 1586 3726 explicare,

130 3778 133 3788 ·
240 3737 392 3812 quomodo
414 3739 524 3798 formae
547 3754 682 3797 mensura
704 3746 852 3814 competat
874 3747 903 3798 et
926 3736 1074 3815 quomodo
1093 3735 1321 3811 iutelligpndum,
1346 3736 1425 3813 quod
1448 3740 1587 3797 materiae

237 3823 373 3883 diversas
394 3826 504 3885 formae
525 3827 676 3901 portiones
698 3828 848 3903 recipiant.
895 3823 977 3899 Quae
1001 3826 1100 3883 omnia
1129 3826 1278 3900 pertinent
1300 3842 1352 3899 eo,
1382 3832 1415 3883 ut
1435 3824 1588 3901 intelliga-

236 3929 317 3984 mus,
348 3920 375 3970 te
401 3930 466 3973 rem
494 3919 612 3972 tentam
640 3913 874 3972 diversissimam
902 3931 922 3971 a
950 3915 1010 3971 mei
1038 3916 1137 3987 operis
1163 3914 1326 3988 proposito.
1371 3911 1447 3970 Nam
1471 3913 1525 3970 atsi
1554 3918 1585 3970 tu

238 4016 386 4074 provocas
419 4000 457 4061 ad
485 3999 581 4059 locum
614 4018 649 4060 ex
672 4018 737 4059 meo
768 4000 842 4058 libro
865 4000 920 4058 ΙΙΙ.
948 4016 1011 4076 cap.
1036 4001 1070 4073 4,
1100 3999 1149 4057 uhi
1178 4016 1224 4057 me
1250 3998 1309 4058 hoc
1332 3999 1427 4073 ipsum
1456 4001 1501 4057 ais
1530 4016 1586 4074 ag-

237 4102 379 4161 noscere,
409 4090 537 4147 attscire
560 4094 692 4161 poteras,
725 4086 776 4146 iila
808 4104 953 4149 ameex
974 4086 1179 4165 Pythagoricis
1202 4103 1267 4146 esse
1289 4085 1382 4145 relata
1405 4082 1464 4146 κατ’
1490 4082 1586 4163 ἄρσιν,

238 4191 298 4231 non
330 4178 474 4236 attissa.
519 4173 639 4233 Rectius
670 4176 707 4234 ad
739 4174 798 4233 alia
827 4173 893 4234 loca
924 4173 989 4233 lihri
1019 4175 1076 4232 mei
1099 4172 1152 4231 tv.
1176 4173 1354 4232 Harmoniae
1382 4189 1586 4250 provocasset.
1671 4234 1679 4241 ,

239 4260 317 4320 Nam
340 4263 381 4321 ibi
404 4278 479 4339 pene
502 4261 539 4321 ad
563 4262 684 4320 verbum
714 4270 809 4322 tecum
839 4262 972 4320 invenias
995 4259 1163 4337 loquentem
1193 4260 1228 4319 de
1252 4259 1325 4318 ideis
1349 4277 1443 4319 rerum
1467 4277 1588 4336 geome-

237 4351 375 4408 tricarum
404 4354 433 4407 in'
456 4351 616 4409 animarum
639 4350 827 4425 penitissimis
850 4349 994 4408 essentiis.
1039 4348 1104 4406 Non
1132 4356 1298 4407 esttamen
1330 4363 1366 4405 ns
1389 4348 1437 4407 hic
1467 4348 1585 4425 quidem

241 4435 318 4496 idern
342 4438 428 4496 nohis
451 4441 586 4512 utrinque
609 4455 722 4495 sensus.
766 4435 839 4494 Mihi
865 4439 940 4496 enim
965 4433 1023 4494 duo
1048 4434 1178 4507 termini,
1201 4452 1272 4510 pure
1295 4414 1433 4494 mentalis
1455 4445 1605 4512 uterque·

239 4523 397 4583 mentalem
421 4525 551 4599 effigiant
573 4523 764 4591 harmoniam,
788 4540 864 4599 qnae
889 4526 927 4583 sit
948 4522 1016 4582 idea
1031 4520 1209 4581 sensualium
1225 4523 1423 4596 terminorum,
1449 4521 1507 4583 duo
1530 4526 1588 4582 ite·

239 4626 303 4669 rum
326 4614 440 4671 termini
469 4611 621 4671 sensuales
650 4613 849 4687 requiruntur,
881 4610 1042 4688 inquibus
1071 4608 1174 4667 eadem
1203 4609 1242 4666 sit
1265 4622 1403 4685 expressa
1428 4612 1587 4687 proportio,

240 4714 317 4772 quae
339 4697 448 4757 relucet
470 4701 499 4756 in
521 4706 638 4772 mente3
655 4707 694 4756 ‘at
717 4699 769 4756 tibi
792 4698 902 4758 formae
925 4701 1006 4775 ipsae
1029 4696 1103 4753 hunt
1125 4695 1198 4754 aiter
1215 4697 1363 4769 terminus,
1387 4701 1510 4757 materia
1528 4706 1588 4757 tar-

240 4787 337 4847 mious
360 4785 498 4866 reliquas.
545 4783 610 4844 Hoc
633 4794 693 4858 est,
717 4784 796 4868 quod
820 4783 964 4859 indicari,
989 4783 1141 4845 discrimen
1165 4790 1328 4842 nostrarum
1353 4789 1586 4867 conceptionum,
