3940 5856
745 419 829 477 Liber
846 420 879 478 V.
899 422 989 491 Caput
1005 421 1057 477 III.
1513 432 1576 495 2¹15

221 604 318 660 auimo
342 599 518 676 ejiciendam
550 617 608 659 nen
631 601 749 660 uadunt
771 617 898 676 namque
922 620 1022 662 reram
1051 609 1080 660 et
1104 618 1258 678 corporum
1280 601 1381 661 mundi
1405 601 1577 679 dispositio-

220 706 289 748 nem
312 697 342 748 ct
364 695 496 747 motuum
519 688 663 764 politiam.
997 680 1003 690 ’

306 776 340 834 Iu
364 776 592 849 carumlocum,
617 778 671 836 etsi
694 775 791 835 iacere
814 775 898 835 aliter
921 792 980 832 nou
996 792 1125 854 possum,
1150 776 1219 850 quin
1240 775 1398 852 Copernici
1414 775 1449 837 de
1466 777 1576 836 mundo

223 865 400 923 sententiam
421 866 507 922 unice
531 872 561 923 et
583 862 760 923 substituam
783 872 813 921 et
834 866 859 921 si
883 864 1024 938 possibile
1047 870 1126 922 essct
1149 865 1283 922 omnibus
1308 864 1520 942 persuadeam,
1544 872 1575 924 at

221 953 290 1026 quia
313 968 358 1009 res
381 950 459 1027 apud
483 950 591 1027 vulgus
613 949 811 1009 studiosorum
834 952 994 1010 etiamnum
1021 967 1101 1009 nora
1123 959 1168 1009 est
1195 960 1225 1010 et
1248 951 1355 1028 dogma
1376 951 1480 1010 auditu
1510 951 1576 1030 ple-

224 1041 322 1113 risque
352 1034 610 1110 absurdissimum,
642 1037 763 1096 Terram
794 1055 830 1096 ex
861 1038 987 1114 planetis
1014 1055 1105 1096 unum
1128 1055 1193 1097 esse
1223 1041 1357 1115 interque
1388 1038 1485 1099 sidera
1507 1043 1576 1099 terri

220 1128 297 1184 circa
319 1124 419 1184 Solem
442 1127 639 1185 immobilem:
667 1129 761 1184 sciant
783 1126 888 1200 igitur,
920 1129 970 1202 qui
992 1124 1081 1201 hujus
1104 1128 1266 1186 sententiae
1297 1126 1454 1186 insolentia
1484 1127 1578 1185 oden·

220 1211 335 1293 damur,
359 1212 576 1289 speculationes
599 1213 654 1273 bas
677 1213 861 1273 harmonicas
885 1216 981 1272 etiarn
996 1215 1025 1269 in
1049 1212 1264 1289 hypothesibus
1297 1213 1442 1290 Tbcliorus
1462 1214 1578 1273 Brubei

220 1300 319 1360 lecum
342 1301 488 1376 obtinere,
511 1308 667 1377 propterea
689 1300 769 1375 qued
791 1307 893 1360 auctor
916 1302 964 1358 illc
989 1308 1086 1359 cetera
1108 1302 1223 1370 omnia,
1253 1318 1330 1376 quac
1354 1300 1577 1376 dispositionem

221 1404 373 1463 corporum
398 1397 427 1447 et
450 1391 748 1464 contemperationem
771 1397 903 1447 motuum
927 1390 1068 1460 attinent,
1100 1404 1165 1446 cum
1190 1387 1353 1465 Cupernico
1384 1389 1473 1448 babet
1496 1406 1578 1448 com·

222 1478 336 1549 mn‘nia,
367 1476 464 1534 solum
486 1476 593 1536 Terrae
616 1484 729 1535 motum
750 1492 880 1535 annuum
902 1475 1136 1552 Cupernieanum
1164 1478 1300 1535 transfert
1329 1479 1390 1553 ipse
1421 1478 1451 1534 in
1483 1483 1577 1536 totum

188 1556 193 1569 ⁸
222 1572 352 1641 systema
367 1565 488 1622 >orbium
511 1564 740 1640 planetariorum
762 1564 851 1639 inque
874 1562 987 1636 Solem,
1019 1564 1069 1639 qui
1102 1564 1166 1637 ejus
1188 1563 1317 1622 medium
1345 1565 1472 1637 obtinet,
1505 1581 1578 1624 cen-

222 1668 309 1709 sensu
332 1654 459 1711 auctoris
483 1654 644 1727 utriusque.
689 1650 766 1709 Nam
789 1668 825 1709 ex
844 1650 899 1713 bac
922 1650 1115 1709 translatione
1138 1658 1236 1709 motus
1258 1650 1291 1711 tit
1313 1651 1519 1727 nibilominus,
1546 1662 1579 1712 ut

222 1737 321 1811 Terra,
344 1740 371 1797 si
392 1755 452 1798 non
475 1736 504 1795 in
529 1740 696 1799 vastissimo
720 1737 772 1796 illo
795 1746 826 1796 et
848 1741 989 1797 immenso
1012 1739 1108 1815 spatio
1131 1737 1276 1814 sphaerae
1299 1736 1437 1813 fixarum,
1461 1748 1492 1798 at
1515 1741 1578 1799 ssi-

223 1836 281 1885 tem
308 1827 337 1883 in
366 1834 526 1903 systemate
557 1825 657 1885 muudi
690 1825 845 1902 planetarii
874 1826 971 1884 lecum
1002 1828 1134 1884 obtineat
1164 1828 1270 1902 quovis
1294 1832 1424 1904 tempore
1451 1827 1576 1887 eundem
1627 1848 1631 1853 ·

223 1911 300 1990 apud
324 1911 486 1988 Braheum,
519 1931 606 1989 quom
635 1914 662 1972 ei
692 1912 743 1971 dat
765 1912 961 1989 Cupernicus,
993 1913 1140 1988 adeoque,
1172 1917 1248 1972 sieut
1277 1916 1327 1989 qui
1353 1932 1441 1992 super
1464 1932 1578 1993 papyro

224 1999 363 2060 circulum
388 1985 506 2076 scribit,
535 2004 559 2060 ia
582 2000 687 2078 pedem
717 2002 818 2059 circini
840 2003 1023 2078 scriptorium
1047 2000 1225 2071 circumfert,
1260 2003 1310 2076 qui
1335 2018 1404 2062 rere
1436 2021 1577 2080 papyrum

222 2105 274 2147 sen
298 2087 430 2147 tabulam
452 2088 548 2164 alligit
570 2097 653 2147 torno
678 2087 819 2162 volubili,
843 2089 868 2147 is
890 2090 1011 2147 immoto
1034 2086 1110 2163 pede
1134 2088 1232 2146 circini
1262 2106 1313 2147 seu
1337 2089 1406 2147 stilo
1437 2090 1578 2149 circulum

224 2175 362 2234 describit
390 2176 527 2253 eundem,
546 2193 634 2254 super
657 2174 827 2235 decurrente
855 2174 972 2243 tabula,
1002 2178 1046 2234 sic
1074 2178 1162 2234 etiam
1193 2175 1241 2243 bic
1264 2176 1424 2253 Cuperniee
1457 2177 1578 2253 quidem

222 2262 324 2321 Tellus
356 2264 496 2323 circulum
527 2270 654 2322 metatur
677 2270 758 2322 metu
790 2264 837 2321 sui
859 2265 988 2340 eorporis
1018 2261 1104 2336 reali,
1136 2263 1264 2321 medium
1287 2263 1470 2323 incedentem
1501 2268 1578 2324 inter

224 2348 348 2409 circulos
375 2349 481 2411 Martis
510 2352 683 2410 exteriorem
712 2357 742 2409 et
771 2350 894 2410 Veneris
923 2348 1105 2425 interiorem,
1137 2358 1168 2408 at
1197 2349 1330 2428 Tychoni
1355 2351 1450 2411 braine
1483 2359 1589 2423 totum¹

224 2446 355 2515 systema
377 2438 570 2515 planetarinm
595 2435 645 2519 (iq
663 2453 722 2513 quo
754 2439 829 2497 inter
852 2447 962 2497 ceteros
985 2444 1054 2496 sunt
1077 2439 1164 2496 etiam
1187 2437 1290 2498 Martis
1320 2446 1349 2498 et
1370 2438 1495 2499 Veneris
1518 2443 1577 2498 cir-

225 2520 299 2606 culi)
323 2528 503 2586 convertitur
525 2525 608 2586 velut
629 2526 732 2585 tabaria
753 2528 784 2582 in
807 2534 906 2598 torno,
939 2525 1091 2602 applicans
1114 2523 1152 2583 ad
1176 2524 1295 2585 Terram
1320 2526 1498 2585 immobilem
1522 2544 1577 2595 ceu

226 2611 263 2671 ad
287 2612 387 2671 stilum
410 2616 568 2673 tornatoris
590 2614 776 2672 interstitium
806 2616 881 2672 inter
903 2612 1008 2671 Martis
1039 2614 1069 2671 et'
1091 2611 1213 2671 Veneris
1236 2612 1375 2686 circulos,
1407 2613 1498 2690 fitque
1521 2614 1578 2674 hoc

226 2703 395 2776 systematis
418 2710 512 2780 motu,
534 2709 566 2760 nt
589 2700 690 2760 Tellus
714 2702 743 2758 in
767 2716 802 2760 eo
825 2702 921 2777 signet
944 2699 1069 2759 eundem
1092 2700 1231 2760 circulum
1254 2702 1331 2759 circa
1346 2700 1454 2775 Solem,
1478 2702 1577 2761 Martii

226 2796 255 2846 et
279 2787 398 2847 Venerii
421 2788 640 2861 intermedium,
664 2790 729 2867 ipsa
751 2794 885 2865 perstans
907 2787 1078 2853 immobilis,
1103 2805 1190 2863 quem
1212 2790 1310 2863 signat
1332 2788 1411 2863 apud
1435 2788 1577 2866 Cuperni-

228 2892 294 2935 cum
326 2883 409 2935 motu
432 2894 501 2935 vero
530 2879 574 2935 sui
605 2877 751 2953 corporis,
783 2876 952 2950 quiescente
982 2884 1151 2952 systemate.
1196 2875 1269 2934 Cum
1298 2877 1387 2951 igitur
1409 2875 1578 2936 harmonica

227 2964 436 3040 contemplatio
465 2964 629 3024 consideret
659 2971 756 3023 motus
784 2963 968 3040 planetarum
998 2964 1191 3037 sueconicus,
1223 2962 1305 3022 velut
1334 2980 1369 3021 ex
1393 2961 1463 3023 Sole
1486 2965 1576 3037 risos,
1603 2962 1623 3021 .·'

228 3049 315 3111 lacile
337 3051 423 3109 datur
445 3051 584 3127 intelligi,
615 3053 640 3109 si
663 3053 729 3127 quis
752 3051 965 3127 contemplator
987 3051 1016 3106 in
1039 3048 1109 3108 Sole
1132 3057 1222 3123 esset,
1255 3052 1443 3125 quantumvis
1466 3050 1576 3127 mobili,

228 3136 348 3197 Terram
371 3138 427 3216 ilii,
450 3141 585 3214 quamvis
601 3141 799 3213 quiescentem
819 3136 866 3217 (ut
885 3139 941 3197 hoc
960 3136 1211 3211 jamconcedatur
1226 3133 1363 3217 Brabco),
1387 3137 1577 3199 nihilominus

228 3227 325 3284 risum
349 3228 383 3283 iri
406 3225 556 3299 decurrere
579 3224 718 3284 circulum
740 3241 883 3298 annuum,
914 3223 1042 3283 medium
1065 3227 1140 3284 inter
1161 3223 1304 3302 planetas,
1327 3226 1465 3301 temporis
1488 3228 1576 3286 etiam

229 3312 401 3384 inurmedie
436 3315 541 3391 spatio.
588 3311 685 3388 Quare
718 3314 775 3371 etsi
802 3314 868 3388 quis
897 3321 942 3372 est
973 3312 1127 3372 imbecillis
1154 3311 1221 3371 fidei
1251 3312 1437 3387 bemo,1qui
1465 3322 1577 3372 metum

228 3399 336 3460 Terrae
360 3404 435 3461 inter
457 3400 555 3462 sidera
576 3417 680 3478 capere
702 3417 759 3458 non
783 3406 888 3477 potest,
915 3403 940 3459 is
963 3399 1150 3458 nibilominus
1173 3399 1300 3476 gaudere
1323 3402 1429 3477 poterit
1452 3398 1578 3460 divinis-

229 3489 294 3546 simi
317 3489 406 3563 hujus
428 3488 655 3548 machinamenti
680 3487 925 3564 contemplatione
948 3489 1208 3564 praestantissima,
1232 3489 1266 3559 si,
1290 3486 1430 3564 quiequid
1454 3487 1578 3549 demo·

229 3577 309 3635 tibus
342 3576 453 3635 diurnis
475 3574 603 3635 Tellnris
632 3576 661 3633 iu
689 3592 743 3634 suo
766 3576 928 3636 eccentrice
952 3573 1048 3649 audit,
1080 3575 1110 3633 id
1133 3575 1170 3633 ad
1193 3576 1394 3652 apparentiam
1425 3592 1525 3633 eorum
1548 3578 1577 3633 in

227 3662 297 3723 Sole
311 3662 448 3743 applicet,
469 3663 586 3739 qualem
601 3664 802 3739 apparentiam
818 3665 905 3723 etiam
920 3661 1022 3739 Tycha
1040 3662 1135 3722 Brabe
1151 3662 1278 3734 exbibet,
1295 3662 1385 3722 Terra
1399 3664 1576 3737 quiescente.

315 3751 420 3827 Neque
448 3758 544 3811 tamen
569 3767 687 3810 causam
717 3750 827 3810 babent
849 3751 960 3825 Justam
984 3752 1044 3808 veri
1068 3749 1184 3809 Samiae
1207 3750 1410 3828 philosophiae
1440 3750 1586 3829 cultores,·

229 3837 378 3898 invidendi
402 3839 512 3898 talibus
536 3837 828 3898 communicationem
850 3837 927 3897 hanc
949 3837 1183 3898 delitiosissituae
1203 3837 1422 3916 speculationis,
1446 3845 1479 3896 nt
1501 3855 1577 3913 que-

228 3943 291 3984 rum
321 3925 463 4002 gaudium
493 3925 594 3984 multis
627 3925 759 4002 partibus
786 3928 841 3985 crit
866 3925 1038 4004 perfectius,
1072 3928 1181 4003 quippe
1212 3943 1249 3985 ex
1271 3924 1481 4003 speculationis
1505 3942 1577 3985 con-

227 4022 373 4073 summata
394 4014 587 4092 perfectione,
617 4016 643 4072 si
666 4013 755 4073 etism
778 4012 856 4073 Solis
878 4012 1130 4087 immobilitatem,
1160 4012 1267 4073 Terrae
1297 4029 1367 4072 vero
1389 4020 1501 4072 motum
1524 4030 1577 4072 ac·
1670 4000 1676 4021 '

228 4103 418 4178 captaverint.
1228 4098 1234 4112 '

316 4188 446 4247 Primum
469 4190 557 4263 igitur
579 4186 636 4246 boc
658 4193 777 4246 teneant
798 4187 938 4265 lectores,
965 4203 1026 4246 rem
1048 4185 1137 4267 bodie
1160 4204 1250 4265 penes
1272 4194 1455 4246 asuonomos
1477 4204 1577 4247 omnes

228 4290 291 4335 esse
314 4277 512 4348 certissimam,
536 4274 615 4350 qnod
639 4290 740 4333 omues
762 4272 897 4351 planetae
913 4273 1012 4333 Solem
1035 4277 1220 4347 circumeant,
1245 4282 1367 4350 excepta
1383 4274 1476 4347 Luna,
1500 4293 1576 4351 quae

227 4361 293 4423 sola
314 4363 434 4422 Terram
457 4362 548 4424 babet
569 4379 622 4438 pro
644 4370 762 4435 ceutro;
786 4362 870 4437 cujus
894 4360 1011 4437 quidem
1028 4363 1106 4421 orbis
1127 4380 1178 4422 sen
1196 4361 1330 4422 curriculi
1347 4364 1496 4438 quantitas
1519 4380 1577 4421 nen

228 4460 272 4509 est
295 4457 393 4523 tenta,
421 4456 455 4509 ut
477 4453 505 4508 in
529 4449 585 4509 hac
616 4449 717 4509 charta
746 4447 886 4508 delineari
907 4450 1003 4525 possit
1024 4450 1053 4506 in
1077 4449 1158 4526 justa
1181 4451 1366 4528 proportione
1395 4448 1433 4507 ad
1456 4457 1576 4509 ceteros.

228 4536 353 4597 Accedit
382 4540 471 4613 igitur
500 4540 629 4615 quinque
658 4537 779 4613 reliquis
810 4542 893 4597 sexta
921 4535 1026 4610 Terra,
1060 4554 1137 4613 quae
1168 4555 1219 4596 seu
1250 4554 1304 4595 suo
1333 4540 1450 4613 proprie
1485 4543 1577 4616 motu,

229 4627 397 4701 quiescente
420 4624 498 4699 Sole,
522 4642 575 4685 seu
597 4626 717 4684 immota
739 4627 805 4700 ipsa
827 4631 857 4683 et
879 4640 1020 4683 converso
1043 4633 1105 4684 toto
1128 4624 1311 4701 planetarum
1326 4632 1485 4702 systemate
1509 4642 1577 4684 sex-

229 4721 291 4771 tum
314 4721 344 4773 ct
366 4714 434 4791 ipsa
455 4712 596 4771 circulum
621 4715 697 4772 circa
719 4710 818 4772 Solem
842 4710 984 4786 designat

315 4799 452 4860 Secundo
475 4807 586 4859 certum
608 4809 638 4859 et
659 4800 716 4860 boc
738 4808 790 4872 est,
814 4798 949 4874 planetas
971 4816 1072 4858 omnes
1093 4798 1155 4858 lieri
1179 4799 1368 4870 coenobicus,
1392 4797 1422 4857 ld
1446 4805 1491 4858 est
1511 4817 1578 4859 mu·

226 4893 290 4948 tare
313 4887 469 4949 intervalia
490 4903 547 4946 eus
568 4905 588 4946 a
609 4887 695 4962 Sele,
724 4888 766 4946 sic
789 4893 822 4946 ut
844 4888 873 4945 in
897 4902 956 4945 uns
978 4894 1061 4961 parte
1084 4884 1184 4945 circuli
1213 4886 1284 4945 iiant
1310 4905 1329 4945 a
1351 4885 1420 4946 Sole
1443 4890 1578 4947 remotis·

1359 4990 1423 5050 18⁴*
