3882 5862
811 425 953 495 Aeoloaio
1093 504 1095 513 ¹
1493 436 1558 497 toa

205 614 288 666 tenes
312 620 380 666 ecce
403 608 577 680 institutum,
602 606 727 682 opponis
750 605 804 663 tibi
827 606 883 682 ipsi
907 608 969 663 vim
989 604 1067 664 Solis
1090 604 1293 665 admirabilem
1323 607 1441 668 duabus
1463 609 1559 687 plutis

204 696 330 772 paginis.
376 692 453 769 Quid
477 694 576 754 hostes
600 694 722 766 saciant,
751 694 853 751 dicunt
874 695 899 751 si
923 693 995 750 talia
1017 702 1150 752 auctores
1173 696 1230 768 ipsi
1261 693 1297 753 de
1320 699 1381 754 suis
1410 697 1558 773 dogmati-

205 780 283 842 bus?
326 782 388 839 Cur
409 791 442 840 ut
463 782 535 840 mibi
559 784 726 858 oppositam
749 787 896 853 ostentas,
920 779 999 856 quod
1023 783 1087 856 ipse
1109 780 1343 841 luculentissima
1365 788 1499 845 oratione
1522 786 1558 846 de

207 869 285 929 Solis
310 867 453 944 dignitate
476 868 655 947 protelanti?
728 899 731 905 ·

295 955 354 1015 Sed
385 958 462 1015 enirn
486 955 537 1016 Sol
561 959 615 1015 tibi
638 957 773 1031 geminus
802 962 863 1026 est,
896 971 972 1012 unus
995 956 1216 1031 inconspicuas,
1248 963 1277 1015 et
1305 955 1348 1015 illi
1378 966 1411 1017 ut
1433 962 1558 1039 principi

205 1042 362 1102 tribuenda
384 1046 442 1102 ista
465 1047 572 1104 omnia.
619 1043 741 1101 Invenio
763 1043 883 1101 inferius
906 1045 994 1100 etiam
1016 1041 1150 1119 planetas
1177 1046 1351 1118 geminatos.
1397 1047 1557 1122 Ecquando

208 1130 326 1190 tandem
354 1130 442 1189 linem
473 1133 614 1209 imponis,
647 1130 794 1199 Roberte,
828 1131 1068 1189 nomenclaturae
1101 1140 1169 1188 tuae
1204 1131 1400 1191 arbitrariae?
1445 1134 1556 1211 Solent,
1579 1164 1609 1209 ι,

208 1219 315 1295 quibus
339 1218 416 1277 oculi
441 1222 509 1278 vino
533 1229 562 1278 et
585 1218 705 1294 crapula
727 1218 881 1293 diriguere,
904 1216 1021 1293 singula
1043 1234 1095 1295 per
1110 1233 1236 1276 amorem
1258 1221 1414 1279 aestimare
1429 1226 1556 1297 gemina,

207 1323 279 1364 num
301 1305 403 1364 eadem
426 1309 473 1365 rie
501 1310 539 1364 sit
569 1308 730 1379 cerevisiae
754 1306 956 1376 Britannicae,
987 1321 1046 1362 uon
1078 1304 1175 1363 babeo
1208 1304 1313 1364 dicere.
1359 1306 1432 1366 Nou.
1455 1327 1556 1370 sumus

208 1403 305 1452 tamen
329 1393 403 1453 adeo
427 1394 568 1469 carnales,
592 1402 624 1465 ut
647 1410 712 1452 cum
729 1392 816 1465 Solis,
840 1393 1079 1464 utiustrumeuti,
1103 1393 1204 1449 menia
1224 1409 1377 1452 cernamus
1393 1398 1554 1470 mmundo,

208 1483 370 1558 sapientiae
401 1484 547 1541 creatricis
575 1481 798 1554 obliviscamur,
829 1498 907 1554 quae
938 1482 1127 1538 instrumento
1155 1481 1254 1539 utitur.
1300 1481 1376 1539 Nam
1403 1487 1556 1558 quaerenti

208 1571 278 1641 tibi,
306 1585 362 1626 cerr
383 1576 447 1628 nott
469 1568 674 1627 attribuamus
695 1570 892 1627 harmoniam
922 1569 1137 1627 clementorum
1157 1570 1261 1642 potiar
1279 1570 1431 1644 principi,
1459 1590 1554 1647 quum

206 1658 394 1732 principiale
416 1656 520 1736 (Soli),
543 1655 707 1733 respondeo
731 1672 800 1730 ego,
824 1655 917 1729 bunc,
945 1671 1032 1730 quem
1055 1657 1084 1712 in
1108 1670 1195 1730 opere
1217 1672 1283 1713 meo
1307 1656 1475 1716 harmonico
1499 1659 1552 1719 de·

209 1746 284 1818 texi,
316 1752 450 1802 ornatum
472 1754 604 1801 motuum
626 1743 828 1802 harmonicum
851 1760 905 1801 nec
928 1760 946 1799 a
968 1742 1079 1799 vimbiir'
1101 1741 1170 1801 Sole
1194 1759 1275 1815 esse,
1308 1747 1422 1803 neceb
1445 1748 1554 1805 inuui-

207 1831 261 1889 biir'
283 1830 384 1906 aliqua
406 1842 547 1903 creatura,
571 1830 624 1889 sed
647 1834 770 1908 primum
794 1848 858 1889 esse
881 1838 1053 1905 conceptum
1076 1832 1105 1885 iu
1129 1829 1289 1906 archetypo
1312 1836 1418 1891 mentis
1433 1833 1552 1894 divinae

206 1918 296 1995 idque
319 1921 357 1977 ab
381 1928 518 1993 aeterno;
542 1917 646 1978 deinde
670 1921 698 1976 iu
721 1926 850 1994 tempore
873 1934 924 1994 per
947 1920 1040 1993 ipsam
1062 1917 1238 1999 creationem
1267 1930 1454 1994 procuratum
1475 1939 1551 1994 esse,

207 2016 240 2063 ut
263 2015 340 2064 esset
361 2004 421 2084 (hic
444 2023 530 2083 quem
554 2024 609 2080 ego
634 2004 737 2084 doceo)
766 2022 821 2063 nec
850 2003 1052 2063 inelementia
1083 2020 1137 2062 uec
1169 2006 1196 2061 in
1221 2005 1421 2075 elementatis,
1445 2008 1498 2066 sed
1522 2012 1550 2066 in

206 2094 334 2151 motibus
357 2094 541 2169 planetarum
565 2093 749 2152 coelestibus.
794 2091 856 2150 Nec
879 2108 952 2166 opus
975 2091 1066 2150 babet
1093 2090 1168 2149 baec
1191 2091 1357 2166 harmonia,
1390 2105 1423 2152 ut
1445 2098 1551 2155 etiem-

205 2197 275 2238 num
304 2180 392 2240 hodie
418 2182 565 2257 procedet
595 2181 634 2239 ob
657 2184 763 2238 animo
792 2196 845 2237 reu
875 2186 994 2237 natura
1022 2178 1125 2237 lucido
1143 2182 1316 2253 prim,
1347 2183 1424 2240 sicut
1447 2194 1552 2243 ventus

204 2266 425 2327 solet'exeitari
448 2289 466 2329 a
488 2268 591 2327 datore
615 2267 654 2326 ad
678 2267 840 2345 implendas
863 2265 993 2336 fistulas,
1024 2269 1247 2325 consonantiam
1270 2268 1414 2343 edituras3
1445 2271 1553 2330 sufficit

205 2360 297 2428 enim,
332 2366 364 2413 ut
394 2359 516 2415 extremi
543 2355 728 2431 planetarum
759 2366 856 2413 motus
883 2352 1085 2412 moderatione
1116 2356 1365 2415 eccentricitatrrm
1393 2358 1423 2412 in
1455 2364 1553 2418 mutae

203 2445 264 2501 sint
286 2445 414 2518 expressi
446 2443 626 2516 celeritates,
657 2450 785 2518 quantae
814 2440 1065 2518 comprehendunt
1094 2444 1311 2518 proportionem
1337 2443 1551 2520 harmonicam

205 2529 324 2603 suffieit,
347 2533 476 2589 animam
500 2549 573 2604 esse,
599 2547 684 2606 quae,
708 2532 914 2589 cumeristunt
935 2528 1004 2587 illae
1027 2534 1230 2606 proportiones
1238 2574 1247 2607 ,
1270 2529 1337 2591 illae
1359 2540 1390 2590 et
1412 2535 1554 2610 percipiat

203 2626 233 2676 et
256 2620 293 2677 ab
317 2620 353 2676 iis
375 2620 509 2677 irritetur.
693 2618 696 2629 '

292 2703 432 2780 Sequitur
454 2706 537 2764 locrrs
560 2705 650 2780 paulo
672 2704 870 2777 tolerabilior3
902 2705 1007 2779 incipis
1036 2719 1196 2779 agnoscere
1219 2705 1346 2764 animam
1375 2706 1455 2765 circa
1475 2707 1552 2767 banc

202 2801 397 2851 meteororum
422 2793 568 2851 officinam
602 2800 789 2869 occupatam,
820 2808 885 2851 eam
915 2808 984 2848 raro
1014 2789 1089 2848 dicis
1123 2809 1187 2849 esse
1215 2790 1297 2849 illam
1332 2794 1426 2868 ipsam
1450 2793 1551 2853 mundi

205 2883 343 2941 animam.
389 2881 458 2940 dam
483 2898 571 2957 supra
593 2880 709 2938 facilem
732 2880 780 2938 hic
802 2895 847 2937 me
867 2877 923 2936 tibi
947 2876 1081 2951 erhibni3
1114 2878 1193 2950 esto,
1219 2878 1377 2938 dummodo
1408 2880 1551 2956 quidquid

201 2969 263 3042 agit
285 2970 400 3025 nonnisi
430 2966 576 3027 mediante
607 2968 663 3025 hoc
686 2966 813 3026 Telluris
837 2965 902 3023 loco
925 2973 1004 3039 agat,
1032 2966 1060 3021 iu
1085 2982 1143 3039 quo
1167 2978 1341 3025 concurrunt
1367 2967 1551 3045 planetarum

201 3052 288 3127 redii,
312 3055 430 3130 qnando
454 3064 522 3113 sunt
545 3056 661 3132 operosi
684 3056 714 3110 in
737 3062 878 3110 naturam.
924 3051 973 3110 Sic
996 3054 1073 3109 euim
1096 3060 1126 3109 at
1149 3052 1204 3111 boc
1226 3053 1345 3128 largiar,
1374 3057 1551 3115 nominasse

201 3144 230 3198 in
253 3140 359 3216 hepate
389 3143 566 3218 peculiarem
595 3145 740 3213 animam,
765 3139 820 3198 eetl
849 3138 1023 3197 laenitatem
1055 3137 1183 3213 aliquam
1214 3141 1388 3200 universalis
1416 3142 1499 3201 illius
1522 3144 1550 3200 iu

201 3246 322 3306 corpore
346 3229 474 3288 humano
505 3233 636 3303 animae,
671 3245 747 3304 quae
776 3225 856 3303 quod
885 3226 948 3300 agit
967 3242 1071 3297 suum,
1099 3226 1129 3284 id
1159 3225 1305 3286 mediante
1334 3229 1441 3304 hepate
1469 3239 1549 3305 agat.

202 3318 300 3391 Atque
331 3319 376 3375 ob·
401 3318 430 3376 id
457 3320 553 3394 ipsum
581 3312 666 3376 sedes
695 3316 799 3374 irarum
829 3314 1002 3373 facultatum
1033 3315 1193 3373 rectissime
1224 3316 1391 3375 tribuuntur
1421 3316 1480 3376 illis
1501 3320 1550 3375 in·

199 3406 378 3463 strumentis.

289 3491 332 3549 Ex
362 3492 420 3549 boc
449 3491 515 3549 loco
544 3489 710 3549 transvolas
742 3487 780 3548 ad
811 3487 1028 3565 hyperphysica
1057 3486 1204 3563 quaedam
1236 3507 1343 3565 opera,
1376 3489 1413 3549 de
1443 3492 1550 3567 quibus

197 3595 299 3637 sacrae
330 3576 447 3650 literae,
482 3581 673 3654 quaerisque,
713 3584 788 3634 'num
817 3575 868 3633 illa
897 3577 956 3634 sint
992 3576 1030 3634 ab
1062 3577 1254 3652 aspectibus?
1285 3587 1318 3636 ut
1347 3577 1426 3654 quod
1460 3578 1552 3638 Terra

195 3665 364 3724 Dathauem
388 3674 417 3724 et
440 3667 561 3724 Abiram
585 3664 721 3740 deglutiit
743 3664 781 3722 ad
804 3665 945 3739 imperata
970 3663 1025 3722 liei
1053 3671 1082 3721 et
1105 3664 1165 3720 alia
1187 3665 1304 3722 similia.
1351 3664 1468 3738 Quaero
1492 3682 1548 3741 ego
1569 3724 1573 3729 ,

175 3802 178 3811 .
197 3755 334 3826 vicissim,
358 3770 427 3811 num
451 3753 618 3827 hujusmodi
641 3770 731 3829 opera
754 3753 812 3808 sint
833 3753 871 3808 ab
895 3752 993 3808 anima
1015 3749 1131 3823 mundi,
1158 3760 1210 3808 aut
1233 3771 1251 3809 a
1274 3770 1424 3827 quoquam
1447 3763 1547 3812 creato

196 3842 321 3918 spiritu?
366 3841 425 3899 Cur
447 3843 534 3917 igitur
557 3860 593 3900 ex
616 3849 667 3899 tua
691 3858 708 3898 o
730 3842 829 3897 inione
852 3836 930 3895 cadit
953 3855 1019 3895 mea
1041 3836 1150 3897 Terrae
1172 3841 1283 3911 auhna,
1308 3855 1371 3898 -uen
1393 3839 1474 3898 cadit
1495 3848 1549 3899 tua

195 3926 325 3985 Mundi?
370 3926 447 4002 Quin
470 3930 568 4003 potius
596 3931 654 3986 ista
676 3927 853 3985 miraculosa
874 3928 1060 4001 seponimus,
1094 3924 1133 3985 ad
1155 3936 1296 3985 consueta
1318 3935 1446 3986 rere-et
1469 3935 1548 3985 stata
1603 3960 1609 3987 r

198 4024 320 4073 naturae
344 4032 433 4090 opera
456 4013 674 4074 convertimur?
719 4012 794 4087 Quia
817 4013 913 4071 Deum
935 4011 1094 4071 fertilitatis
1117 4029 1153 4071 ac
1174 4023 1334 4090 proventus
1349 4012 1459 4072 Terrae
1474 4032 1548 4074 auc·

196 4111 287 4162 torem
310 4102 420 4177 negat?
467 4105 527 4159 Aut
549 4121 608 4178 qua
638 4103 751 4160 ratione
774 4100 991 4159 transscribitor
1019 4101 1187 4176 aspectibus
1219 4101 1368 4171 lertilitas,
1401 4104 1425 4159 si
1449 4110 1548 4161 traus-

193 4189 330 4248 scribitnr
353 4189 410 4247 illis
434 4191 618 4248 conturbatio
640 4187 861 4249 meteororum?
887 4187 990 4245 venne
1012 4187 1120 4245 sul'licit
1143 4187 1181 4247 nd
1204 4188 1398 4259 fertilitatem,
1430 4189 1547 4247 incitari

194 4279 280 4335 statis
302 4279 481 4352 temporibus
504 4286 638 4336 naturam
665 4273 874 4335 sublunarem?
918 4273 993 4348 Quis
1015 4292 1117 4332 omncs
1147 4276 1257 4343 mundi
1279 4277 1435 4352 inferioris
1455 4293 1547 4335 eoen-

194 4373 244 4423 tua
265 4384 286 4422 a
307 4365 464 4423 stellarum
487 4365 618 4424 mombar
638 4363 751 4422 nectit?
794 4361 867 4435 Quia
890 4378 960 4421 vero
983 4362 1115 4421 vicissim
1137 4362 1394 4438 pbilosophorum,
1428 4363 1548 4438 qualem

194 4462 227 4511 tu
250 4450 380 4510 Roberte
403 4470 557 4528 personam
580 4455 673 4528 geris,
707 4449 745 4508 ed
767 4449 798 4507 id
820 4453 995 4527 ineptiarum
1025 4467 1091 4507 eum
1113 4449 1232 4507 insulsis
1255 4450 1405 4509 nonnullis
1429 4451 1547 4509 theolo-

191 4540 307 4616 gastris,
332 4539 428 4596 adhuc
450 4557 469 4597 a
491 4548 582 4598 matre
605 4539 784 4608 rubentibus,
807 4538 999 4613 progreditur,
1024 4546 1064 4608 ut,
1087 4535 1381 4611 malogranatam
1405 4538 1547 4597 onrnibua

192 4644 291 4685 cecam
314 4625 396 4696 dore,
419 4636 576 4702 propterca
599 4640 708 4685 vanum
725 4614 754 4683 ct
769 4624 871 4682 inutile
887 4626 1033 4683 existimet
1049 4626 1236 4698 investigare,
1261 4641 1337 4701 quae
1352 4624 1439 4683 arbor
1457 4642 1547 4700 quam

193 4731 291 4773 escam
323 4716 369 4772 eui
396 4713 498 4771 fundat
529 4714 671 4773 animali?
717 4712 790 4770 Cum
820 4711 923 4770 Deum
950 4710 1033 4770 audit
1063 4714 1183 4785 operire
1211 4728 1344 4771 manum
1372 4728 1478 4784 suom,
1509 4720 1547 4771 ut

190 4808 320 4873 saturet,
334 4808 506 4877 'propterea
530 4809 608 4859 vetet
635 4800 895 4878 patremfamilias
924 4801 1037 4873 aperire
1059 4815 1193 4871 manum,
1224 4807 1258 4857 ut
1286 4797 1429 4858 hordeum
1459 4802 1545 4876 equis

191 4888 384 4964 suppeditet?
429 4887 467 4946 Et
496 4891 544 4946 eui
572 4887 622 4945 fini
652 4897 714 4948 tute
744 4890 807 4962 ipsa
840 4893 923 4944 tuum
951 4884 1023 4943 illud
1054 4888 1156 4960 urgens
1184 4902 1259 4962 epus
1289 4886 1485 4949 Macrocormi
1515 4895 1545 4951 et
