3940 5856
387 384 451 444 284
774 379 817 433 De
835 377 957 435 Motibus
974 378 1150 435 Planetsrum
1166 378 1346 436 harmonicis.

474 556 521 618 Ac
550 574 616 618 cum
653 558 693 617 sit
720 557 891 635 coniectura
920 558 1159 636 probabilissima
1190 561 1311 636 (qnippe
1339 561 1409 620 nixa
1443 560 1740 621 demonstrationibus

387 647 572 724 geometricis
593 652 624 706 et
644 643 776 706 dremne
799 646 835 707 de
858 648 955 706 causis
977 656 1111 706 motuum
1132 645 1377 724 planetariorum,
1399 648 1508 707 hadita
1529 652 1560 706 in
1583 649 1741 709 Commen-

386 735 469 795 tariis
492 730 607 813 Martis)
634 732 818 808 planetarum
850 734 944 794 moles
972 751 1125 811 corporum
1155 752 1220 795 esse
1251 738 1281 792 in
1311 738 1499 832 proportione
1526 736 1740 814 periodioornm

387 830 564 899 temporum,
594 822 637 880 sic
666 830 699 879 ut
721 820 840 881 Saturni
863 820 970 896 globus
992 824 1031 882 sit
1053 820 1215 898 trigecnpio
1243 824 1356 882 circiter
1377 823 1471 900 major
1492 822 1581 899 giobo
1604 824 1740 898 Telluris,

387 908 504 986 Jupiter
526 906 720 986 duodecuplo‚
743 909 824 971 Mars
846 910 942 970 minus
965 909 1064 987 dupio,
1087 910 1179 970 Terra
1193 908 1274 986 globi
1289 909 1622 988 Veneris’sesqninltero
1637 913 1741 987 major,

387 995 570 1056 Mercurialis
591 996 673 1073 globi
697 996 861 1075 quadruplo
883 998 991 1075 major:
1024 1013 1083 1057 uon
1111 1005 1195 1057 erunt
1223 998 1313 1074 igitur
1342 1015 1438 1074 neque
1460 999 1517 1058 bae
1539 1002 1743 1076 proportiones

386 1101 541 1162 corporum
562 1083 757 1145 harmonicae.
1253 1140 1256 1151 ,

474 1170 548 1231 Cum
569 1178 669 1231 autem
691 1171 773 1232 Deus
794 1170 867 1231 nibil
890 1173 952 1231 sine
982 1173 1162 1248 geometrica
1190 1169 1407 1248 pulchritudine
1429 1174 1629 1248 constituerit,
1662 1173 1743 1251 qnod

387 1275 446 1320 nou
470 1259 507 1318 ab
530 1258 591 1318 alio
613 1261 709 1335 priore
732 1259 859 1335 quadam
881 1261 1064 1319 necmsitstis
1078 1257 1144 1335 lege
1166 1261 1206 1317 sit
1220 1276 1337 1333 nexum,
1359 1259 1446 1320 lacile
1468 1259 1643 1337 colligimus,
1666 1270 1744 1322 tem·

388 1347 510 1424 poribus
539 1346 696 1423 periodieis
727 1365 796 1407 suas
819 1349 920 1407 venire
953 1346 1137 1425 prolixitates
1167 1344 1301 1422 adeoque
1329 1354 1359 1407 et
1389 1348 1560 1426 corporibus
1582 1349 1742 1409 mobilibus

388 1452 458 1494 snas
479 1434 573 1501 moles
595 1433 633 1494 ab
656 1433 770 1511 aliquo,
805 1433 885 1511 quod
917 1441 962 1494 est
991 1437 1022 1493 in
1044 1432 1205 1511 archetypo
1235 1435 1331 1511 prius,
1363 1433 1401 1494 ad
1424 1434 1503 1511 quod
1525 1437 1744 1511 exprimendum

266 1562 276 1570 -
310 1536 316 1547 ·
390 1524 476 1596 istae,
499 1530 532 1581 ut
556 1520 691 1582 videntur
712 1524 992 1600 improportionatae
1014 1521 1107 1581 moles
1130 1528 1160 1581 et
1186 1520 1315 1598 periodi,
1344 1529 1414 1580 sunt
1441 1524 1471 1580 in
1493 1522 1571 1581 hunc
1592 1523 1744 1584 modulum

389 1609 519 1687 apiatas.
565 1609 605 1669 At
628 1608 767 1669 collectas
796 1626 861 1670 esse
884 1609 944 1667 dixi
972 1608 1110 1687 periodon
1138 1625 1174 1668 ex
1203 1611 1294 1668 moris
1322 1609 1514 1686 longissimis,
1549 1610 1745 1671 mediocribus

268 1740 271 1745 »
388 1705 418 1758 et
440 1695 629 1757 tardissimis:
663 1704 781 1773 oportet
811 1698 899 1774 igitur
921 1696 969 1756 vel
997 1700 1026 1755 in
1055 1696 1101 1755 his
1128 1697 1236 1769 moris,
1267 1695 1315 1755 vel
1337 1699 1363 1756 si
1385 1696 1456 1773 quid
1486 1703 1532 1757 est
1552 1699 1590 1756 iis
1611 1701 1693 1776 prius
1715 1702 1745 1757 in

388 1792 486 1845 mente
509 1782 642 1863 Ophieis,
664 1786 788 1844 inveniri
811 1786 1022 1844 concinnitates
1043 1785 1244 1861 geometricas.
1279 1784 1429 1843 Moratum
1452 1802 1522 1845 vero
1541 1789 1745 1864 proportiones

389 1890 482 1933 nexae
512 1879 581 1932 sunt
611 1873 648 1931 ab
676 1888 795 1931 arcuum
827 1872 994 1932 diurnorum
1025 1870 1280 1949 proportionibus,
1315 1873 1386 1948 quia
1414 1888 1500 1943 arona
1530 1877 1747 1951 proportionem

390 1978 524 2022 eversam
546 1959 656 2019 babent
678 1962 875 2037 proportionis
897 1976 1052 2021 morarum.
1095 1957 1222 2035 Rursum
1250 1968 1280 2018 et
1302 1976 1448 2019 morarum
1471 1967 1501 2020 et
1523 1961 1746 2021 intervallorum

389 2050 477 2108 unius
499 2046 624 2124 alicujus
648 2045 783 2124 planetae
805 2049 1008 2125 proportiones
1022 2046 1148 2105 diximus
1171 2062 1236 2107 esse
1259 2046 1387 2131 easdem.
1419 2045 1506 2121 Quod
1529 2050 1617 2124 igitur
1638 2051 1745 2109 attinet

387 2136 522 2214 planetas
544 2134 685 2212 singulos,
709 2153 768 2194 una
791 2142 821 2195 et
842 2134 944 2194 eadem
960 2138 1015 2195 erit
1037 2131 1232 2194 consideratio
1247 2136 1335 2193 trium
1349 2134 1468 2193 bornmt
1492 2152 1621 2208 arcuum,
1644 2154 1745 2195 mora·

392 2242 455 2283 rnm
485 2225 515 2281 in
548 2223 673 2283 arcubus
696 2222 871 2298 aequalibus
903 2234 932 2283 et
960 2223 1131 2282 remotionis
1154 2238 1275 2280 arcuum
1305 2220 1416 2282 aSole
1439 2238 1491 2282 seu
1514 2223 1744 2301 intervallorum

390 2312 428 2370 ut
450 2310 601 2388 quiajam
626 2309 779 2369 variabilia
801 2317 870 2370 sunt
891 2310 966 2369 haec
988 2310 1088 2369 omnia
1110 2311 1138 2366 in
1161 2308 1305 2385 planetis,
1327 2307 1448 2369 dubium
1470 2308 1582 2369 nullum
1605 2328 1669 2371 esse
1691 2328 1749 2388 po·

389 2404 456 2470 test,
480 2396 549 2474 quin
571 2400 596 2456 si
619 2397 688 2474 qnid
711 2398 819 2457 inerint
839 2400 943 2457 sortita
965 2396 1190 2474 pulchritudinis
1212 2399 1416 2471 geometricae,
1440 2404 1519 2456 certo
1542 2401 1647 2457 summi
1671 2396 1746 2476 Opi-

389 2486 452 2545 dois
474 2483 597 2545 consilio
620 2484 649 2543 id
671 2487 733 2544 suis
756 2487 891 2545 extremis
913 2487 1093 2562 acceperint,
1123 2490 1159 2542 ut
1185 2482 1310 2559 apheliis
1342 2492 1371 2545 et
1402 2483 1551 2560 periheiiis
1573 2485 1746 2559 intervallis,

390 2590 449 2634 uon
472 2576 516 2632 ita
535 2566 640 2631 mediis
660 2572 828 2649 interJectis.
872 2571 948 2633 Nam
977 2572 1055 2631 datis
1078 2578 1271 2632 extremomm
1299 2570 1520 2631 intervallorum
1547 2576 1747 2650 proportioni-

391 2661 461 2735 bus,
490 2660 554 2737 jam
581 2676 640 2722 non
668 2676 743 2738 opus
766 2666 811 2721 est
840 2660 977 2734 consilio,
1013 2668 1042 2719 ut
1064 2658 1253 2719 intermediae
1282 2661 1486 2736 proportiones
1509 2669 1588 2720 certo
1611 2668 1748 2739 aptentur

394 2765 534 2824 numer03
556 2756 719 2824 sequuntur
741 2750 818 2808 enim
841 2747 927 2823 ultro,
949 2750 1125 2809 necessitate
1147 2751 1245 2807 motus
1267 2746 1438 2824 planetarii,
1471 2748 1510 2807 ab
1534 2764 1593 2808 nno
1615 2756 1745 2810 extremo

394 2854 447 2914 per
469 2835 642 2895 intermedia
664 2838 762 2896 omnis
784 2836 822 2895 ad
846 2841 1006 2896 extremum
1029 2834 1162 2895 alterum.
1394 2902 1397 2909 Δ

483 2922 578 2999 Igitur
598 2932 727 2984 mhema
747 2923 906 2984 intervalla
933 2930 1001 2983 snut
1022 2926 1097 2996 ista,
1129 2938 1182 2999 per
1211 2922 1446 2981 accuratissimus
1468 2921 1618 2999 Tychonis
1641 2922 1749 2983 Brahel

393 3012 623 3086 observationes,
647 3011 785 3072 methodo
806 3013 837 3070 in
853 3010 1077 3072 Commentariis
1092 3009 1197 3069 Martis
1212 3007 1329 3084 tradita,
1351 3010 1496 3086 exquisita
1518 3012 1749 3086 pertinacissimo

393 3097 591 3177 septendecim
614 3116 756 3159 annorum
778 3098 887 3159 stndio.

781 3252 944 3321 0⁰1¹¹liareta
961 3248 1104 3305 intervalla
1121 3263 1182 3305 cum
1199 3246 1363 3304 harmonicis
1415 3260 1421 3271 ·

569 3321 700 3378 Binomm
1362 3317 1535 3387 Singulorum
1551 3335 1715 3433 propr,mono

806 3460 916 3518 saturni
935 3458 1075 3529 ipserum
1094 3458 1188 3515 rores
1203 3473 1227 3512 e
1316 3424 1382 3482 rus
1400 3432 1464 3481 tono
1484 3427 1588 3482 minore
1649 3456 1717 3521 nm

911 3529 1073 3600 perihelium
1112 3529 1190 3585 8968.
1202 3528 1229 3583 b.
1648 3566 1714 3609 ,⁰000

682 3494 731 3588 {ils
773 3522 779 3533 .

683 3603 744 3677 3²
759 3612 773 3619 ·
1330 3597 1423 3654 Minus
1441 3603 1507 3654 tono
1527 3599 1629 3669 maiore
1646 3633 1715 3698 ᾗ

521 3496 631 3544 Gonvsrg.

530 3560 544 3588 s
611 3546 626 3591 2

529 3614 595 3678 Γ
614 3613 643 3678 ῐ’

807 3741 884 3797 doris
901 3738 1038 3822 aphelium
1123 3740 1186 3794 iiiii
1204 3757 1227 3793 c.
1332 3737 1416 3793 Nulla
1441 3737 1573 3794 concinna
1598 3742 1749 3824 proportio,

529 3827 626 3911 3=r
679 3826 775 3909 n=a
913 3808 1075 3880 perrhebum
1119 3810 1188 3866 iiiiii
1202 3809 1227 3863 d.
1289 3888 1292 3895 Ι
1332 3808 1382 3862 red
1408 3808 1466 3891 iere
1485 3811 1527 3933 Εὖ.
1550 3810 1746 3915 inconcinna⁸

530 3920 542 3961 f
613 3905 643 3959 ,v
680 3927 694 3957 s
762 3913 773 3957 4
1329 3880 1375 3935 vel
1402 3879 1467 3934 drm.
1505 3880 1696 3938 ebarmomca
1730 3918 1746 3954 g

811 4003 908 4059 Martis
926 4001 1063 4071 ephelium
1111 4002 1190 4057 1665.
1204 4018 1226 4056 e.
1288 4000 1340 4055 Hic
1363 4000 1430 4074 iii}
1448 4008 1521 4055 esset
1539 4001 1697 4057 harmonica
1732 4002 1750 4074 ξ

500 4072 645 4178 vgxi,
680 4070 776 4155 ΕΖΗ
825 4142 828 4149 Ι
915 4072 1076 4142 perihelinm
1113 4073 1189 4128 1382.
1206 4071 1225 4126 i.
1291 4080 1319 4127 et
1338 4071 1406 4144 {iii
1426 4073 1541 4142 erecti.
1771 4078 1775 4085 “

531 4166 547 4206 h
614 4162 628 4205 ⁸
679 4173 696 4214 ι
748 4159 775 4202 ²⁰
813 4233 914 4303 Terrae
931 4230 1070 4301 aphelium
1110 4230 1188 4287 1018.
1201 4249 1227 4355 ξ
1332 4230 1385 4283 llic
1415 4229 1480 4300 ¹332
1506 4236 1580 4286 esset
1596 4230 1680 4286 diesis
1706 4229 1750 4301 ῃ,

912 4301 1079 4389 ¹perrlrelium
1128 4301 1188 4357 982.
1223 4344 1229 4355 .
1335 4316 1389 4355 non
1407 4300 1530 4369 possidet
1548 4316 1613 4371 ergo
1631 4300 1726 4357 diesin.

808 4477 923 4533 Veneris
941 4475 1079 4559 aphelium
1133 4475 1192 4531 729.
1213 4475 1232 4530 i.
1335 4474 1429 4530 Minus
1447 4492 1528 4545 quam
1543 4476 1750 4559 sesquicomms,

912 4546 1076 4617 peuhelrum
1127 4546 1228 4602 rtet.
1329 4545 1399 4670 pelas
1414 4561 1496 4615 qnam
1514 4546 1596 4602 tertia
1614 4563 1679 4617 pars
1694 4546 1750 4602 dre·

503 4724 511 4764 ¹
535 4779 570 4790 ,
587 4722 613 4766 ¹²
672 4721 776 4790 ῑ-Ἇθ
811 4718 941 4777 Mercurii
959 4719 1095 4789 aphelium
1128 4719 1188 4775 470.
1207 4719 1226 4773 l.
1292 4690 1301 4703 ⁸
1331 4717 1398 4774 Plus
1417 4735 1498 4789 quam
1511 4719 1647 4790 diapehte,
1665 4720 1750 4775 abun·

495 4788 570 4853 Γ
586 4788 630 4854 '5''
670 4787 777 4853 i‘iii
826 4828 830 4839 ·
950 4790 1110 4859 perihelium
1127 4788 1223 4845 actm.
1273 4896 1277 4901 ἱ
1327 4789 1582 4934 hhnnigssssffssminus
1595 4806 1675 4860 quam
1688 4790 1751 4846 hu.
