3882 5862
397 322 460 385 464
577 324 582 339 '
863 320 1029 391 Appendicie
1046 318 1270 377 Harmonicor'um

395 499 580 558 Microcosmi
604 497 722 571 scribis,
752 500 778 558 si
808 516 867 558 non
897 498 967 559 licet
985 502 1119 559 scrutari
1140 509 1252 560 secreta
1279 510 1429 577 narnrae,
1458 520 1516 562 nee
1545 506 1736 565 instrumento

394 590 564 661 micasque
594 586 724 645 tribuere
755 590 898 663 mysteria
926 590 1071 649 momenti
1100 589 1247 663 alicujus,
1278 607 1333 649 nec
1362 594 1542 650 anctoritate
1573 595 1735 667 sapr'entnm

396 674 472 734 duee
494 673 531 731 nd
555 690 659 732 causas
682 691 777 733 rerum
802 675 878 731 riam
902 674 1021 734 tendere
1043 684 1211 751 propterea,
1245 680 1316 752 quie
1339 676 1381 735 illi
1409 680 1513 736 everi
1537 674 1594 737 Dei
1615 679 1736 738 revelate

398 763 564 838 cognitione
587 762 667 820 luere
689 760 862 836 longiores?
907 761 966 820 Cur
988 779 1058 836 crgo
1081 771 1113 821 tu
1130 762 1352 839 Trismegistum
1376 766 1516 841 sequeris,
1539 768 1564 824 si
1587 765 1658 824 milri
1674 766 1735 825 Pla·

395 851 472 909 tonis
498 847 647 907 interdicis
670 848 885 908 contubernio?
931 850 989 908 Cur
1011 848 1214 923 lamblichum
1243 853 1296 910 tibi
1320 853 1573 930 Porphyriumque
1595 853 1666 913 licet
1696 854 1735 912 al-

393 938 505 1011 legare,
529 935 714 995 Christiaaec
737 935 886 995 doctrinae
910 936 1019 1009 hostes,
1043 939 1115 995 mihi
1130 938 1267 997 Proclum
1289 947 1341 998 aut
1358 940 1557 998 Aristarchum
1580 940 1735 1000 nonlicet?

397 1023 456 1082 Sed
479 1025 556 1081 enim
579 1040 685 1082 coecus
709 1041 764 1099 ego
787 1023 899 1101 pulpito
923 1026 952 1081 in
974 1034 1060 1084 vasto
1083 1026 1139 1083 hoc
1162 1027 1303 1085 orationis
1325 1036 1393 1085 tuae
1417 1026 1586 1098 coenaculo,
1621 1030 1735 1091 necubi

393 1122 423 1171 tc
446 1112 567 1170 obvium
588 1111 725 1183 habeam,
749 1110 860 1169 divino.
905 1110 1037 1171 Tandem
1061 1115 1189 1172 occurris
1216 1122 1246 1171 et
1268 1115 1346 1173 ieris.
1391 1113 1532 1188 Sapienti
1561 1118 1658 1190 inquis
1680 1132 1736 1174 non

389 1199 565 1271 mundano,
595 1198 646 1255 sed
676 1199 859 1275 tiseosophico
885 1198 960 1258 data
992 1207 1033 1257 est
1063 1203 1193 1275 capnitio
1220 1208 1301 1261 certa
1331 1204 1530 1260 institutionis
1557 1203 1668 1261 mnndi
1688 1210 1734 1261 etc

391 1287 439 1345 'l'u
463 1288 597 1343 nimirum
620 1286 802 1364 theosophus
822 1303 862 1359 es,
887 1286 939 1344 alii
962 1286 1170 1363 cosmosophi,'
1191 1295 1223 1346 tn
1246 1292 1428 1364 quantitates
1451 1289 1615 1348 invisibiles
1640 1290 1734 1361 cubes,

391 1382 423 1432 tu
447 1390 584 1433 numeros
609 1390 667 1432 nou
691 1373 897 1444 numerandos,
922 1383 954 1431 tu
968 1373 1067 1433 Solem
1089 1374 1283 1451 spiritualem,
1305 1383 1336 1432 tu
1353 1375 1488 1452 planetes
1511 1373 1735 1454 adveniamus,

389 1461 455 1519 sole
477 1467 573 1520 mente
595 1461 770 1537 cernendos,
795 1477 851 1536 ego
874 1465 1004 1537 spurios,
1031 1470 1061 1520 tn
1086 1478 1185 1521 veram
1206 1463 1397 1537 astrologiam
1420 1463 1517 1536 elicis,
1542 1480 1598 1540 ego
1622 1464 1734 1523 adulte·

390 1552 483 1606 rinam
505 1566 642 1621 exerceo,
666 1556 699 1607 tu
723 1566 793 1609 rere
814 1550 917 1607 frueris
940 1553 1038 1608 aalma
1060 1550 1229 1608 harmoniae
1252 1550 1435 1622 mundanae,
1467 1568 1533 1610 mea
1556 1560 1601 1610 est
1623 1554 1734 1627 anapi-

387 1639 491 1708 naria,
516 1644 548 1694 tu
570 1635 726 1713 splendore
747 1639 915 1712 sapientiae
933 1640 1178 1711 praesentissimo
1193 1638 1396 1710 illuminaris,
1419 1638 1494 1696 mihi
1515 1641 1668 1714 sapientia
1683 1643 1735 1697 ora

388 1732 429 1782 est
451 1726 614 1799 incognita.
660 1721 803 1796 Omnino,
834 1723 978 1798 Roberte,
1010 1725 1230 1784 conclusionum
1251 1733 1368 1799 tuarum
1398 1724 1527 1802 undique
1553 1734 1582 1785 ct
1607 1726 1731 1802 nudique

388 1813 432 1883 sic
454 1813 526 1869 sniis
548 1821 609 1879 est,
634 1819 666 1869 ut
689 1810 806 1870 abunde
829 1813 916 1870 etiam
939 1814 988 1871 sit.

478 1898 563 1958 lllam
584 1900 683 1974 potius
706 1901 847 1960 orationis
868 1908 937 1958 tuae
959 1907 1087 1975 partem,
1121 1916 1198 1976 quae
1221 1898 1325 1958 laudes
1348 1900 1479 1958 continet
1504 1901 1669 1975 sapientise
1691 1898 1734 1956 di·

390 1988 485 2059 vinae,
509 1985 724 2045 consideremus
747 1986 863 2045 devotis
885 1989 990 2047 animis
1014 1995 1044 2047 et
1065 1989 1103 2046 ab
1126 1987 1178 2046 ille
1199 2004 1350 2063 speremus
1374 1986 1542 2060 illuminari,
1565 1989 1656 2045 etiam
1674 2005 1735 2045 cum

389 2073 536 2133 naturalia
556 2077 709 2146 rimamur,
740 2073 820 2150 quod
846 2091 901 2133 nos
930 2083 1012 2133 tanto
1035 2076 1156 2151 propius
1184 2091 1391 2150 assequemur,
1425 2082 1535 2149 quanto
1565 2076 1736 2133 remotiores

389 2165 524 2238 uinaque
554 2163 592 2220 ab
620 2161 818 2220 aemulatione
848 2162 996 2237 lacrimas.
1041 2162 1119 2221 lllud
1141 2161 1237 2220 solum
1263 2169 1292 2220 te
1314 2163 1457 2221 monitum
1481 2162 1564 2235 volo,
1596 2163 1622 2220 si
1644 2164 1737 2238 prima

372 2250 436 2330 ‘ica
458 2248 574 2326 enalysi
602 2247 662 2327 12.)
693 2248 804 2307 ultimis
835 2265 1018 2323 comparem,
1053 2248 1144 2309 videri
1177 2250 1248 2307 mihi
1280 2248 1355 2308 hanc
1381 2251 1557 2328 sapientiam
1588 2267 1607 2307 a
1637 2261 1666 2307 te
1696 2250 1736 2308 sic

388 2336 538 2396 contusam
572 2352 637 2395 cum
667 2337 821 2406 creaturis,
853 2346 885 2394 nt
907 2340 1052 2411 nesciam,
1083 2335 1202 2413 quando
1232 2344 1360 2395 noenu
1388 2335 1606 2415 subintelligere
1633 2335 1737 2411 jubeat

386 2426 573 2500 sapientiam,
597 2422 714 2499 quando
738 2424 913 2483 creatricem.

474 2511 547 2570 Sine
568 2513 679 2586 spirita
701 2511 762 2569 Dei
783 2502 879 2570 'tanta
905 2519 1039 2570 naturae
1059 2518 1171 2568 secreta
1194 2528 1346 2585 operaque
1370 2510 1429 2568 Dei
1458 2509 1648 2569 admiranda
1671 2528 1736 2586 spe·

385 2599 485 2657 calari
515 2602 639 2657 insania
669 2607 710 2657 est
731 2600 885 2671 maxima,
917 2598 1019 2658 lateor.
1064 2601 1106 2657 At
1132 2600 1197 2657 sire
1223 2607 1256 2656 ta
1285 2597 1321 2657 de
1344 2601 1535 2657 conversione
1565 2601 1674 2656 mentis
1700 2597 1736 2656 ad

386 2687 483 2745 Deam
510 2678 653 2761 loquaris,
687 2686 787 2747 desine
818 2703 930 2761 quaeso
958 2685 1143 2762 profanitatis
1166 2684 1360 2752 condemnare
1387 2694 1532 2745 secretum
1560 2701 1675 2758 meum,
1708 2687 1735 2742 in

386 2773 466 2851 qnod
496 2774 578 2833 solus
603 2774 683 2832 Deus
712 2775 846 2852 inspicit,
875 2775 939 2833 sive
971 2773 1007 2833 de
1037 2770 1206 2850 impletione
1228 2774 1335 2831 mentis
1365 2772 1507 2831 adirino
1531 2775 1668 2831 numine:
1701 2790 1735 2831 ex

387 2862 492 2922 effectu
515 2878 634 2920 cansam
662 2871 780 2923 censeto
803 2870 851 2933 et,
881 2863 907 2920 si
939 2879 1009 2921 rere
1031 2860 1067 2920 de
1090 2861 1227 2936 operibus
1250 2860 1306 2919 Dei
1330 2861 1445 2935 protero
1478 2862 1555 2919 circa
1576 2861 1736 2919 stellarum

383 2952 544 3026 positiones
565 2956 593 3007 et
613 2957 753 3009 motuum
774 2952 924 3023 rationes,
955 2966 1081 3025 agnosce
1100 2957 1188 3025 ,grato
1211 2949 1309 3006 animo
1333 2948 1456 3022 digitum
1479 2948 1554 3020 Del,
1585 2965 1639 3007 nec
1663 2947 1735 3006 mihi

383 3038 441 3096 hoc
464 3038 655 3112 imputaretis
677 3038 846 3112 impietatis,
870 3035 949 3112 quod
972 3035 1122 3096 oraculum
1137 3035 1272 3094 demuma
1287 3035 1492 3110 apostolicum,
1515 3046 1604 3093 omne
1617 3036 1734 3094 donum

380 3124 548 3201 perfectam
582 3124 709 3201 desuper
740 3136 761 3181 a
790 3132 880 3201 patre
911 3125 1086 3195 laminam
1118 3126 1162 3182 sin
1190 3122 1300 3181 alicubi
1330 3122 1466 3181 salsitatis
1496 3139 1563 3182 mea
1593 3121 1736 3199 dogmata

382 3228 542 3286 coarguere
564 3222 658 3287 potes,
681 3210 712 3269 ld
735 3214 830 3287 ipsum
854 3228 909 3286 age
932 3210 1052 3271 honoris
1065 3210 1158 3269 divini
1180 3208 1277 3269 studio
1297 3219 1395 3269 mente
1411 3207 1578 3285 tranquille,
1601 3213 1735 3287 seposito

383 3300 577 3357 contentionis
600 3308 694 3359 aestu.

468 3386 637 3461 Intelligere
650 3404 699 3445 me
719 3385 895 3445 divinornm
917 3402 1042 3461 opernm
1057 3391 1204 3445 ornatum
1217 3383 1431 3443 harmonicum
1454 3380 1585 3458 eamque
1607 3382 1736 3444 demon·

380 3479 488 3531 strasse
506 3476 669 3549 principiis
689 3475 874 3550 geometricis
895 3473 986 3549 onlpo
1008 3475 1049 3531 sic
1070 3472 1163 3545 dictis,
1188 3472 1241 3530 etsi
1267 3488 1326 3531 non
1347 3472 1438 3546 jacto,
1463 3481 1495 3528 nt
1509 3488 1556 3529 mc
1579 3479 1735 3543 ostentum,

381 3567 410 3619 te
437 3559 612 3638 deprimam,
637 3560 819 3620 dissimulare
842 3569 940 3620 temen
963 3577 1020 3618 non
1046 3559 1149 3630 debui,
1179 3577 1216 3618 ae
1239 3560 1269 3616 in
1292 3560 1388 3619 Deum
1412 3560 1560 3633 ingratus,
1583 3560 1612 3615 ia
1635 3557 1736 3617 hono-

378 3664 439 3705 rem
468 3649 532 3723 ejus
563 3649 701 3724 injurias,
733 3652 762 3706 iu
785 3648 909 3707 lectores
932 3642 1109 3724 (proximum
1140 3646 1251 3721 meum)
1273 3645 1452 3705 inofficiosus
1483 3663 1634 3721 coarguat.
1685 3646 1731 3719 Si,

377 3742 414 3793 nt
442 3737 666 3797 inventionibus
696 3740 769 3795 meis
792 3738 905 3814 sociem
932 3734 1163 3812 splendidiorem
1189 3735 1356 3807 conciliem,
1388 3736 1588 3807 antiquorum
1618 3736 1736 3809 scripta

378 3821 505 3895 damno,
538 3822 643 3883 damno
675 3826 737 3901 ipse
769 3841 816 3882 me
847 3826 956 3901 ipsum;
989 3826 1035 3881 sin
1068 3818 1233 3881 veritas'et
1262 3822 1401 3882 creatoris
1422 3821 1517 3879 honor
1544 3823 1643 3897 potior
1666 3838 1734 3880 esse

379 3909 467 3969 debet
490 3910 600 3971 honore
624 3919 770 3984 veterum,
794 3927 879 3969 nemo
903 3928 939 3969 err
962 3927 1031 3969 vere
1054 3917 1084 3970 et
1106 3910 1235 3985 legitime
1259 3908 1534 3987 philosophantibus
1562 3909 1600 3967 ab
1624 3908 1735 3984 hujus·

285 4010 290 4021 ’
378 3995 457 4054 modl
481 3997 634 4057 calumniis
657 4008 737 4057 tutus
760 4000 814 4058 erit
828 4014 966 4073 unquam.
1006 3996 1102 4072 Quare
1118 4009 1149 4057 tu
1175 3998 1271 4055 missis
1288 3998 1547 4055 obtrectationibus
1572 4013 1660 4071 perge
1676 4012 1736 4072 po·

377 4087 437 4142 tius
452 4102 557 4149 aureas
574 4085 683 4146 dictare
699 4087 867 4158 senoentias,
892 4093 925 4142 ut
940 4084 1115 4164 applausore
1130 4104 1177 4144 mc
1199 4087 1296 4160 potius
1314 4092 1405 4153 utare,
1429 4100 1517 4160 quam
1534 4084 1734 4143 confutatore.

465 4171 517 4231 Est
540 4174 621 4232 Deus
639 4172 770 4247 propior
790 4174 887 4246 stellis,
910 4190 976 4232 non
996 4173 1161 4249 impeditur
1183 4191 1204 4231 a
1225 4171 1329 4244 stellis,
1354 4189 1420 4229 cum
1443 4170 1508 4229 vult
1529 4173 1647 4245 punire,
1671 4188 1734 4229 non

377 4256 490 4333 indiget
518 4260 759 4333 radiationibus,
789 4278 854 4318 cum
884 4260 1071 4335 benefecerc3
1101 4278 1188 4321 coeca
1216 4266 1259 4318 est
1286 4261 1350 4317 sine
1372 4262 1436 4331 ejus
1457 4261 1634 4333 praesentia
1663 4275 1735 4317 cum
1815 4316 1821 4341 ‚

376 4356 482 4405 nature
504 4349 581 4425 ipsa,
605 4359 668 4407 tum
690 4348 754 4422 ejus
777 4350 878 4420 simis,
908 4350 988 4408 coeci
1011 4349 1074 4406 sinc
1097 4348 1154 4407 hec
1176 4349 1329 4422 scriptores
1352 4354 1411 4403 tam
1434 4344 1608 4417 Hermetici,
1639 4362 1733 4420 quem

375 4432 582 4495 mathematici.
628 4435 732 4511 Neque
756 4442 853 4494 tamen
876 4453 912 4495 ex
935 4436 981 4493 his
996 4437 1138 4511 ,omnibus
1161 4437 1302 4510 sequitur,
1329 4434 1462 4492 inutilem
1485 4451 1504 4492 a
1525 4450 1572 4491 me
1596 4430 1734 4492 colloca·

373 4529 434 4579 tam
458 4538 522 4582 esse
546 4540 665 4598 operam
696 4525 725 4580 in
747 4521 911 4600 supplenda
933 4522 1065 4581 doctrina
1098 4520 1326 4595 meteorologloa
1348 4518 1515 4579 Aristotelis
1526 4562 1542 4592 „
1568 4522 1596 4576 in
1619 4537 1733 4594 perve-

373 4608 517 4684 stigendls
547 4612 645 4670 causis
675 4600 911 4670 commotionum'
933 4609 1131 4684 naturalibus3
1164 4627 1221 4667 non
1254 4607 1322 4667 ideo
1351 4606 1433 4667 nulla
1465 4616 1509 4666 est
1543 4605 1589 4665 rel
1624 4608 1732 4667 maadi

374 4699 465 4755 totius
496 4697 543 4757 vel
572 4706 695 4756 naturae
723 4697 890 4756 sublunaris
918 4698 1030 4769 anime,
1063 4714 1120 4756 non
1152 4697 1218 4755 ideo
1245 4700 1366 4755 evanuit
1396 4713 1454 4755 vox
1479 4695 1542 4755 Dei
1574 4698 1732 4768 creatoris,

373 4799 440 4843 cam
462 4784 536 4845 dixit
560 4783 730 4865 ,maducat
758 4785 872 4844 terra“.
920 4783 1018 4860 Quare
1048 4787 1125 4846 mele
1148 4793 1179 4844 tu
1202 4783 1356 4845 concludis
1384 4783 1438 4844 hoc
1466 4791 1732 4878 {incaseatum
