3882 5862
430 374 494 434 430
897 362 1063 434 appendicia
1081 364 1306 422 Harmoniccrum

428 562 545 623 cunque
567 545 655 621 igitur
677 544 854 620 quantitates
875 558 912 601 ex
934 544 1120 618 opinionibus
1143 551 1275 605 vctsmm
1302 546 1509 621 bacchantur,
1542 564 1616 624 quas
1639 565 1695 625 ego
1717 566 1771 623 nou

428 635 567 694 eruebam
597 651 632 691 ex
662 635 727 708 ipsa
753 638 869 699 natura,
900 629 996 689 idest
1025 648 1061 689 ex
1084 631 1184 707 liguris
1206 631 1388 708 regularibus
1419 641 1471 694 aut
1500 653 1536 695 ex
1560 640 1772 711 comparatione

430 729 532 780 mutue
554 721 808 781 consonantiarum
838 718 876 776 ab
899 719 934 774 iis
965 716 1173 792 derivatorum,
1206 719 1271 779 illas
1293 738 1349 796 ego
1372 722 1468 780 dimisi
1496 723 1705 798 utplurimum
1727 727 1772 783 in·

429 815 538 884 tactas,
562 825 635 883 quas
660 823 729 867 vero
752 822 806 881 cgo
831 806 934 877 elicui,
958 805 995 863 ad
1019 805 1127 883 placita
1151 814 1281 867 veterum
1299 801 1361 867 'non
1384 809 1540 886 applicari,
1568 811 1619 869 ubi
1642 813 1771 873 cordusio

426 899 519 956 metui
550 898 654 971 potuit
701 896 888 952 Diatessaron
921 891 1038 966 quidem
1066 893 1232 974 applicavi,
1261 898 1331 971 quia
1362 913 1419 954 non
1446 907 1542 969 errant
1572 897 1622 957 hic
1652 908 1771 971 ueteres,

428 984 521 1042 diesin
544 1000 614 1042 vero
636 999 694 1040 non
718 980 875 1058 applicavi,
897 995 956 1037 uon
979 985 1155 1057 comparari,
1181 982 1235 1041 hoc
1260 992 1305 1041 est
1327 987 1518 1059 aequiparari
1537 1001 1602 1043 curn
1618 998 1664 1058 ea,
1687 1003 1772 1061 quam

429 1080 541 1129 veteres
564 1069 657 1128 diesin
680 1069 821 1139 dixerunt,
845 1068 916 1142 quia
938 1065 989 1124 illa
1013 1068 1196 1144 diversacst
1218 1088 1325 1130 amca
1370 1072 1452 1130 ldem
1468 1071 1626 1140 tenendum
1648 1072 1683 1132 de
1699 1074 1772 1132 lem-

428 1166 507 1217 mate
530 1174 596 1216 meo
626 1166 656 1215 et
685 1164 827 1226 veterum,
861 1153 943 1228 cnjus
971 1154 1032 1213 alia
1062 1159 1222 1230 quantitas,
1256 1158 1331 1227 alius
1353 1159 1543 1218 abscindendi
1567 1160 1680 1218 modus.
1723 1161 1772 1220 Sic

426 1254 530 1304 cantus
553 1261 674 1321 genera,
699 1243 801 1305 durum
820 1248 851 1300 ct
872 1234 973 1312 molle,
1004 1260 1061 1300 non
1085 1246 1253 1319 comparari
1276 1261 1331 1320 ego
1355 1262 1419 1304 cum
1443 1249 1478 1304 iis
1501 1250 1673 1322 generibus,
1696 1264 1770 1323 quae

427 1340 542 1392 veteres
565 1339 755 1407 agnoverunt,
779 1331 847 1405 quia
869 1347 888 1388 a
910 1329 1079 1388 conlusione
1102 1330 1203 1389 lectori
1227 1349 1292 1391 mec
1315 1336 1413 1407 metui,
1439 1351 1498 1393 nou
1521 1336 1597 1407 enirn
1620 1335 1770 1397 laudatam

427 1422 526 1480 inveni
548 1423 580 1478 iu
599 1426 706 1479 natura
728 1417 923 1494 triplicitatem
947 1416 1026 1475 illam
1049 1434 1187 1492 generum
1209 1427 1321 1478 cantus.

513 1506 602 1567 Libro
630 1516 735 1582 quarto
759 1504 858 1564 videor
885 1504 937 1562 tibi
961 1504 1063 1563 tollere
1093 1505 1276 1565 harmoniam
1306 1523 1420 1565 omnem
1453 1515 1568 1580 praeter
1592 1508 1767 1569 circularem.

430 1595 492 1653 Etsi
515 1597 626 1671 primae
649 1596 834 1653 terminorum
856 1590 1089 1650 harmonicorum
1113 1592 1198 1653 ideae
1221 1602 1290 1652 sunt
1311 1597 1342 1653 in
1364 1594 1489 1653 arcubus
1506 1594 1614 1668 circuli,
1637 1613 1657 1653 a
1678 1596 1770 1671 figura

426 1682 550 1757 regulari
583 1681 684 1752 divisi,
717 1689 812 1739 tamen
847 1678 914 1737 illac
938 1678 1166 1756 multiplicantur
1199 1684 1285 1741 etiam
1314 1684 1343 1738 in
1365 1690 1461 1741 rectas
1484 1685 1680 1757 quantitates,
1717 1701 1769 1744 nec

425 1772 503 1829 euim
526 1769 651 1845 amplias
680 1767 753 1827 fiunt
772 1768 885 1826 termini
912 1769 1107 1843 proportionis
1137 1778 1254 1843 propter
1275 1768 1398 1843 figuram
1421 1769 1607 1849 circularem,
1639 1778 1768 1845 atquae

425 1856 570 1925 divisione
588 1857 650 1932 jam
674 1863 718 1914 est
740 1854 899 1925 desursum,
932 1853 984 1912 sed
1008 1854 1101 1913 solum
1129 1865 1246 1932 propter
1266 1855 1493 1931 longitudinem,
1526 1874 1603 1932 quae
1629 1862 1770 1934 reperitur

420 1946 513 2003 ‘etiam
536 1947 565 2001 in
588 1945 682 2004 rectis.
726 1942 791 2001 Non
815 1943 901 2017 igitur
923 1941 1079 2003 circulares
1101 1942 1176 2000 lacio
1200 1942 1367 2003 harmonias
1389 1942 1490 2016 aliter,
1523 1962 1612 2020 quam
1634 1954 1768 2021 respectu

423 2034 581 2107 primarum
602 2030 732 2090 idearum
753 2028 922 2088 mentalium
946 2037 1085 2103 ortusque
1107 2047 1206 2088 earum
1229 2047 1265 2089 ex
1288 2029 1405 2090 circulo.

511 2118 568 2177 Hic
590 2125 621 2179 tu
643 2120 731 2177 etiam
764 2133 810 2176 me
832 2116 1139 2189 acernaacerna,
1171 2119 1230 2176 tuis
1261 2117 1477 2191 additionibus,
1511 2119 1566 2178 ubi
1585 2118 1768 2179 voluntatem

425 2209 573 2282 egregiam
597 2204 748 2273 collaudo,
781 2209 906 2263 ceterum
930 2220 1047 2277 operam
1072 2203 1210 2279 deprecor
1240 2206 1268 2261 in
1292 2206 1525 2280 meteorologicis
1554 2208 1628 2264 meis
1650 2206 1769 2267 harmo-

423 2296 494 2353 niis:
518 2292 613 2352 nullas
637 2308 691 2368 ego
714 2298 810 2366 partes
831 2293 961 2348 musicae
985 2291 1116 2350 diversas
1133 2292 1255 2351 diversis
1270 2294 1547 2371 planetispignisve
1562 2293 1768 2369 accommodo,

421 2398 505 2441 mens
527 2388 588 2453 tua,
612 2388 644 2437 ut
667 2378 761 2448 video,
785 2379 944 2454 praecurrit
965 2377 1093 2437 oculos'
1121 2378 1247 2437 Rursum
1262 2379 1442 2439 harmoniam
1458 2377 1632 2454 angulorum
1654 2390 1768 2441 tantum

424 2469 517 2541 abest,
542 2469 736 2549 utinmotu
757 2468 913 2524 conciam
936 2463 1047 2539 dicam,
1080 2473 1112 2523 ut
1132 2468 1249 2541 potius,
1273 2466 1412 2541 quarndiu
1436 2475 1464 2527 et
1488 2469 1515 2524 in
1540 2476 1680 2542 qrruutum
1704 2486 1770 2531 mo

422 2565 529 2615 ventur
551 2556 696 2631 planctae,
720 2554 857 2612 continua
879 2548 920 2611 sit'
940 2551 1135 2624 dissonantia,
1160 2553 1384 2616 concordantiae
1408 2572 1477 2613 vero
1502 2571 1618 2633 omnes,
1641 2559 1671 2613 in
1695 2574 1770 2632 quas

422 2643 559 2720 planetae
590 2649 670 2701 motu
703 2647 864 2711 transeunt,
896 2641 956 2697 sint
977 2647 1214 2714 momentaneae,
1245 2643 1270 2699 si
1294 2644 1477 2703 exactissime
1506 2658 1551 2701 res
1576 2646 1768 2717 pensitantur.

422 2726 481 2789 Sed
505 2746 573 2803 nee,
608 2727 755 2806 quomodo
787 2730 907 2785 mixtam
938 2743 993 2803 ego
1026 2735 1152 2787 statuam
1184 2727 1379 2800 harmoniam,
1415 2731 1488 2788 satis
1519 2728 1596 2789 claro
1629 2731 1768 2807 explicas.

421 2818 545 2877 Mittam
566 2821 662 2894 patior
687 2815 836 2892 appellari,
861 2816 931 2889 quia
954 2833 1020 2874 cum
1033 2814 1117 2888 radii,
1141 2816 1190 2889 qul
1206 2816 1341 2891 angulos,
1365 2818 1561 2892 proportionis
1583 2816 1769 2879 harmonicae

424 2906 579 2977 terminos,
611 2906 846 2977 interstinguunt,
870 2904 928 2961 sint
950 2903 1100 2975 coelestes,
1125 2903 1251 2978 angulus
1274 2912 1370 2961 tamen
1393 2906 1472 2979 ipse,
1502 2906 1552 2978 qui
1575 2906 1715 2965 terminus
1736 2905 1770 2965 tit

421 2992 626 3071 proportionis,
650 2993 678 3048 in
701 2990 790 3048 Terra
812 2989 959 3047 formatur.
1004 2990 1066 3049 Nec
1088 2989 1160 3047 nihil
1184 2990 1264 3049 deest
1287 2998 1317 3050 et
1339 2991 1380 3048 illi
1406 3000 1473 3049 tuae
1495 2993 1666 3065 narrationi,
1699 2992 1768 3051 dum

421 3080 555 3140 sextilem
578 3096 597 3137 a
618 3095 664 3139 me
686 3080 730 3136 ais
753 3079 914 3151 comparari
938 3078 1041 3135 tertiae
1063 3076 1159 3152 molli3
1191 3094 1249 3137 non
1279 3079 1347 3153 ipsi,
1381 3080 1498 3154 inquam
1523 3096 1596 3152 ego,
1628 3079 1681 3139 sed
1704 3080 1769 3155 ejus

420 3168 521 3227 sociae
545 3166 680 3242 diapente
703 3163 957 3241 epidisdiapason3
984 3165 1026 3222 ita
1050 3172 1085 3223 ct
1101 3163 1137 3223 de
1159 3168 1262 3224 ceteris
1285 3166 1428 3227 omnibus.
1473 3166 1570 3241 Atque
1591 3166 1640 3227 hic
1662 3171 1769 3245 repetis

424 3256 650 3331 comparationis
672 3268 764 3311 meae
778 3253 880 3325 raba,
915 3268 992 3326 quae
1014 3267 1070 3337 ego
1094 3258 1207 3313 tanturn
1231 3252 1266 3311 de
1290 3250 1443 3333 librolil.
1474 3253 1568 3328 deque
1591 3255 1766 3330 investigato

422 3341 638 3401 harmoniarum
652 3341 779 3399 omnium
794 3348 857 3397 ortu
874 3338 962 3398 ideali
978 3340 1158 3414 scripseram,
1182 3346 1216 3399 ut
1229 3339 1315 3399 lacilc
1329 3348 1451 3416 apparet
1467 3341 1671 3416 consideranti,
1694 3360 1771 3418 quae

420 3446 478 3505 ego
502 3430 545 3488 tui
568 3429 664 3507 operis
687 3427 783 3504 capita
804 3443 869 3491 erun
893 3425 999 3501 quibus
1021 3426 1078 3485 mei
1103 3430 1338 3505 comparaverim.
1385 3428 1512 3486 Audiam
1536 3435 1632 3488 tamen
1665 3429 1767 3504 chec-

422 3519 516 3593 tiones
538 3524 613 3586 tuas,
637 3516 662 3573 si
684 3514 754 3590 qnid
776 3512 845 3572 illae
869 3514 990 3573 forsitan
1013 3515 1094 3590 operi
1114 3532 1181 3573 meo
1205 3524 1319 3591 praeter
1342 3521 1371 3577 et
1393 3515 1469 3573 ultra
1485 3516 1581 3585 ¹verba
1603 3518 1674 3590 ista,
1698 3535 1768 3594 per·

419 3621 518 3681 peram
542 3603 600 3664 huc
620 3602 784 3681 applicata,
808 3610 938 3678 ereptum
961 3609 1037 3661 eant.

489 3691 645 3765 'Videtnn
669 3692 773 3766 inquis,
796 3689 878 3766 qaod
898 3707 959 3749 non
981 3689 1115 3765 angulas
1136 3691 1169 3747 in
1189 3696 1272 3748 terra
1288 3688 1425 3749 duarum
1439 3690 1651 3749 radiationam
1670 3708 1774 3751 cansa.

415 3783 455 3839 sit
476 3776 779 3855 composterlanae
797 3780 900 3851 potius
922 3777 1101 3855 influentias
1128 3776 1291 3849 cujusdam
1313 3780 1411 3834 virtus
1432 3778 1549 3837 occulta
1578 3785 1606 3835 ei
1626 3777 1767 3838 adrnira-

415 3868 491 3927 bilis.
537 3866 628 3937 Haec,
651 3868 690 3927 uri
712 3865 849 3938 Robcrte,
872 3881 932 3923 ror
955 3874 999 3923 est
1021 3866 1106 3922 unius
1130 3881 1146 3922 e
1169 3864 1314 3923 communi
1338 3872 1421 3923 coetu
1439 3863 1598 3935 doctorum,
1622 3867 1673 3940 qui
1696 3866 1765 3923 nui·

412 3953 474 4014 lam
498 3955 567 4014 dum
589 3970 707 4029 operam
730 3954 830 4030 posuit
850 3955 880 4009 in
903 3953 1152 4028 pervestigatione
1176 3968 1339 4011 causarum.
1378 3952 1430 4013 Ex
1453 3951 1640 4024 admirando,
1671 3954 1765 4028 inquit

318 4044 322 4052 '
415 4042 476 4115 ille,
499 4043 589 4103 coorti
605 4049 673 4099 sunt
696 4040 824 4099 studium
847 4047 937 4115 atque
958 4037 1042 4098 labor
1063 4037 1269 4112 investigandi.
1316 4038 1374 4097 Hic
1395 4056 1460 4099 cum
1483 4047 1515 4098 tu
1537 4056 1617 4097 meas
1634 4039 1765 4099 molitio-

415 4145 468 4189 nes
492 4129 605 4201 rideas,
633 4126 826 4205 jamdudum
850 4129 926 4186 enim
957 4133 986 4187 et
1008 4142 1064 4202 ego
1087 4144 1163 4185 unus
1187 4124 1301 4184 illorum
1330 4127 1388 4198 lui,
1423 4127 1472 4202 qui
1496 4125 1678 4200 influentias,
1711 4128 1763 4202 qui

413 4205 716 4279 maismacensem
742 4218 866 4274 uirtutes
888 4213 1067 4288 admirabar,
1091 4216 1179 4272 miror
1202 4212 1346 4289 equidem,
1371 4230 1420 4271 cur
1436 4231 1494 4272 non
1517 4213 1576 4272 alia
1594 4231 1765 4275 recenseas

414 4304 483 4365 illas
505 4304 714 4379 reprimendas,
737 4320 826 4378 quam
849 4302 972 4377 pristina
994 4300 1045 4358 illa
1067 4308 1096 4359 et
1118 4300 1252 4360 obsoleta
1274 4300 1475 4360 admiratione.
1522 4300 1653 4361 Hoccine
1677 4303 1765 4376 igitur

414 4404 468 4465 est,
493 4390 697 4470 philosophum
722 4408 825 4465 agore,
849 4388 994 4459 Roberte,
1026 4385 1280 4464 philosophantem
1304 4389 1422 4464 objectu
1445 4390 1627 4464 ignorantiae
1650 4390 1765 4448 hineto-

414 4488 496 4540 ratac
517 4478 671 4555 prohibere
694 4478 732 4537 ah
756 4476 837 4537 aditu
860 4475 1051 4556 penehalium
1073 4475 1215 4534 naturaei
1262 4476 1297 4532 Et
1312 4484 1436 4551 quantae
1458 4492 1569 4550 quaeso
1592 4482 1661 4537 sunt
1689 4478 1764 4537 vires

416 4566 495 4629 illins
517 4574 586 4627 tuas
608 4566 689 4626 vocis
719 4564 861 4638 Videtur,
885 4580 958 4639 quas
983 4579 1048 4621 cum
1071 4564 1250 4636 argumentis
1274 4565 1345 4621 meis
1368 4563 1524 4625 conseres?

502 4652 645 4729 depectus
668 4655 696 4709 in
721 4646 803 4711 coelo
826 4668 884 4709 nou
907 4658 960 4723 cst,
985 4651 1013 4707 in
1037 4648 1306 4723 renascentem
1330 4651 1358 4706 in
1379 4649 1469 4709 Terra
1492 4667 1563 4711 raro
1586 4660 1616 4710 et
1638 4653 1763 4711 circum·

413 4739 478 4799 imo
493 4744 569 4801 taiire
592 4742 724 4817 sequitur
745 4746 899 4814 aspectam
920 4740 1092 4812 commotio,
1121 4746 1258 4813 aspectus
1282 4754 1351 4811 ergo
1374 4753 1466 4798 causa
1492 4745 1538 4799 est
1559 4740 1762 4799 commotionis

414 4834 628 4907 tempestatum.
673 4824 818 4902 Rursum,
849 4842 908 4887 non
937 4827 1031 4884 omnis
1061 4824 1188 4901 angulus
1210 4825 1407 4885 coincidentes
1433 4825 1525 4888 habet
1554 4833 1650 4886 motrrs
1673 4826 1760 4902 adria,
