3840 5854
390 492 431 551 36
765 484 910 554 Epistulae
927 483 1038 554 Keplcri
1054 485 1222 555 aliorumque
1239 494 1349 543 mutuae
1402 512 1408 519 ·

390 669 617 744 comparaveris:
647 673 759 725 sextam
788 665 888 724 duram
919 673 948 725 et
977 672 1090 724 sextam
1111 663 1237 724 mollem.
1282 665 1444 742 conjuncta
1465 663 1552 728 diesis
1582 674 1613 728 et
1641 669 1730 727 semi-

391 757 509 829 tonium,
536 753 575 839 33-
599 763 628 813 et
649 751 704 837 33,
728 751 851 812 efficient
878 750 931 835 30,
961 760 1061 811 tonum
1083 754 1230 814 minorem
1276 751 1334 813 Sed
1362 756 1436 815 iuter
1464 763 1564 814 tonum
1590 757 1731 815 minorem

391 851 420 901 et
442 843 594 917 majorem,
618 838 660 923 ἦ
682 849 712 898 et
735 837 769 922 3,
792 841 911 899 interest
931 835 992 922 33,
1024 837 1102 914 qnod
1133 856 1274 899 comma
1300 841 1426 917 appello.
1472 843 1611 902 llblatum
1640 846 1729 902 semi-

391 931 501 989 tonium
515 927 558 1013 33
580 933 681 987 atono
697 928 806 1003 majore
824 924 840 1010 3
858 927 995 1002 relinquit
1017 927 1107 986 diesin
1123 934 1151 986 et
1168 943 1290 1001 comma,
1314 946 1389 1004 quae
1400 935 1501 999 iuncta
1514 937 1582 990 sunt
1598 929 1731 989 lemma

390 1034 443 1076 seu
465 1015 586 1091 major
608 1013 741 1073 diesis.
788 1013 1009 1074 Constituantur
1038 1015 1125 1091 igitur
1155 1014 1310 1075 intervalla
1331 1015 1404 1077 haec
1432 1017 1729 1094 praetarharmonica:

392 1112 477 1163 tonus
499 1103 605 1179 major,
629 1104 746 1174 minor,
760 1104 962 1175 semitonium,
985 1102 1106 1175 lemma,
1129 1099 1232 1176 diesis,
1258 1118 1379 1187 comma.
1425 1105 1468 1164 Ex
1491 1105 1535 1164 bis
1558 1098 1661 1164 natura
1683 1122 1731 1163 rc·

391 1191 494 1268 pndiat
516 1189 617 1249 ultima
639 1188 698 1248 dno
720 1191 794 1248 inter
816 1190 986 1263 canendum,
1010 1194 1052 1249 sic
1072 1196 1106 1247 nt
1126 1205 1185 1248 non
1208 1207 1334 1253 erremus
1356 1208 1408 1268 per
1428 1191 1501 1252 baec
1519 1192 1672 1252 intervalla
1695 1209 1731 1250 ex

393 1295 451 1338 una
473 1292 545 1337 voce
567 1280 597 1335 in
619 1275 708 1361 aliam
730 1277 902 1337 immediate.
947 1276 1021 1336 Sunt
1043 1278 1119 1338 enim
1142 1275 1319 1337 differentiae
1343 1295 1401 1338 non
1423 1278 1651 1353 harmoniarum,
1680 1277 1732 1338 sed

392 1366 624 1442 imperfectorum
646 1364 864 1424 intervallorum
885 1366 1036 1423 minorum.
1079 1363 1126 1422 Ita
1147 1362 1188 1437 fit,
1212 1372 1243 1423 ui
1265 1368 1345 1440 prius
1368 1368 1542 1427 constitutae
1562 1365 1731 1425 hermoniae

393 1451 616 1519 subdividantur
637 1454 667 1509 in
689 1451 762 1510 hacc
780 1451 842 1527 jam
865 1453 1022 1512 constituta
1044 1449 1207 1512 intervalla.
1252 1451 1326 1511 Nam
1349 1456 1434 1512 tertia
1456 1454 1552 1513 mollis
1575 1450 1628 1539 (3)
1652 1470 1732 1512 com-

392 1543 508 1617 ponitur
531 1557 566 1599 ex
588 1548 658 1598 tono
679 1538 790 1614 majore
811 1536 854 1623 (3)
877 1528 906 1599 et
928 1540 1080 1599 semitonio
1103 1534 1187 1624 (ΙΙ-ἂμ
1217 1540 1304 1599 tertia
1326 1539 1398 1599 dura
1419 1537 1462 1628 (ξ)
1485 1559 1520 1601 ex
1543 1544 1652 1601 minore
1667 1537 1731 1624 (30)

394 1635 424 1687 ct
445 1627 555 1703 majore
577 1624 629 1711 (3)
673 1625 750 1712 Hinc
778 1625 962 1686 illisnomen
986 1632 1158 1704 deorumn,
1190 1625 1295 1685 latine:
1324 1629 1426 1704 tertia3
1457 1628 1514 1689 duo
1538 1630 1613 1689 anim
1641 1631 1731 1687 inter-

394 1715 474 1775 valla
505 1722 562 1773 tres
595 1715 743 1789 requirunt
772 1716 918 1774 terminos.
963 1712 1012 1773 Sic
1042 1721 1146 1789 quarta
1175 1712 1221 1771 vel
1244 1718 1292 1773 dra
1312 1735 1461 1793 cannaque
1487 1718 1669 1793 componitur
1696 1732 1732 1775 ex

394 1813 464 1862 tono
486 1802 605 1877 majore,
627 1804 738 1861 minore
759 1809 790 1860 et
811 1803 978 1875 semitonio,
1001 1800 1162 1877 multiplica
1185 1801 1261 1858 enirn
1284 1800 1341 1884 1⁹„
1364 1800 1386 1884 3
1408 1811 1437 1863 et
1458 1803 1502 1892 ἢ
1523 1805 1553 1861 in
1574 1819 1605 1863 se
1619 1810 1731 1878 mutuo,

394 1889 491 1966 prodit
513 1888 550 1973 33
573 1897 661 1964 atque
683 1888 721 1948 ab
743 1888 788 1948 bis
811 1891 829 1948 3
853 1886 1013 1948 intervallis
1044 1887 1116 1947 baec
1138 1887 1343 1947 concordantia
1373 1890 1477 1950 dicitur
1507 1899 1554 1952 dm
1575 1912 1732 1968 campora,

395 1986 520 2053 quatuor
542 1977 618 2036 enim
640 1978 719 2047 scula
748 1977 846 2035 ordine
877 1978 931 2035 tria
952 1974 1107 2034 intervalla
1135 1977 1356 2034 constituuntur.
1401 1977 1450 2037 Sic
1477 1985 1525 2039 δια
1546 1999 1630 2039 uena
1660 1993 1732 2037 con·

394 2074 454 2124 stat
476 2066 494 2122 2
517 2066 593 2123 tonis
616 2063 782 2140 majoribus,
805 2080 864 2122 uno
886 2064 988 2122 minori
1011 2071 1041 2122 et
1054 2064 1217 2135 semitonio,
1241 2070 1397 2138 quaesunt
1420 2062 1617 2138 dintervalla,
1643 2066 1733 2124 bvo-

396 2169 452 2212 ccs.
498 2151 547 2212 Sic
568 2147 600 2213 δι’
626 2148 657 2223 ἐξ
679 2150 726 2210 vel
749 2158 840 2222 sexta,
865 2152 883 2208 5
907 2149 1076 2222 intervallis,
1102 2151 1120 2208 6
1145 2151 1283 2223 vocibus,
1309 2159 1338 2210 et
1353 2150 1478 2227 deniqne
1501 2160 1548 2214 δια
1563 2173 1664 2213 naono
1685 2150 1733 2212 vel
1839 2178 1846 2194 ·

397 2245 517 2312 octava,
543 2241 559 2295 i
582 2236 760 2311 intervallis,
785 2240 803 2297 8
826 2239 948 2297 vocibus
970 2244 1091 2296 constat.
1177 2281 1181 2289 .

481 2325 647 2385 Notandum
668 2334 775 2398 antcm,
797 2343 817 2403 a
838 2334 921 2384 sexta
942 2328 972 2382 in
995 2334 1130 2384 octavam
1153 2340 1304 2399 superasse
1326 2326 1459 2401 tertiam3
1482 2334 1510 2386 st
1527 2330 1597 2402 qula
1620 2325 1734 2401 reliqua

397 2413 552 2473 intervalla
573 2430 624 2489 per
645 2415 889 2489 comparationem
912 2413 1124 2472 harmoniarum
1147 2410 1378 2486 subdividuntur,
1401 2413 1439 2472 ad
1460 2431 1559 2474 eorum
1582 2416 1669 2490 igitur
1691 2414 1733 2470 si·

397 2500 588 2560 militudinem
616 2506 645 2558 ct
675 2500 731 2558 boc
760 2499 943 2560 intervallum
970 2499 1140 2558 naturaliter
1167 2496 1370 2558 subdividitur.
1415 2499 1481 2575 Quo
1510 2502 1587 2561 iacto
1616 2515 1733 2559 neumae

398 2596 451 2661 est,
475 2587 548 2646 duos
570 2596 654 2646 tonos
677 2588 803 2662 majores
824 2587 990 2646 immediate
1011 2603 1044 2645 se
1065 2593 1166 2645 mutuo
1190 2588 1336 2661 consequi,
1359 2588 1397 2647 ab
1414 2586 1521 2664 Finq
1542 2596 1572 2648 et
1586 2605 1638 2663 aq
1659 2590 1688 2644 iu
1703 2604 1732 2646 a.

397 2675 501 2750 ltaque
523 2673 743 2733 concordantiae
772 2693 790 2733 a
817 2673 940 2751 singulis
968 2672 1067 2733 ordine
1090 2672 1210 2733 vocibus
1239 2675 1369 2750 inceptae
1395 2690 1454 2734 non
1476 2683 1593 2736 manent
1617 2675 1734 2750 penitus

398 2762 545 2838 aequales,
568 2761 620 2822 sed
642 2760 777 2820 differunt
799 2778 856 2821 uno
879 2766 1029 2821 commate.
1066 2761 1164 2838 Atque
1185 2759 1258 2819 baec
1279 2761 1457 2837 imperiectio
1475 2761 1659 2845 postmodum
1683 2760 1733 2820 dat
1906 2806 1913 2842 3

398 2852 581 2910 occasionem
603 2849 780 2908 differentiae
801 2856 942 2921 tonorum,
966 2864 1087 2926 quornm
1110 2846 1160 2907 alii
1182 2846 1261 2922 laeti,
1285 2847 1335 2906 alii
1357 2850 1479 2926 queruli.

482 2937 574 2995 Pars
597 2940 725 2996 tertia.
769 2940 818 2995 De
840 2938 1036 2996 &munim
1056 2941 1223 2995 tonorum.
1268 2934 1340 2995 Tres
1370 2946 1438 2996 sunt
1463 2955 1569 2998 causae
1591 2935 1733 2997 discrimi-

398 3032 502 3086 nantes
525 3031 618 3083 tonos.
662 3023 767 3097 Prima,
791 3040 856 3082 cnm
879 3031 984 3083 octava
1005 3030 1118 3082 constet
1139 3039 1175 3081 ex
1197 3023 1298 3097 quinta
1320 3033 1349 3083 at
1372 3032 1490 3100 quarta,
1521 3028 1550 3083 in
1573 3022 1632 3083 alio
1663 3030 1732 3083 tono

399 3116 500 3189 quinta
523 3117 567 3172 est
588 3112 720 3170 inferiore
742 3110 816 3185 loco,
840 3109 898 3171 alio
920 3120 1033 3187 quarta.
1071 3108 1158 3186 Quod
1178 3111 1221 3168 slc
1235 3109 1467 3187 intelligendum:
1490 3121 1592 3171 cantus
1613 3126 1665 3187 per
1686 3112 1734 3169 in·
1812 3093 1834 3143 ’ἕ

398 3199 522 3258 tervalla
543 3198 705 3258 aemulatur
731 3198 960 3258 concordantias.
1004 3197 1079 3257 Nam
1106 3214 1165 3257 nna
1188 3212 1245 3256 vox
1266 3214 1325 3256 non
1351 3207 1449 3275 potest
1478 3201 1590 3259 causmi
1613 3214 1734 3258 concor·
1826 3248 1833 3265 ,
1862 3272 1866 3279 1

399 3287 543 3359 dentiam,
565 3293 680 3362 oportet
705 3284 778 3345 duas
809 3301 984 3345 concurrere.
1028 3283 1115 3360 Quod
1145 3285 1232 3361 igitur
1254 3301 1328 3344 unns
1342 3284 1437 3346 bomo
1465 3280 1567 3347 eodem
1589 3293 1735 3345 momento

398 3389 456 3433 non
478 3380 588 3449 potest,
619 3375 757 3449 temporis
779 3379 873 3431 tractu
894 3373 992 3431 studet
1014 3374 1186 3448 exprimere,
1210 3370 1343 3432 saltando
1365 3375 1404 3433 ab
1421 3391 1480 3457 nna
1494 3391 1567 3434 voca
1589 3390 1641 3449 per
1663 3389 1735 3432 con·

399 3468 483 3520 sueta
506 3459 660 3520 intervalla
681 3459 718 3519 ad
742 3474 846 3520 vocem
868 3459 1097 3534 concordantem,
1121 3463 1209 3534 inque
1231 3475 1267 3519 ea
1288 3461 1403 3521 oberrat
1420 3456 1587 3521 notabiliter
1600 3461 1735 3537 saepius·

400 3565 458 3624 que
479 3549 517 3608 ab
540 3565 576 3607 ca
605 3564 657 3606 ccn
684 3563 775 3623 scopo
802 3556 879 3607 tacto
906 3547 980 3607 redit
1008 3548 1165 3625 inpriore.
1210 3546 1295 3606 Alius
1316 3549 1405 3624 igitur
1430 3556 1516 3609 tonus
1538 3556 1583 3608 est
1608 3564 1674 3606 curn
1697 3545 1734 3606 ad

399 3644 541 3710 quartam,
564 3633 639 3693 alins
661 3650 727 3693 cum
749 3633 787 3692 ad
809 3637 939 3710 quintam
962 3632 1139 3694 collimatnr:
1174 3634 1318 3692 Victimoe
1335 3634 1473 3710 paschali
1499 3636 1604 3695 wodor
1625 3638 1734 3715 immo·

400 3724 461 3781 lent
486 3722 659 3795 Christiana
682 3739 781 3797 aquus
802 3723 926 3781 radernit
946 3739 1022 3783 oum.
1066 3721 1124 3781 llic
1146 3722 1248 3798 quinta
1268 3720 1328 3796 vel,
1353 3723 1432 3797 quod
1454 3723 1544 3796 idem,
1577 3721 1653 3782 dnae
1674 3731 1735 3782 ter·

399 3812 458 3870 tiae
476 3818 548 3879 suut
570 3810 702 3869 inferiore
724 3808 798 3882 loco,
821 3809 900 3885 quod
922 3817 1038 3869 notatur
1058 3808 1193 3886 syllabis:
1220 3810 1307 3883 vict,
1339 3809 1438 3885 laud,
1466 3814 1549 3869 imm.
1555 3854 1566 3886 ,
1589 3811 1658 3878 lent,
1682 3827 1734 3883 un,

399 3901 424 3973 i,
447 3915 533 3975 uqa„
554 3897 635 3971 rad„
657 3914 714 3955 em.

486 3985 705 4044 Altera‘causa
732 3991 791 4056 esi,
825 4002 890 4044 curn
918 3982 1008 4043 durus
1038 3989 1140 4043 cantus
1168 3999 1220 4059 pro
1242 3981 1322 4042 molli
1349 3984 1480 4044 sumitur.
1524 3984 1639 4058 Tertia,
1670 4001 1736 4044 cum

400 4089 492 4149 parva
518 4071 670 4132 intervalla
696 4081 764 4129 aaut
792 4072 917 4131 interiori
945 4071 993 4130 vel
1024 4072 1165 4147 superiori
1194 4068 1268 4130 loco.
1318 4069 1429 4145 Quarta
1456 4071 1594 4133 accedere
1623 4079 1734 4148 potest:

401 4177 466 4218 cum
488 4159 525 4219 ad
548 4159 767 4220 concordantias
789 4160 930 4234 perfectas
954 4157 1000 4217 vel
1022 4159 1204 4234 imperfectas
1226 4156 1389 4216 collimatnr
1408 4159 1547 4220 mneudo.
1586 4156 1736 4235 Quidquid

401 4255 499 4306 autem
520 4246 608 4307 bodie
634 4264 670 4306 ex
691 4252 795 4304 natura
823 4246 951 4323 depromi
980 4253 1078 4321 potest
1104 4243 1142 4305 ad
1171 4243 1393 4321 explicationem
1420 4262 1558 4322 generum
1586 4246 1734 4321 diatonici,

401 4337 569 4408 enarmonii,
592 4334 772 4410 chromatici,
801 4335 828 4390 in
852 4351 911 4410 qua
932 4336 1053 4393 materia
1076 4338 1187 4394 veteres
1215 4333 1298 4392 multi
1324 4339 1405 4393 sunt:
1435 4332 1465 4393 id
1486 4343 1558 4411 puto
1589 4352 1625 4394 ex
1647 4350 1736 4393 caum

400 4421 528 4481 munda
549 4420 597 4500 (de
620 4430 706 4480 cautu
729 4418 800 4480 duro
823 4429 851 4481 et
873 4418 965 4499 molli)
987 4422 1134 4497 adunque
1155 4428 1259 4496 quarta
1279 4419 1445 4497 petendum.

486 4509 537 4568 De
552 4516 692 4584 quarta
713 4516 835 4584 parte,
860 4517 892 4567 ut
911 4509 973 4585 jam
994 4510 1182 4584 praemissum
1204 4515 1257 4581 est,
1279 4525 1381 4584 parum
1402 4506 1496 4569 dicere
1510 4524 1646 4586 possnm3
1668 4505 1735 4568 ideo

401 4597 429 4654 in
456 4612 593 4673 praesens
619 4596 691 4655 nibil
714 4595 818 4655 dicam.
863 4595 996 4672 Epistola
1023 4598 1099 4655 enim
1129 4601 1176 4654 sat
1196 4595 1309 4671 prolixa
1338 4603 1390 4656 cst.
1435 4596 1473 4655 D.
1496 4600 1526 4657 t.
1549 4596 1617 4657 Jun.
1643 4597 1735 4657 tuot.

403 4683 476 4743 Vale
499 4682 573 4742 Nob.
598 4693 626 4742 et
649 4683 729 4760 Mag.
752 4683 814 4758 Vir,
838 4699 942 4760 meque
963 4699 1048 4759 porro
1071 4698 1187 4759 quoquc
1209 4682 1440 4744 commendatum
1461 4682 1548 4747 habe.

489 4786 535 4833 His
553 4786 622 4833 addit
639 4786 759 4849 Ksplernv
778 4788 918 4851 sequeutia,
942 4787 1065 4836 nascimur
1083 4792 1165 4836 utrum
1183 4787 1234 4835 aiut
1250 4787 1399 4848 postscripta
1417 4786 1450 4839 ad
1467 4789 1626 4849 praemissam
1643 4788 1735 4850 episto·

401 4858 464 4918 lam,
482 4869 513 4904 an
531 4857 558 4904 iu
575 4870 647 4905 suam
664 4871 735 4906 usum
754 4860 899 4921 conscripta

488 4944 570 5006 Haec
590 4953 660 5005 tunc
680 4945 831 5023 respondi,
854 4946 927 5007 baec
947 4948 1058 5007 briorea
1078 4943 1249 5005 inciderunt.
