3940 5856
377 377 442 437 280
510 330 511 333 ¹
773 372 816 426 De
833 370 955 427 Montes
971 358 1146 425 Plinetarnm
1162 368 1342 425 Harmonieis.

377 549 525 627 nononplo
548 549 702 610 mediocris
725 548 887 610 distantiae
906 547 1034 609 Telluris
1062 546 1183 608 aSole.
1226 547 1325 625 Hujus
1353 549 1543 609 theorematis
1565 568 1635 610 usus
1659 550 1733 611 intra

378 656 444 715 cap·
468 643 498 701 9.
522 640 704 698 necessarius
728 641 782 697 erlt
804 636 843 697 ad
866 637 1143 697 demonstrationem
1167 640 1424 697 eccentrioitatnm.

462 760 558 820 Nono.
603 759 633 819 Si
653 759 716 836 jam
738 760 804 835 ipsa
826 760 981 817 verissima
996 760 1100 833 itincre
1116 755 1219 816 diurna
1234 760 1376 834 cujusque
1397 758 1535 835 planetae
1558 776 1608 835 per
1630 777 1732 819 auram

376 845 543 908 aetheream
566 846 670 908 eadem
698 846 791 906 veluti
820 844 998 924 decempeda
1020 844 1148 904 volueris
1177 848 1280 918 metirI,
1305 845 1528 923 coniungendae
1555 856 1640 906 crunt
1661 865 1732 924 pro-

376 934 525 1010 portiones
547 934 632 1009 dnae,
657 951 716 995 una
739 934 907 992 dinmornm
929 950 1048 992 arcuum
1071 935 1224 992 cocentrioi
1247 950 1380 992 verorum
1405 929 1479 1015 (non
1502 931 1731 1016 apparentium),

375 1020 467 1081 altera
489 1022 710 1083 intervallorum
732 1022 874 1098 cujusque
897 1040 917 1079 a
938 1019 1009 1081 Sole
1031 1019 1229 1094 mediocrium,
1253 1022 1324 1097 quia
1347 1010 1519 1080 eadem'est
1540 1030 1569 1081 et
1589 1022 1731 1099 amplitu-

376 1107 453 1167 dinis
476 1110 606 1183 orbium,
638 1109 696 1169 hoo
724 1116 786 1182 est,
815 1106 1141 1186 multiplicandus
1173 1108 1362 1184 cujusque
1393 1107 1729 1192 planetao‘arous

375 1212 488 1256 verus
515 1197 676 1256 diurnus
710 1199 748 1255 in
775 1197 834 1255 sni
866 1196 976 1256 orbis
1006 1195 1353 1255 semidiametrum:
1384 1212 1444 1272 quo
1472 1196 1551 1255 iacto
1574 1196 1733 1272 prodibunt

377 1286 490 1344 numeri
516 1282 615 1344 idonei
649 1282 687 1343 ad
718 1282 947 1360 exquirendum,
979 1299 1050 1340 num
1083 1281 1136 1340 illa
1168 1284 1273 1342 itinera
1303 1283 1413 1343 saciant
1436 1286 1639 1362 proportiones
1662 1285 1733 1344 har-

375 1387 516 1431 monroas.

463 1473 596 1536 Decimo.
640 1472 682 1535 Ut
704 1491 780 1535 vero·
796 1474 917 1549 habeas,
940 1480 1080 1550 quantam
1104 1472 1258 1549 quodlibet
1279 1473 1382 1533 talium
1405 1473 1573 1534 diurnorum
1595 1478 1732 1536 itinerum

378 1561 469 1622 iaciat
490 1564 707 1639 apparentiam,
742 1562 828 1622 oculo
855 1561 937 1621 velut
964 1563 995 1619 in
1016 1559 1086 1621 Sole
1119 1559 1280 1635 collocato,
1310 1563 1365 1620 etsi
1395 1561 1452 1621 hoc
1475 1563 1552 1622 idem
1574 1581 1611 1623 ex
1633 1572 1732 1623 astro·

375 1650 476 1710 nomia
497 1656 594 1728 potest
615 1648 783 1710 immediate
804 1652 883 1729 pert,
919 1658 1016 1708 tamen
1039 1650 1128 1707 etiam
1151 1651 1194 1708 sic
1215 1649 1343 1726 patebit,
1376 1652 1401 1707 si
1424 1650 1572 1710 addideris
1594 1653 1731 1711 itinerum

375 1739 555 1816 proportioni
577 1738 794 1815 proportionem
817 1754 949 1798 eversam
972 1734 1193 1796 intervallorum
1215 1752 1273 1795 non
1296 1734 1477 1812 mediorum,
1510 1738 1562 1797 sed
1585 1740 1730 1813 verornm,

378 1841 455 1901 qnae
477 1833 547 1884 sunl
569 1826 676 1901 quovis
698 1824 764 1885 loco
787 1826 1029 1895 eccentricorum,
1060 1821 1327 1901 multiplicato
1352 1825 1493 1886 itinere
1514 1827 1731 1903 superioris

376 1915 411 1971 in
435 1912 697 1972 intervallum
720 1912 925 1972 interioris
947 1929 966 1970 a
987 1909 1078 1971 Sole
1101 1918 1134 1971 et
1156 1904 1331 1970 'vicissim
1360 1912 1504 1973 itinere
1535 1913 1731 1974 interioris

376 2002 412 2058 in
435 1999 690 2061 intervallum
713 2001 931 2076 superioris
953 2016 972 2057 a
994 1997 1092 2057 Sole.

462 2101 633 2164 Undecimo,
678 2103 740 2164 Neo
768 2106 865 2163 miuus
898 2105 988 2163 ettam
1017 2118 1053 2160 ex
1089 2100 1166 2161 datIs
1191 2102 1320 2163 mothns
1351 2106 1577 2181 apparentibus,
1611 2105 1729 2182 aphelio

374 2192 463 2251 unios
485 2200 515 2252 et
537 2189 678 2269 periheIio
701 2189 852 2264 alterius„
869 2190 919 2250 vel
941 2188 1071 2248 vicissIm
1092 2188 1259 2261 alternisve,
1281 2192 1484 2268 proportiones
1506 2191 1661 2252 elicIuntnr
1683 2195 1731 2251 in·

299 2308 304 2329 ·
375 2277 564 2339 torvullorum
596 2278 705 2356 aphelii
736 2280 823 2338 unius
852 2276 890 2337 ad
923 2276 1096 2355 perthclium
1130 2276 1270 2352 alterins,
1304 2280 1356 2337 ubi
1377 2286 1475 2339 tamen
1498 2279 1610 2340 medios
1632 2290 1730 2340 motus

375 2372 491 2446 oportet
512 2382 577 2426 esse
599 2367 818 2442 praecognitos,
850 2382 891 2425 sc
914 2366 1130 2443 proportionem
1159 2363 1371 2442 periodicorum
1400 2373 1563 2444 temporum
1587 2385 1730 2442 eversam,

376 2472 412 2513 es
435 2453 543 2529 quibus
556 2452 679 2513 ,elicitur
701 2453 814 2513 orbium
836 2453 994 2531 proportio,
1019 2469 1070 2529 per
1090 2468 1169 2511 num.
1185 2451 1269 2510 VIII.
1285 2454 1490 2528 praemissum:
1514 2462 1584 2514 tunc
1606 2464 1731 2515 sumto

375 2539 503 2601 medio
534 2540 828 2618 proportionali
858 2542 957 2598 inter
989 2548 1136 2598 motum
1170 2538 1396 2599 alterutrum
1419 2549 1672 2620 apparentem
1694 2550 1731 2603 et

376 2645 480 2689 snum
511 2626 690 2702 medinm,
718 2627 763 2687 iit
791 2633 831 2687 nt
860 2626 1123 2697 hoonred'ium
1155 2627 1447 2704 proportionale
1477 2629 1522 2688 ad
1546 2630 1731 2690 semidia-

379 2722 540 2776 metrum
563 2715 682 2789 orbis,
709 2715 771 2791 jam
793 2714 990 2795 patefactam,
1023 2716 1083 2774 sic
1105 2713 1252 2773 medius
1274 2721 1396 2774 motus
1426 2715 1473 2776 ad
1504 2715 1733 2778 distantiam

375 2801 435 2863 vel
458 2800 707 2863 intervallum
730 2804 957 2880 quaesitum
988 2801 1054 2861 Sint
1077 2799 1198 2861 duorum
1222 2800 1404 2879 planetarum
1426 2804 1577 2882 periodica
1599 2813 1732 2885 tempora

376 2893 419 2949 27
443 2897 472 2950 et
496 2891 533 2963 8,
565 2907 634 2967 ergo
656 2890 745 2950 medii
769 2896 865 2950 motus
894 2888 989 2949 diurni
1023 2889 1102 2948 illins
1135 2887 1273 2952 adhunc
1295 2897 1340 2949 est
1362 2889 1431 2964 illa,
1464 2908 1542 2967 quae
1571 2894 1589 2951 8
1617 2892 1655 2952 ad
1680 2896 1731 2968 27,

377 2994 467 3054 quare
490 2985 574 3038 erunt
595 2977 802 3038 semidiametri
833 2978 946 3037 orbium
977 2982 1011 3036 nt
1034 2978 1051 3035 9
1075 2975 1114 3037 ad
1137 2978 1166 3035 4.
1211 2976 1287 3035 Nam
1318 2977 1400 3036 radix
1431 2979 1535 3039 cubica
1567 2982 1606 3037 27
1632 2988 1677 3040 est
1700 2983 1731 3055 3,

375 3063 412 3126 de
438 3064 456 3123 8
480 3071 525 3124 est
547 3067 586 3139 2,
617 3063 721 3125 horum
745 3063 875 3129 radicum
898 3066 917 3124 3
941 3072 970 3127 et
994 3066 1013 3122 2
1037 3062 1181 3140 quadrata
1202 3072 1271 3124 snnt
1295 3066 1313 3124 9
1337 3072 1366 3124 et
1390 3068 1419 3124 4.
1464 3065 1529 3125 Sint
1547 3067 1612 3144 jam
1633 3069 1738 3128 motus

375 3158 567 3230 apparentes,
602 3152 738 3230 aphelius
761 3154 846 3212 unius
870 3154 889 3211 2
912 3160 942 3211 et
972 3151 1130 3229 perihelius
1159 3151 1280 3211 alterius
1304 3147 1398 3235 337.
1443 3152 1544 3213 Media
1565 3158 1732 3234 proportio-

374 3238 456 3300 nalia
472 3242 552 3307 ,inter
573 3247 670 3299 motus
692 3240 804 3301 medios
828 3242 846 3298 8
870 3245 900 3299 et
922 3241 964 3299 27
987 3247 1017 3299 et
1038 3239 1093 3299 hos
1114 3246 1288 3317 apparentes
1311 3248 1396 3300 erunt
1418 3243 1437 3298 4
1458 3248 1488 3302 et
1510 3243 1561 3302 30.
1606 3241 1638 3303 Si
1662 3260 1731 3319 ergo

374 3326 506 3388 medium
527 3330 547 3386 4
571 3325 621 3386 dat
643 3326 819 3389 mediocrem
851 3324 1019 3386 distantiam
1048 3325 1185 3405 planetae
1210 3328 1244 3400 9,
1277 3336 1346 3387 tuno
1374 3326 1487 3388 medius
1518 3336 1615 3390 motus
1639 3330 1657 3390 8
1681 3330 1732 3391 dat

375 3413 526 3492 aphelium
548 3413 735 3475 intervallum
754 3416 803 3489 18,
826 3413 1007 3493 respondens
1029 3415 1181 3492 apparenti
1204 3416 1295 3474 motui
1311 3417 1347 3490 93
1371 3424 1400 3475 et
1415 3417 1441 3475 si
1456 3416 1583 3476 medium
1606 3417 1730 3477 alterum

376 3503 417 3561 30
441 3499 492 3560 dat
515 3501 691 3562 mediocrem
714 3501 883 3563 distantiam
904 3500 1023 3562 alterius
1045 3500 1182 3580 planetae
1197 3504 1226 3575 4,
1249 3509 1319 3562 tuno
1340 3503 1453 3563 medius
1475 3502 1554 3564 illius
1576 3512 1673 3567 motus
1689 3509 1729 3567 27

375 3588 427 3648 dat
449 3588 623 3667 perlhclinm
647 3588 725 3649 illins
747 3590 933 3650 intervallum
957 3586 1026 3673 37⁶·
1071 3589 1146 3648 Dioo
1170 3590 1266 3664 igitur,
1290 3587 1457 3649 distantiam
1480 3591 1629 3669 apheliam
1651 3592 1730 3654 illins

376 3693 442 3737 osse
466 3675 504 3736 ad
526 3675 699 3754 periheIIam
720 3677 818 3755 hujus,
842 3684 875 3736 nt
901 3677 939 3736 18
961 3676 999 3736 ad
1023 3672 1097 3760 3³l,·
1142 3676 1185 3735 Ex
1210 3694 1268 3753 quo
1292 3685 1382 3754 patet,
1407 3678 1485 3754 quod
1508 3680 1636 3741 inventis
1659 3679 1730 3741 har·

376 3764 482 3823 moniis
503 3765 578 3825 inter
599 3770 697 3825 motus
719 3773 864 3826 extremos
892 3764 1025 3824 binorum
1048 3771 1078 3823 et
1107 3763 1261 3841 periodiois
1294 3766 1474 3844 temporibus
1505 3769 1620 3843 utrique
1644 3758 1730 3845 prae-¹

375 3852 508 3928 seriptis,
539 3853 752 3914 necessitantur
780 3851 937 3914 intervalla
969 3859 1099 3913 extrema
1127 3859 1157 3912 et
1186 3848 1357 3927 mediocria,
1391 3871 1482 3930 quare
1512 3856 1602 3915 etiam
1625 3872 1729 3916 eccen-

377 3940 527 4000 trisitates.

462 4041 653 4103 Dnodeolmo.
699 4042 794 4103 Detur
821 4046 919 4120 etlam,
952 4060 988 4106 ex
1018 4045 1106 4103 nnius
1138 4051 1167 4103 et
1190 4042 1324 4121 ejusdem
1351 4044 1491 4122 planetas
1518 4046 1648 4105 motibus
1676 4063 1729 4106 ex·

374 4131 473 4190 tremis
489 4128 612 4191 diversis
628 4132 758 4193 invenire
779 4139 913 4192 motum
936 4130 1099 4193 medinm.
1122 4130 1182 4191 Hie
1196 4134 1273 4192 enlm
1288 4150 1345 4191 non
1370 4134 1499 4211 praecise
1521 4143 1567 4194 est
1587 4133 1728 4194 arithme-

253 4252 261 4268 ·
376 4219 467 4277 ticum
489 4217 617 4278 medinm
639 4221 715 4279 inter
735 4227 833 4280 motus
856 4227 1016 4291 extremos,
1044 4235 1100 4278 nec
1121 4222 1252 4295 praecise
1275 4221 1403 4280 medium
1425 4224 1651 4297 geometricum,
1675 4220 1729 4283 sod
1821 4242 1830 4253 ³

374 4311 457 4367 tento
479 4307 573 4366 minor
594 4309 772 4383 geometrico
795 4307 907 4381 medlo,
940 4313 1050 4383 quanto
1073 4305 1202 4366 medInm
1224 4311 1431 4384 geometricum
1453 4310 1549 4369 minus
1572 4315 1617 4368 est
1639 4327 1729 4385 qnam

374 4392 502 4452 medium
534 4394 611 4453 inter
640 4401 804 4469 utrumque.
850 4396 915 4453 tlint
944 4393 1002 4453 dno
1032 4400 1130 4452 motus
1158 4397 1277 4455 extremi
1301 4396 1373 4479 tier
1397 4398 1455 4469 10,
1487 4397 1600 4455 medius
1629 4404 1728 4457 motus
1765 4445 1771 4453 .

375 4483 430 4541 erit
451 4481 545 4539 minor
568 4498 656 4557 qnam
680 4484 716 4556 9,
740 4483 834 4542 minor
854 4483 942 4541 etism
966 4498 1055 4557 qnam
1077 4479 1160 4539 radix
1184 4483 1219 4541 de
1244 4483 1302 4560 80,
1325 4481 1445 4542 dImidlo
1469 4485 1548 4560 ejus,
1579 4483 1659 4559 quod
1682 4492 1728 4544 ost

374 4568 450 4628 inter
478 4575 649 4645 utrumque,
682 4571 700 4629 9
734 4577 764 4629 et
796 4569 858 4629 rad.
889 4568 926 4629 de
950 4570 1000 4628 80.
1046 4568 1093 4627 Ita
1123 4571 1148 4627 si
1178 4572 1217 4629 sit
1243 4568 1378 4645 aphelius
1402 4572 1461 4642 20,
1491 4570 1650 4648 porihclius
1674 4574 1725 4645 24,

373 4662 471 4715 motus
493 4655 607 4716 medius
630 4657 684 4717 erit
706 4658 799 4716 minor
821 4674 908 4734 qnam
933 4658 989 4731 22,
1022 4657 1117 4716 minor
1140 4659 1229 4716 ettam
1252 4673 1341 4733 quam
1363 4658 1446 4718 radix
1469 4659 1505 4718 de
1529 4661 1607 4733 480,
1639 4659 1727 4717 dimi-

375 4740 526 4819 diucius,
560 4741 639 4819 qnod
668 4753 713 4806 est
742 4745 817 4806 inter
844 4743 921 4809 hanc
950 4742 1079 4807 radicem
1109 4750 1139 4805 et
1160 4747 1211 4806 22.
1256 4742 1355 4825 Hujus
1377 4745 1566 4811 theorematis
1589 4764 1659 4808 usus
1681 4754 1727 4812 ost
1795 4745 1802 4769 ⁸

374 4832 570 4916 insequenti,
1638 4840 1642 4853 “
