3792 5860
393 427 434 486 34
832 419 874 475 De
891 419 1053 488 Figuratum
1070 417 1291 476 Harmonicarum

394 599 467 669 mihi
487 597 654 659 ledendum
676 613 749 671 esse,
773 604 807 657 ut
828 598 912 659 initio
935 615 972 658 ex
992 597 1068 659 libro
1091 598 1203 660 decimo
1226 596 1356 659 Euclidis
1379 598 1572 659 exscriberem
1593 613 1639 670 ea,
1662 611 1740 672 quae

395 686 433 747 ad
456 704 595 766 praesens
617 686 782 745 institutum
804 703 900 746 meum
916 689 1084 763 praecipue
1114 688 1257 762 facerent,
1286 688 1389 748 seriem
1417 688 1505 747 etiam
1532 701 1629 745 rerum
1659 682 1740 741 illius

396 773 474 850 libri,
497 776 583 835 certis
607 771 782 850 quibusdam
804 773 963 849 interjectis
985 773 1188 851 divisionibus,
1211 776 1241 833 in
1261 774 1356 834 lucem
1378 775 1542 851 proferrem,
1567 788 1672 832 causas
1694 773 1742 827 in-

399 860 542 937 dicarem,
575 878 625 922 cur
655 857 798 936 quaedam
830 861 1007 921 divisionum
1035 863 1166 922 membra
1187 862 1224 922 ab
1246 861 1369 923 Euclide
1391 863 1498 921 fuerint
1520 861 1641 919 omissa:
1672 865 1743 916 tnnc

396 949 513 1010 demum
541 948 577 1009 de
599 948 699 1025 liguris
722 949 794 1026 ipsis
815 947 962 1026 agendum
984 950 1047 1012 fuit
1091 947 1150 1009 Ubi
1172 966 1247 1026 quae
1270 950 1386 1011 fuerunt
1413 951 1451 1009 ab
1474 947 1594 1008 Euclide
1618 948 1742 1006 demon·

396 1044 488 1097 strata
511 1035 678 1109 clarissime,
701 1036 788 1096 iniis
811 1036 936 1115 simplici
951 1039 1183 1114 propositionum
1198 1036 1375 1114 allegatione
1387 1044 1539 1097 contentus
1561 1037 1616 1095 fui:
1638 1033 1742 1106 multa,

397 1142 473 1202 qnae
495 1123 622 1184 suntab
645 1122 767 1183 Euclide
790 1122 1060 1185 demonstratoris
1087 1124 1162 1199 alis,
1190 1134 1308 1202 propter
1334 1125 1421 1184 linem
1450 1124 1522 1184 mibi
1552 1123 1743 1201 propositum,

398 1211 509 1273 scilicet
529 1218 647 1289 propter
668 1213 915 1288 comparationem
936 1211 1095 1289 figurarum
1117 1212 1264 1272 scibilium
1286 1219 1316 1272 et
1337 1211 1530 1291 inscibilium,
1558 1211 1605 1270 hic
1627 1211 1744 1269 fuerunt

398 1296 562 1375 repetenda,
587 1298 635 1358 vel
657 1297 802 1374 disjuncta
824 1299 1037 1377 conjungenda,
1060 1300 1110 1360 vel
1133 1298 1204 1359 ordo
1226 1299 1392 1362 mutandus.
1429 1300 1648 1371 Definitionum,
1672 1313 1744 1373 pro·

399 1389 586 1465 positionum,
607 1383 820 1446 theorematum
843 1388 948 1448 seriem
971 1389 1108 1448 continuo
1130 1404 1330 1448 numerosum
1348 1386 1527 1466 complexus,
1549 1395 1582 1445 ut
1601 1387 1631 1444 in
1646 1384 1744 1461 Diop-

398 1475 478 1535 tricis
499 1474 564 1546 feci,
586 1480 704 1550 propter
716 1473 924 1551 allegationum
947 1474 1198 1551 commoditatem3
1220 1477 1251 1533 in
1275 1477 1346 1553 ipsis
1370 1477 1458 1535 etiam
1480 1475 1667 1536 lemmatibus
1684 1488 1744 1530 non

399 1568 550 1621 accuratus
572 1560 615 1618 fni
636 1577 690 1620 nec
710 1564 832 1621 nimium
855 1561 897 1623 de
913 1562 1068 1623 vocabulis
1083 1563 1242 1639 sollicitus,
1265 1565 1360 1641 magis
1383 1565 1413 1621 in
1434 1580 1481 1624 res
1503 1566 1583 1641 ipsas
1606 1564 1744 1634 intentus,

402 1651 509 1725 qnippe
532 1649 583 1723 qui
605 1665 664 1717 non
682 1649 746 1725 jam
767 1651 797 1708 in
818 1650 1005 1727 philosophia
1025 1659 1219 1728 geometram,
1247 1650 1300 1711 sed
1329 1652 1361 1709 in
1382 1651 1439 1711 hac
1460 1652 1637 1727 geometriae
1660 1654 1745 1725 parte

403 1735 612 1812 philosophum
640 1753 735 1813 agam
779 1737 878 1814 Atque
908 1740 1019 1798 utinam
1035 1737 1084 1805 ¹de
1110 1738 1198 1799 rebus
1226 1740 1411 1814 geometricis
1443 1738 1539 1798 adbuc
1565 1737 1745 1816 popularius,

404 1822 560 1883 dnmmodo
583 1831 613 1883 et
634 1822 739 1884 clarius
768 1832 797 1884 et
824 1824 1002 1903 palpabilius
1024 1823 1166 1887 disserere
1187 1828 1358 1905 potuissem.
1403 1825 1462 1886 Sed
1489 1842 1589 1904 spero,
1619 1824 1745 1883 lectores

402 1927 513 1987 aequos
535 1913 564 1968 in
586 1918 709 1986 utraque
731 1928 771 1987 re,
795 1920 824 1972 et
846 1912 926 1990 quod
948 1915 1125 1990 geometrica
1139 1914 1318 1994 populariter
1338 1911 1431 1987 uado,
1455 1921 1485 1972 et
1505 1912 1583 1990 qnod
1607 1912 1747 1971 materiae

406 1998 613 2059 obscuritatem
634 1997 777 2059 industria
790 2002 905 2060 vincere
921 2017 979 2061 non
993 2003 1086 2078 potui,
1109 2019 1205 2062 meam
1227 2019 1359 2079 operam,
1370 2003 1439 2061 boni
1455 2000 1648 2060 consulturos.
1672 1996 1748 2081 Qui-

404 2086 460 2145 bus
484 2087 573 2146 etiam
593 2085 650 2146 boc
672 2086 710 2146 ad
733 2094 892 2148 extremum
915 2087 952 2148 do
976 2088 1099 2162 consilii,
1121 2095 1155 2148 ut
1176 2091 1201 2149 si
1222 2089 1491 2150 matbematicorum
1514 2105 1608 2148 rerum
1630 2087 1748 2164 penitus

407 2174 533 2249 imperiti
554 2174 669 2248 fuerint,
698 2177 874 2235 transmissis
899 2177 1132 2236 enarrationibus
1154 2179 1227 2237 meis
1258 2177 1336 2238 solas
1359 2177 1459 2254 legant
1488 2177 1702 2253 propositiones
1730 2190 1749 2231 a

290 2286 296 2298 ·
406 2258 515 2321 XXX.
540 2277 635 2337 nsque
657 2260 812 2337 adfinem,
837 2271 867 2322 et
886 2263 944 2323 fide
965 2265 1214 2342 propositionibus
1236 2266 1309 2343 ipsis
1329 2264 1461 2325 adbibita
1481 2266 1544 2324 sine
1567 2260 1751 2324 demonstra·

405 2349 494 2420 tione,
517 2355 640 2425 pergant
662 2348 700 2407 ad
721 2347 812 2409 libros
835 2358 961 2424 ceteros,
991 2354 1162 2430 pracsertim
1185 2351 1222 2411 ad
1244 2353 1395 2427 ultimum3
1423 2369 1460 2412 ne
1482 2349 1654 2411 difficultate
1675 2365 1751 2426 geo·

405 2435 590 2495 metricorum
619 2439 904 2518 argumentationum
932 2440 1079 2499 absterriti
1110 2440 1206 2499 fructu
1233 2456 1298 2500 sese
1325 2444 1440 2519 privent
1469 2440 1655 2499 harmonicae
1678 2452 1750 2496 con·

405 2520 606 2600 templationis
625 2523 850 2599 jucundissimo.
894 2526 979 2587 Nunc
999 2525 1038 2588 ad
1060 2545 1121 2588 rem
1142 2526 1315 2588 accedamus
1338 2545 1403 2589 cum
1426 2527 1501 2589 Deo.

971 2850 1177 2862 nn*—

521 3109 670 3270 miie
696 3100 899 3200 Figurarum
925 3108 1150 3200 Regulurium
1181 3116 1543 3194 demonstrationibus.

833 3314 859 3376 L
885 3314 1087 3375 Definitio.
1139 3318 1233 3379 Plana
1260 3321 1354 3399 figura
1385 3323 1525 3402 regularis
1552 3322 1605 3382 illa
1637 3319 1751 3394 dicitnr,

749 3417 825 3477 quae
852 3404 950 3462 omnia
975 3406 1068 3464 latera
1098 3412 1128 3466 et
1155 3425 1254 3469 omnes
1285 3411 1423 3489 angulos,
1457 3419 1619 3472 extrorsum
1642 3425 1752 3483 versos,

319 3524 324 3537 ,
748 3487 886 3564 aequales
907 3490 1006 3551 babet

833 3571 870 3627 Ut
886 3572 931 3628 hic
950 3573 1061 3640 QPRO
1089 3574 1176 3632 lutera
1192 3578 1251 3647 QP,
1269 3580 1330 3646 PR,
1349 3580 1408 3651 ΒΟ,
1435 3580 1482 3650 OQ
1501 3587 1564 3637 sunt
1582 3578 1707 3649 aequalia
1725 3584 1769 3633 et‘

746 3648 839 3719 anguli
857 3649 941 3722 QPR,
959 3651 1046 3721 PRO,
1065 3653 1154 3724 ROQ,
1173 3657 1218 3724 OQ
1196 3657 1397 3729 QPaequales

831 3725 870 3785 IL
892 3726 1090 3788 Definitio.
1134 3731 1242 3792 Earum
1264 3736 1409 3811 quasdam
1430 3742 1499 3797 sunt
1519 3737 1631 3813 primae
1652 3741 1682 3795 et
1701 3749 1754 3793 rs·

665 3778 870 3890 R(ficales,
901 3831 978 3892 quse
1008 3833 1077 3876 suos
1099 3818 1181 3894 ipsae
1203 3826 1340 3883 terminos
1367 3840 1427 3884 non
1457 3822 1614 3897 excedunt,
1646 3822 1754 3897 quibus

408 3900 522 3975 proprie
545 3900 682 3958 corivenit
705 3904 801 3979 posita
823 3902 968 3963 definitio:
991 3903 1137 3979 quaedam
1157 3916 1226 3968 sunt
1248 3919 1361 3986 anctae,
1385 3928 1462 3988 qnae
1477 3928 1531 3971 sua
1551 3911 1645 3971 ueluti
1660 3910 1755 3969 latera

407 3981 559 4058 excedunt,
591 3987 766 4049 continuatis
788 3990 913 4066 alianus
940 3989 1077 4052 radiemis
1105 3992 1244 4057 lateribus
1266 4016 1324 4058 non
1339 4000 1485 4077 contiguis
1506 3998 1546 4058 ad
1563 4014 1754 4059 concursum·

407 4058 540 4133 dicuntur
561 4071 673 4134 stellae.

907 4178 957 4229 nia.
971 4177 1007 4225 i..
1219 4169 1441 4225 UthicABGDE
1454 4175 1497 4224 est
1516 4169 1755 4241 perfectumquin-

822 4266 966 4512 Ιχ
1131 4248 1297 4336 qusngulum
1315 4255 1410 4320 estque
1424 4249 1512 4319 figura
1522 4251 1616 4323 prima,
1633 4268 1689 4308 non
1707 4253 1755 4309 de-

1130 4324 1253 4383 siccans
1270 4328 1351 4384 abam
1367 4329 1529 4399 perlectam,
1557 4347 1593 4387 ex
1616 4349 1670 4401 qua
1687 4349 1754 4417 oon·

437 4199 947 4896 ΘΑ
899 4473 904 4498 ÷
976 4453 1003 4504 a
1085 4404 1757 4562 ιιιιιιιιιιιιιιιιψι

1133 4560 1221 4631 figura
1237 4572 1331 4631 ancta
1356 4567 1519 4624 oontmuatis
1537 4569 1666 4627 lateribus
1684 4571 1756 4627 binis

410 4642 418 4665 ι
1135 4655 1190 4696 non
1212 4647 1363 4718 contiguis,
1389 4647 1463 4702 verbi
1485 4663 1567 4705 cansa
1583 4650 1631 4706 AB
1656 4656 1684 4706 et
1708 4650 1757 4705 Dc

814 4516 1082 4874 ἕλν
1135 4722 1171 4777 ad
1188 4740 1348 4781 concursum
1365 4727 1388 4784 1.

486 4832 511 4882 lt
