3792 5860
410 442 470 503 110
557 450 567 463 ⁴
843 436 885 492 Dc
901 436 1060 505 rigorum
1079 435 1300 492 Harmonicarunt

406 612 475 682 agit,
494 612 646 682 quicunque
661 610 707 667 hic
723 609 861 678 annititur,
880 615 908 665 ιι
925 610 1078 680 oppositum
1095 610 1124 664 in
1142 610 1249 679 adiecto
1268 609 1375 676 statuit,
1397 609 1533 666 confusus.
1569 608 1613 665 Ex
1631 624 1748 665 commu·

405 690 486 744 nibus
511 690 581 744 enim
602 689 670 745 nihil
693 690 790 759 cuique
812 688 950 759 proprium
972 687 1158 743 concludetur.
1194 688 1241 743 Sin
1264 694 1354 744 autem
1378 687 1411 743 de
1435 687 1593 744 differentiis
1615 687 1748 757 specificis

406 765 549 838 linearum,
569 783 639 839 quae
656 768 805 824 dividendis
823 770 939 824 arcubus
957 766 1166 836 subtenduntur,
1185 780 1335 821 sermonem
1352 766 1531 836 instituimus,
1553 765 1610 834 jam
1627 773 1747 821 ιιιιιιιι

406 852 493 901 status
519 847 684 918 quaestionis
711 853 738 902 et
762 863 812 917 pro
839 846 958 903 secdoue
978 860 1062 911 ‚arcus
1084 844 1225 899 omnifaria
1246 844 1419 900 substituitur
1444 845 1528 901 sectio
1551 844 1637 900 totius
1655 841 1748 899 ιιιιιιι

408 923 458 977 der
474 923 587 995 liguram
604 925 771 996 regularem,
789 942 860 997 qnae
876 925 1030 995 propositae
1048 924 1193 980 subtansae
1210 937 1286 978 suam
1305 922 1456 993 specificam
1476 923 1668 993 proprietatem
1685 939 1748 979 con·

407 999 493 1072 rilint,
517 1002 551 1058 de
569 1003 666 1073 quibus
683 1004 777 1073 figuris
795 1003 963 1072 regularibus
980 1004 1031 1058 no‘s
1045 1001 1102 1070 jam
1121 1019 1203 1072 supra
1221 1002 1323 1071 egimus
1348 1009 1376 1058 et
1392 1002 1420 1057 in
1438 1003 1613 1073 sequentibus
1632 1002 1748 1072 amplius

406 1095 529 1149 agemus:
548 1081 648 1151 quippe
666 1083 714 1151 qui
731 1083 782 1138 hac
800 1083 860 1151 ipsa
877 1082 905 1136 in
922 1081 1082 1150 quaestione
1099 1080 1216 1136 medium
1233 1081 1436 1152 quaerebamus,
1457 1096 1509 1152 quo
1526 1080 1673 1151 figurarum
1691 1082 1749 1137 illa·

401 1173 465 1233 ,rum
484 1160 586 1232 adquae
604 1162 756 1218 describere
774 1177 922 1231 possemus.
959 1161 1024 1217 Cum
1042 1160 1133 1230 itaque
1149 1160 1204 1215 tale
1222 1160 1339 1221 medium
1363 1165 1460 1216 natura
1477 1160 1575 1215 debeat
1595 1175 1656 1216 esse
1673 1161 1749 1231 prins

405 1253 435 1294 re
453 1239 520 1309 ipsa,
538 1255 588 1310 per
603 1240 656 1296 hoc
673 1240 790 1297 medium
808 1240 958 1309 elicienda,
975 1238 1136 1310 principium
1154 1238 1247 1307 ntique
1265 1243 1427 1308 peteremus,
1446 1238 1469 1294 si
1486 1237 1574 1293 medio
1591 1244 1685 1294 ιιοιιιο
1702 1255 1748 1295 ιι-

405 1316 540 1384 pediendo
555 1319 720 1388 praesidium
738 1337 754 1376 ι
773 1321 868 1389 figuris
882 1319 1049 1389 regularibus
1066 1325 1230 1388 peteremus

492 1398 592 1454 Verum
614 1400 659 1455 hic
676 1401 846 1456 adversarius
861 1400 958 1469 aliquis
983 1399 1112 1468 objecerit
1135 1394 1215 1465 mihi,
1243 1395 1316 1466 quod
1335 1396 1446 1466 Pappus
1463 1394 1661 1451 Alexandrinus
1678 1395 1749 1452 libro

330 1500 336 1509 ι
407 1482 504 1547 quarto
520 1476 773 1535 Mhthematicarum
791 1478 996 1547 collectionum,
1021 1477 1151 1548 proposit
1171 1479 1213 1534 31
1233 1474 1395 1545 tripartitam
1419 1473 1509 1545 anguli
1529 1474 1677 1530 sectionem
1693 1484 1749 1532 tra-

406 1553 453 1610 dat
469 1570 518 1625 per
534 1557 726 1628 hyperbolum,
754 1564 782 1614 et
807 1559 939 1627 proposit
958 1521 1009 1624 arf,
1033 1557 1098 1612 dana
1119 1569 1279 1626 quwunqua
1301 1554 1405 1608 ratione
1431 1546 1560 1622 angulum
1583 1568 1674 1610 secare
1700 1570 1751 1626 per

410 1635 608 1702 quadratricem
626 1645 654 1691 et
670 1636 788 1706 helicen3
808 1645 836 1692 et
854 1636 961 1693 Clarius
979 1636 1148 1692 Geometriae
1165 1633 1303 1689 Practicae
1319 1632 1365 1687 lib
1381 1631 1458 1688 xm
1475 1649 1553 1702 prop.
1569 1632 1614 1689 ιιι
1629 1644 1753 1704 praestat

404 1711 475 1768 idem
493 1728 542 1782 per
559 1715 725 1771 conchoidea
742 1715 903 1772 Nicomedis.
938 1716 1038 1771 Verum
1061 1714 1169 1768 illorum
1192 1717 1331 1765 auctorum
1352 1710 1461 1765 inventa
1477 1709 1580 1765 nullam
1606 1728 1619 1768 s
1649 1712 1749 1771 biliuut

404 1791 610 1856 possibilitatem
628 1794 785 1849 omnifariae
811 1793 938 1850 sectionis
956 1793 1131 1863 geometricae
1149 1787 1319 1846 scientificae.
1348 1788 1386 1843 Ut
1403 1787 1455 1843 hoc
1473 1798 1610 1861 appareat,
1664 1795 1748 1850 'mum

404 1869 492 1938 Pappi
508 1871 721 1928 machinationes
744 1873 816 1928 circa
839 1871 1021 1927 trisecttonem
1043 1868 1198 1941 explicabo,
1218 1868 1324 1936 ¹deinde
1349 1865 1527 1922 differeutiam
1548 1868 1619 1926 inter
1640 1871 1701 1929 illas
1719 1883 1750 1929 et

405 1946 599 2017 descriptiones
618 1949 778 2006 scientificae
795 1951 823 2006 iu
839 1950 901 2005 lnce
918 1949 1022 2005 locabo.

490 2025 608 2081 Primum
630 2028 690 2097 ipse
707 2029 817 2099 Pappns
839 2029 868 2083 in
889 2027 1063 2098 praeambulo
1086 2034 1149 2082 ante
1166 2026 1379 2097 propositionem
1396 2025 1438 2078 31.
1465 2021 1560 2080 dividit
1578 2027 1749 2095 problemata

404 2105 483 2175 (qnae
500 2106 660 2175 generaliori
677 2106 829 2179 significatu
846 2106 971 2162 vocabuli
989 2107 1151 2176 geometrica
1168 2104 1296 2176 appellat,
1315 2119 1376 2159 cunr
1390 2100 1469 2157 nobis
1480 2105 1671 2171 geometricum
1682 2123 1747 2179 spe.

404 2184 497 2239 ιιιιιιι
515 2200 624 2241 sensum
641 2185 749 2256 haheat)
767 2186 795 2240 in
812 2185 901 2255 plana,
920 2185 1006 2240 solida
1025 2193 1051 2241 et
1068 2185 1188 2254 linearia,
1206 2184 1371 2252 fateturque,
1389 2180 1571 2237 trisectionem
1588 2188 1681 2256 anguli
1698 2206 1750 2259 per

403 2262 485 2334 plana
508 2264 588 2333 (quae
612 2264 677 2318 mihi
700 2272 763 2320 sunt
781 2263 892 2334 speciali
915 2278 996 2320 sensu
1019 2265 1189 2334 geometrica,
1218 2262 1366 2320 scientidca
1390 2259 1521 2328 graduum
1543 2264 1750 2334 explicatorum)

404 2342 526 2434 expediri
542 2358 597 2397 non
613 2357 696 2412 posse
722 2358 807 2413 eaque
832 2341 866 2396 de
883 2357 974 2409 causa
997 2344 1121 2412 coarguit
1142 2344 1269 2414 antiquos
1288 2347 1439 2414 geometras
1463 2339 1608 2397 inconsulti
1626 2356 1749 2423 conatus,

405 2421 451 2491 qni
469 2421 513 2476 hic
532 2420 635 2476 frustm
654 2420 854 2477 desudaverint.
889 2420 953 2490 lpse
971 2423 1053 2491 igitur
1069 2424 1253 2478 trisectionem
1266 2438 1345 2478 suam
1364 2419 1475 2490 expedit
1490 2433 1540 2488 per
1552 2420 1646 2495 solida,
1664 2429 1750 2481 omni·

404 2499 500 2556 fariam
516 2512 581 2555 vero
600 2499 747 2555 sectionem
764 2499 915 2571 pertineas
933 2499 1073 2571 figuratas.

491 2578 664 2636 Trisectionis
686 2578 781 2635 modus
806 2585 849 2633 est
870 2578 942 2634 talis.
977 2579 1122 2650 Proposito
1146 2578 1429 2650 angulotrr'secando,
1454 2579 1571 2640 demmsa
1592 2589 1749 2654 expuncto

405 2658 492 2716 cruris
515 2656 596 2715 unius
612 2657 860 2727 perpendiculari
851 2674 880 2712 ιι
897 2674 960 2713 crus
983 2657 1113 2729 alterum,
1141 2674 1211 2727 quaa
1229 2659 1423 2729 longitudinem
1446 2674 1554 2717 crurum
1577 2661 1750 2732 intelligatur

405 2737 596 2807 determinare,
615 2744 643 2793 et
659 2738 684 2791 ei
702 2738 775 2792 cruri
791 2736 877 2806 alteri,
897 2737 1013 2793 breviori
1031 2736 1104 2794 iacto
1121 2738 1368 2809 perpendiculoque
1386 2737 1475 2793 ductis
1487 2741 1633 2810 parallelis,
1654 2740 1694 2796 illi
1712 2757 1750 2796 ex

404 2824 505 2888 puncto
523 2815 624 2908 primo,
643 2815 706 2871 huic
724 2831 758 2870 ιι
775 2816 916 2885 proposito
935 2817 1042 2886 angulo,
1061 2818 1101 2871 sic
1118 2825 1148 2872 ut
1166 2825 1356 2873 concurrentes
1375 2825 1478 2873 rectum
1501 2827 1530 2874 ιι
1547 2820 1622 2889 ipsae
1643 2821 1750 2877 ιιιιιιιι

404 2897 544 2966 angulum:
569 2897 627 2964 jam
644 2911 693 2966 per
710 2902 852 2965 punctum,
881 2895 909 2950 in
931 2896 1003 2966 qnod
1022 2896 1154 2951 demissa.
1159 2897 1404 2966 perpendicularis,
1427 2895 1493 2952 iacit
1518 2900 1633 2954 transire
1651 2916 1748 2971 super·-

403 2976 491 3033 ficiem
510 2973 584 3045 coni,
603 2974 705 3044 figurae
723 2974 840 3044 solidae3
866 2973 964 3029 deinde
981 2975 1020 3030 sic
1039 2974 1201 3046 applicatum
1219 2993 1316 3032 conum
1334 2976 1444 3032 inclinat
1465 2992 1514 3032 sen
1531 2994 1650 3035 annuere
1667 2980 1748 3053 iacit,

347 3051 355 3061 '
404 3054 607 3126 quoadusque-
599 3070 624 3109 rs
640 3069 701 3109 cnm
719 3054 813 3109 eadem
830 3050 880 3110 sua
897 3054 1040 3124 snperdcie
1057 3056 1211 3124 sectionem,
1230 3054 1396 3125 hyperbolen
1415 3058 1555 3132 dicum,
1547 3078 1576 3116 ιι
1593 3059 1675 3130 plano
1699 3058 1749 3113 de·

404 3133 1747 3287 trisitatetttttttttttttttrtttttttttttttttttut

403 3304 503 3361 arcum,
521 3301 656 3348 secantem
673 3291 801 3347 sectionis
819 3291 930 3347 conisae
945 3292 1051 3359 lineam,
1071 3298 1099 3348 et
1116 3308 1239 3347 connexo
1259 3300 1352 3349 centro
1370 3311 1448 3351 arcus
1467 3314 1528 3354 cum
1544 3299 1596 3353 hac
1610 3297 1747 3352 communi

402 3369 529 3439 ιἰιιιοιι,
547 3379 649 3428 rectam
667 3371 693 3426 ei
709 3370 866 3440 parallelam
884 3386 918 3425 ex
936 3370 1036 3438 angulo
1054 3372 1194 3442 proposito
1214 3372 1296 3445 ducit,
1314 3389 1402 3444 eoque
1420 3374 1493 3431 tacto
1506 3376 1680 3444 demonstret,
1699 3373 1748 3429 ab·

403 3456 505 3506 sectam
522 3464 582 3505 esse
600 3452 634 3507 ab
652 3449 751 3520 angulo
769 3459 872 3519 partem
891 3451 1006 3506 tertiam.

490 3527 611 3584 Solidum
638 3529 746 3600 quidem
772 3528 825 3584 hoc
846 3536 927 3598 pacto
950 3528 1089 3598 problema
1115 3528 1181 3586 iacit
1196 3529 1308 3600 Pappus
1333 3545 1385 3586 ιιι
1411 3532 1486 3603 ιοιι,
1513 3533 1615 3603 figurae
1632 3529 1746 3597 solidae.

401 3608 590 3679 etquattuor
607 3610 680 3665 inter
696 3608 774 3664 datas
791 3614 958 3679 asymptotos
977 3608 1082 3679 (ductas
1100 3610 1361 3703 perpendiculares),
1380 3611 1506 3682 angulum
1524 3619 1626 3706 neptum
1644 3611 1746 3667 iacien-

402 3694 460 3759 tes,
484 3705 535 3759 per
550 3698 681 3760 puuctum
698 3691 769 3746 iuter
784 3690 846 3745 illas
865 3689 971 3760 datum,
994 3691 1079 3745 sectio
1097 3690 1203 3759 conica,
1222 3689 1295 3746 dicta
1312 3690 1475 3762 hyperbola,
1500 3690 1581 3746 etiam
1598 3692 1657 3747 sine
1674 3706 1746 3746 cono

403 3768 533 3824 delineari
556 3770 584 3825 ιι
608 3768 689 3840 plano
714 3772 816 3839 potest:
843 3766 981 3837 problema
1007 3766 1078 3822 idem
1102 3768 1207 3823 uidetur
1234 3769 1315 3823 etiam
1341 3769 1412 3825 inter
1428 3769 1539 3824 linenda
1564 3768 1746 3833 referendum,

402 3849 526 3917 (lignitur
543 3850 613 3904 enirn
630 3846 692 3904 talis
710 3847 782 3904 linea
798 3854 874 3904 motu
891 3845 1054 3917 geometrico
1080 3852 1108 3901 et
1126 3847 1275 3901 mutatione
1298 3847 1426 3902 continua
1449 3847 1664 3917 intervallorum,
1691 3847 1747 3903 hcc

401 3937 444 3982 est
461 3933 680 3997 repraesentatur
696 3942 747 3998 per
762 3933 864 3996 puncta
881 3924 998 3995 quotvis,
1016 3921 1222 3979 indeterminato
1242 3940 1362 3995 numero,
1380 3924 1462 3995 idque
1479 3942 1534 3981 non
1545 3926 1642 3995 minus,
1661 3941 1745 3996 quarn

402 4006 558 4079 quadratrir
576 4014 604 4062 et
621 4005 703 4075 helix,
721 4004 818 4077 quibus
835 4004 914 4059 lineis
931 4004 1061 4073 proposit.
1081 4004 1123 4059 at.
1143 4009 1171 4057 ιι
1187 4004 1333 4059 ternariam
1359 4009 1386 4058 et
1411 4002 1577 4060 omnifariam
1595 4005 1747 4061 ιιοιιιιιιιι

401 4085 514 4158 perlicit
550 4085 594 4141 Sic
612 4086 695 4140 habet
713 4085 801 4154 Pappi
818 4083 989 4140 machinatio.

487 4165 559 4236 Quid
583 4166 666 4235 igitur
683 4164 822 4220 dicemus?
857 4164 954 4220 Nonne
977 4160 1147 4218 interdatur
1165 4166 1333 4231 asymptotos
1356 4175 1407 4230 per
1423 4166 1553 4230 punctum
1571 4159 1664 4215 datum
1688 4173 1746 4214 una

401 4245 460 4301 sola
477 4244 603 4300 scribitur
620 4244 780 4316 hyperbola,
805 4246 861 4301 sire
883 4243 911 4298 id
928 4242 977 4298 dat
994 4248 1098 4297 aunutu
1115 4239 1190 4309 coni,
1215 4240 1270 4294 sive
1288 4248 1450 4309 punctorum
1467 4239 1631 4296 infinitorum
1658 4239 1747 4295 conti·

401 4327 548 4383 nuatione?
581 4324 679 4381 Nonne
696 4341 751 4381 uua
768 4324 827 4381 sola
844 4324 928 4380 sectio
946 4321 1037 4378 circuli
1055 4337 1116 4375 cum
1133 4319 1282 4390 hyperbola
1305 4335 1339 4376 ιι
1358 4336 1412 4377 ιιι
1437 4320 1538 4390 plaga?
1572 4320 1671 4374 Nonne
1688 4332 1746 4372 una

401 4403 460 4460 sola
476 4412 504 4460 et
522 4410 596 4460 certa
612 4403 749 4459 inclinatio
768 4410 810 4459 est
825 4401 921 4470 ιιιιιι,
941 4407 1042 4485 puncta
1059 4399 1222 4492 hyperbolae
1240 4400 1434 4471 connectentis,
1459 4400 1494 4456 ad
1511 4399 1614 4468 figurae
1638 4394 1744 4452 dlame

400 4484 490 4539 ιιιιιι
525 4483 661 4553 Equidem
677 4482 772 4553 fateor,
790 4482 859 4536 haec
876 4480 965 4535 omnia
977 4469 1130 4535 necissaria
1147 4487 1175 4535 et
1187 4486 1262 4534 certa
1279 4494 1347 4549 esse,
1366 4479 1498 4548 siqnidem
1521 4474 1696 4548 hyperbola'
1684 4490 1745 4543 yam

399 4562 435 4618 sit
447 4561 590 4631 descripta.
626 4561 694 4617 Erat
706 4561 776 4616 enim
786 4560 867 4615 etiam
884 4559 967 4653 prins,
985 4559 1013 4613 ιι
1031 4557 1166 4628 analytica
1178 4558 1269 4628 Byrgii
1286 4559 1450 4625 trisectione,
1465 4558 1561 4614 tertiae
1577 4555 1746 4613 constitutae

401 4641 486 4714 partis
505 4641 650 4697 subtensae
668 4649 743 4697 certa
760 4650 788 4697 et
803 4638 957 4696 necessaria
974 4637 1114 4706 longitudo
1133 4652 1182 4691 sen
1199 4637 1338 4705 proportio
1362 4636 1397 4691 ad
1414 4639 1570 4693 subtensam
1587 4634 1639 4691 toti
1657 4635 1744 4689 arcui.

401 4725 439 4778 At
455 4720 589 4791 quianon
607 4720 641 4776 de
658 4721 711 4776 hoc
729 4720 895 4792 quaerimus,
913 4717 976 4788 quid
995 4719 1030 4772 sit
1047 4732 1077 4771 re
1092 4716 1148 4784 jrm
1165 4715 1253 4787 iacta,
1272 4715 1321 4771 sed
1338 4716 1484 4786 quomodo,
1510 4723 1542 4771 ut
1559 4717 1597 4773 sit
1613 4714 1745 4785 quidque,

400 4814 444 4857 res
462 4801 581 4857 nondum
603 4800 676 4857 faeta
693 4801 730 4857 sit
745 4800 870 4856 iacienda
892 4797 1016 4853 demum:
1043 4797 1104 4853 ideo
1130 4795 1214 4851 nihilo
1237 4796 1300 4865 plus
1318 4795 1449 4851 habemus
1472 4810 1506 4850 ιι
1528 4793 1745 4866 problematibus

401 4882 494 4943 solidis
512 4888 540 4938 et
555 4879 701 4935 linearibus
718 4886 849 4951 veterum,
867 4878 940 4950 quod
957 4877 992 4934 ad
1010 4877 1158 4947 quaesitam
1168 4875 1300 4933 linearum
1312 4874 1451 4932 scientiam
1465 4874 1554 4946 iaciat,
1573 4888 1654 4946 quam
1664 4874 1745 4946 prius
