<?xml version="1.0" encoding="UTF-8"?>
<!DOCTYPE html PUBLIC "-//W3C//DTD XHTML 1.0 Transitional//EN"
    "http://www.w3.org/TR/xhtml1/DTD/xhtml1-transitional.dtd">
<html xmlns="http://www.w3.org/1999/xhtml" xml:lang="en" lang="en">
 <head>
  <title>
</title>
<meta http-equiv="Content-Type" content="text/html;charset=utf-8" />
  <meta name='ocr-system' content='tesseract 3.04.00' />
  <meta name='ocr-capabilities' content='ocr_page ocr_carea ocr_par ocr_line ocrx_word'/>
</head>
<body>
  <div class='ocr_page' id='page_1' title='image "./joanniskepleria29frisgoog_0045.png"; bbox 0 0 3840 5854; ppageno 0'>
   <div class='ocr_carea' id='block_1_1' title="bbox 392 384 1354 460">
    <p class='ocr_par' dir='ltr' id='par_1_1' title="bbox 392 384 1354 460">
     <span class='ocr_line' id='line_1_1' title="bbox 392 384 1354 460; baseline -0.01 -5"><span class='ocrx_word' id='word_1_1' title='bbox 392 391 436 455; x_wconf 86' lang='lat' dir='ltr'><strong>te</strong></span> <span class='ocrx_word' id='word_1_2' title='bbox 771 385 915 459; x_wconf 76' lang='lat' dir='ltr'><strong>Epistulae</strong></span> <span class='ocrx_word' id='word_1_3' title='bbox 930 384 1043 459; x_wconf 83' lang='lat' dir='ltr'><strong>Hopleri</strong></span> <span class='ocrx_word' id='word_1_4' title='bbox 1059 384 1228 460; x_wconf 59' lang='lat' dir='ltr'><strong>Qmmque</strong></span> <span class='ocrx_word' id='word_1_5' title='bbox 1243 390 1354 446; x_wconf 77' lang='lat' dir='ltr'><strong>mutum</strong></span> 
     </span>
    </p>
   </div>
   <div class='ocr_carea' id='block_1_2' title="bbox 261 562 1753 3523">
    <p class='ocr_par' dir='ltr' id='par_1_2' title="bbox 391 562 1753 1786">
     <span class='ocr_line' id='line_1_2' title="bbox 494 562 1739 648; baseline 0.004 -21"><span class='ocrx_word' id='word_1_6' title='bbox 494 564 530 627; x_wconf 91' lang='lat' dir='ltr'><strong>In</strong></span> <span class='ocrx_word' id='word_1_7' title='bbox 552 564 609 629; x_wconf 85' lang='lat' dir='ltr'><strong>bne</strong></span> <span class='ocrx_word' id='word_1_8' title='bbox 629 562 778 627; x_wconf 85' lang='lat' dir='ltr'><strong>literarum</strong></span> <span class='ocrx_word' id='word_1_9' title='bbox 799 566 885 645; x_wconf 90' lang='lat' dir='ltr'><strong>ponis</strong></span> <span class='ocrx_word' id='word_1_10' title='bbox 907 562 1087 648; x_wconf 60' lang='lat' dir='ltr'><strong>iargsrpspra,</strong></span> <span class='ocrx_word' id='word_1_11' title='bbox 1119 573 1178 629; x_wconf 90' lang='lat' dir='ltr'><strong>tres</strong></span> <span class='ocrx_word' id='word_1_12' title='bbox 1206 568 1334 647; x_wconf 85' lang='lat' dir='ltr'><strong>parietes</strong></span> <span class='ocrx_word' id='word_1_13' title='bbox 1361 584 1422 630; x_wconf 84' lang='lat' dir='ltr'><strong>mre</strong></span> <span class='ocrx_word' id='word_1_14' title='bbox 1447 566 1547 630; x_wconf 86' lang='lat' dir='ltr'><strong>hdelis</strong></span> <span class='ocrx_word' id='word_1_15' title='bbox 1573 565 1739 632; x_wconf 86' lang='lat' dir='ltr'><strong>dealbandi.</strong></span> 
     </span>
     <span class='ocr_line' id='line_1_3' title="bbox 392 651 1741 737; baseline 0.001 -22"><span class='ocrx_word' id='word_1_16' title='bbox 392 651 564 715; x_wconf 85' lang='lat' dir='ltr'><strong>Laudabilis</strong></span> <span class='ocrx_word' id='word_1_17' title='bbox 587 660 616 715; x_wconf 89' lang='lat' dir='ltr'><strong>et</strong></span> <span class='ocrx_word' id='word_1_18' title='bbox 637 652 858 734; x_wconf 88' lang='lat' dir='ltr'><strong>philosophicus</strong></span> <span class='ocrx_word' id='word_1_19' title='bbox 879 653 967 734; x_wconf 86' lang='lat' dir='ltr'><strong>plane</strong></span> <span class='ocrx_word' id='word_1_20' title='bbox 989 662 1113 716; x_wconf 86' lang='lat' dir='ltr'><strong>conatus</strong></span> <span class='ocrx_word' id='word_1_21' title='bbox 1135 657 1294 735; x_wconf 82' lang='lat' dir='ltr'><strong>expanuis</strong></span> <span class='ocrx_word' id='word_1_22' title='bbox 1316 657 1465 735; x_wconf 74' lang='lat' dir='ltr'><strong>principiis</strong></span> <span class='ocrx_word' id='word_1_23' title='bbox 1486 656 1580 718; x_wconf 89' lang='lat' dir='ltr'><strong>multe</strong></span> <span class='ocrx_word' id='word_1_24' title='bbox 1596 658 1741 737; x_wconf 88' lang='lat' dir='ltr'><strong>probandi</strong></span> 
     </span>
     <span class='ocr_line' id='line_1_4' title="bbox 391 740 1740 822; baseline 0.002 -21"><span class='ocrx_word' id='word_1_25' title='bbox 391 740 567 820; x_wconf 83' lang='lat' dir='ltr'><strong>Pletoniquu</strong></span> <span class='ocrx_word' id='word_1_26' title='bbox 595 743 720 803; x_wconf 83' lang='lat' dir='ltr'><strong>maxime</strong></span> <span class='ocrx_word' id='word_1_27' title='bbox 748 740 897 822; x_wconf 84' lang='lat' dir='ltr'><strong>probatus.</strong></span> <span class='ocrx_word' id='word_1_28' title='bbox 941 741 1001 804; x_wconf 79' lang='lat' dir='ltr'><strong>Sed</strong></span> <span class='ocrx_word' id='word_1_29' title='bbox 1028 742 1126 803; x_wconf 88' lang='lat' dir='ltr'><strong>deficit</strong></span> <span class='ocrx_word' id='word_1_30' title='bbox 1153 744 1179 802; x_wconf 87' lang='lat' dir='ltr'><strong>is</strong></span> <span class='ocrx_word' id='word_1_31' title='bbox 1212 745 1242 802; x_wconf 94' lang='lat' dir='ltr'><strong>in</strong></span> <span class='ocrx_word' id='word_1_32' title='bbox 1271 746 1365 807; x_wconf 84' lang='lat' dir='ltr'><strong>tortio.</strong></span> <span class='ocrx_word' id='word_1_33' title='bbox 1407 743 1519 805; x_wconf 85' lang='lat' dir='ltr'><strong>Verum</strong></span> <span class='ocrx_word' id='word_1_34' title='bbox 1547 745 1665 822; x_wconf 86' lang='lat' dir='ltr'><strong>quidem</strong></span> <span class='ocrx_word' id='word_1_35' title='bbox 1687 752 1740 820; x_wconf 87' lang='lat' dir='ltr'><strong>ast,</strong></span> 
     </span>
     <span class='ocr_line' id='line_1_5' title="bbox 392 828 1740 912; baseline 0.005 -24"><span class='ocrx_word' id='word_1_36' title='bbox 392 832 608 908; x_wconf 77' lang='lat' dir='ltr'><strong>apogaeitetsm</strong></span> <span class='ocrx_word' id='word_1_37' title='bbox 636 838 666 890; x_wconf 90' lang='lat' dir='ltr'><strong>et</strong></span> <span class='ocrx_word' id='word_1_38' title='bbox 694 829 871 891; x_wconf 84' lang='lat' dir='ltr'><strong>anomaliam</strong></span> <span class='ocrx_word' id='word_1_39' title='bbox 898 828 980 912; x_wconf 73' lang='lat' dir='ltr'><strong>illam</strong></span> <span class='ocrx_word' id='word_1_40' title='bbox 1009 830 1110 890; x_wconf 86' lang='lat' dir='ltr'><strong>Lunae</strong></span> <span class='ocrx_word' id='word_1_41' title='bbox 1138 831 1177 891; x_wconf 91' lang='lat' dir='ltr'><strong>ab</strong></span> <span class='ocrx_word' id='word_1_42' title='bbox 1209 829 1311 891; x_wconf 86' lang='lat' dir='ltr'><strong>eodem</strong></span> <span class='ocrx_word' id='word_1_43' title='bbox 1339 831 1466 911; x_wconf 88' lang='lat' dir='ltr'><strong>pendere</strong></span> <span class='ocrx_word' id='word_1_44' title='bbox 1496 835 1655 912; x_wconf 81' lang='lat' dir='ltr'><strong>principio:</strong></span> <span class='ocrx_word' id='word_1_45' title='bbox 1688 832 1740 895; x_wconf 89' lang='lat' dir='ltr'><strong>sed</strong></span> 
     </span>
     <span class='ocr_line' id='line_1_6' title="bbox 393 917 1753 1000; baseline 0.001 -21"><span class='ocrx_word' id='word_1_46' title='bbox 393 917 521 979; x_wconf 85' lang='lat' dir='ltr'><strong>elevatio</strong></span> <span class='ocrx_word' id='word_1_47' title='bbox 543 918 604 998; x_wconf 92' lang='lat' dir='ltr'><strong>poli</strong></span> <span class='ocrx_word' id='word_1_48' title='bbox 625 933 684 978; x_wconf 92' lang='lat' dir='ltr'><strong>non</strong></span> <span class='ocrx_word' id='word_1_49' title='bbox 705 918 763 979; x_wconf 92' lang='lat' dir='ltr'><strong>huc</strong></span> <span class='ocrx_word' id='word_1_50' title='bbox 784 917 918 995; x_wconf 85' lang='lat' dir='ltr'><strong>quadret.</strong></span> <span class='ocrx_word' id='word_1_51' title='bbox 968 917 1014 978; x_wconf 90' lang='lat' dir='ltr'><strong>Ibi</strong></span> <span class='ocrx_word' id='word_1_52' title='bbox 1037 920 1114 978; x_wconf 89' lang='lat' dir='ltr'><strong>euim</strong></span> <span class='ocrx_word' id='word_1_53' title='bbox 1136 933 1195 978; x_wconf 92' lang='lat' dir='ltr'><strong>non</strong></span> <span class='ocrx_word' id='word_1_54' title='bbox 1218 917 1396 997; x_wconf 89' lang='lat' dir='ltr'><strong>disputetur,</strong></span> <span class='ocrx_word' id='word_1_55' title='bbox 1428 937 1517 998; x_wconf 86' lang='lat' dir='ltr'><strong>qnam</strong></span> <span class='ocrx_word' id='word_1_56' title='bbox 1540 937 1629 1000; x_wconf 91' lang='lat' dir='ltr'><strong>prope</strong></span> <span class='ocrx_word' id='word_1_57' title='bbox 1651 921 1753 981; x_wconf 51' lang='lat' dir='ltr'><strong>Terra*</strong></span> 
     </span>
     <span class='ocr_line' id='line_1_7' title="bbox 392 1002 1741 1088; baseline 0.004 -23"><span class='ocrx_word' id='word_1_58' title='bbox 392 1005 515 1067; x_wconf 73' lang='lat' dir='ltr'><strong>mesdei</strong></span> <span class='ocrx_word' id='word_1_59' title='bbox 535 1005 574 1067; x_wconf 88' lang='lat' dir='ltr'><strong>ed</strong></span> <span class='ocrx_word' id='word_1_60' title='bbox 593 1008 821 1084; x_wconf 75' lang='lat' dir='ltr'><strong>septentrionem</strong></span> <span class='ocrx_word' id='word_1_61' title='bbox 848 1003 894 1087; x_wconf 89' lang='lat' dir='ltr'><strong>(nt</strong></span> <span class='ocrx_word' id='word_1_62' title='bbox 914 1013 947 1065; x_wconf 89' lang='lat' dir='ltr'><strong>tu</strong></span> <span class='ocrx_word' id='word_1_63' title='bbox 969 1007 1016 1065; x_wconf 84' lang='lat' dir='ltr'><strong>vis</strong></span> <span class='ocrx_word' id='word_1_64' title='bbox 1036 1004 1245 1085; x_wconf 66' lang='lat' dir='ltr'><strong>perpendi,‘in</strong></span> <span class='ocrx_word' id='word_1_65' title='bbox 1267 1002 1307 1088; x_wconf 67' lang='grc' dir='ltr'>ὓ</span> <span class='ocrx_word' id='word_1_66' title='bbox 1334 1015 1445 1084; x_wconf 88' lang='lat' dir='ltr'><strong>quantu</strong></span> <span class='ocrx_word' id='word_1_67' title='bbox 1474 1011 1514 1068; x_wconf 89' lang='lat' dir='ltr'><strong>ait</strong></span> <span class='ocrx_word' id='word_1_68' title='bbox 1534 1010 1651 1088; x_wconf 88' lang='lat' dir='ltr'><strong>propior</strong></span> <span class='ocrx_word' id='word_1_69' title='bbox 1673 1008 1741 1086; x_wconf 91' lang='lat' dir='ltr'><strong>polo</strong></span> 
     </span>
     <span class='ocr_line' id='line_1_8' title="bbox 393 1092 1740 1171; baseline 0.001 -18"><span class='ocrx_word' id='word_1_70' title='bbox 393 1110 482 1171; x_wconf 88' lang='lat' dir='ltr'><strong>qnam</strong></span> <span class='ocrx_word' id='word_1_71' title='bbox 503 1095 534 1151; x_wconf 92' lang='lat' dir='ltr'><strong>in</strong></span> <span class='ocrx_word' id='word_1_72' title='bbox 559 1092 642 1170; x_wconf 56' lang='grc' dir='ltr'><strong>εξ),</strong></span> <span class='ocrx_word' id='word_1_73' title='bbox 675 1092 727 1154; x_wconf 91' lang='lat' dir='ltr'><strong>sed</strong></span> <span class='ocrx_word' id='word_1_74' title='bbox 756 1100 898 1171; x_wconf 90' lang='lat' dir='ltr'><strong>quantum</strong></span> <span class='ocrx_word' id='word_1_75' title='bbox 926 1093 1080 1154; x_wconf 76' lang='lat' dir='ltr'><strong>inclinetur</strong></span> <span class='ocrx_word' id='word_1_76' title='bbox 1099 1092 1214 1153; x_wconf 84' lang='lat' dir='ltr'><strong>medius</strong></span> <span class='ocrx_word' id='word_1_77' title='bbox 1236 1093 1343 1155; x_wconf 78' lang='lat' dir='ltr'><strong>Terrae</strong></span> <span class='ocrx_word' id='word_1_78' title='bbox 1366 1094 1491 1156; x_wconf 89' lang='lat' dir='ltr'><strong>circulus</strong></span> <span class='ocrx_word' id='word_1_79' title='bbox 1516 1094 1556 1155; x_wconf 91' lang='lat' dir='ltr'><strong>ed</strong></span> <span class='ocrx_word' id='word_1_80' title='bbox 1578 1096 1740 1157; x_wconf 76' lang='lat' dir='ltr'><strong>zodiacum.</strong></span> 
     </span>
     <span class='ocr_line' id='line_1_9' title="bbox 392 1178 1741 1259; baseline 0.002 -18"><span class='ocrx_word' id='word_1_81' title='bbox 392 1180 526 1242; x_wconf 82' lang='lat' dir='ltr'><strong>Summa:</strong></span> <span class='ocrx_word' id='word_1_82' title='bbox 550 1178 685 1259; x_wconf 81' lang='lat' dir='ltr'><strong>quaestio</strong></span> <span class='ocrx_word' id='word_1_83' title='bbox 708 1189 753 1241; x_wconf 89' lang='lat' dir='ltr'><strong>est</strong></span> <span class='ocrx_word' id='word_1_84' title='bbox 773 1180 978 1257; x_wconf 77' lang='lat' dir='ltr'><strong>geographica,</strong></span> <span class='ocrx_word' id='word_1_85' title='bbox 1001 1196 1060 1241; x_wconf 89' lang='lat' dir='ltr'><strong>nen</strong></span> <span class='ocrx_word' id='word_1_86' title='bbox 1082 1184 1293 1255; x_wconf 72' lang='lat' dir='ltr'><strong>astronomica,</strong></span> <span class='ocrx_word' id='word_1_87' title='bbox 1316 1190 1458 1259; x_wconf 85' lang='lat' dir='ltr'><strong>quantum</strong></span> <span class='ocrx_word' id='word_1_88' title='bbox 1479 1182 1622 1244; x_wconf 87' lang='lat' dir='ltr'><strong>hactenus</strong></span> <span class='ocrx_word' id='word_1_89' title='bbox 1644 1194 1741 1244; x_wconf 78' lang='lat' dir='ltr'><strong>esno-</strong></span> 
     </span>
     <span class='ocr_line' id='line_1_10' title="bbox 392 1267 1742 1350; baseline 0.001 -21"><span class='ocrx_word' id='word_1_90' title='bbox 392 1272 492 1329; x_wconf 89' lang='lat' dir='ltr'><strong>nomie</strong></span> <span class='ocrx_word' id='word_1_91' title='bbox 523 1269 728 1346; x_wconf 87' lang='lat' dir='ltr'><strong>quaestionum</strong></span> <span class='ocrx_word' id='word_1_92' title='bbox 760 1275 806 1329; x_wconf 88' lang='lat' dir='ltr'><strong>est</strong></span> <span class='ocrx_word' id='word_1_93' title='bbox 836 1267 980 1346; x_wconf 85' lang='lat' dir='ltr'><strong>amplexa</strong></span> <span class='ocrx_word' id='word_1_94' title='bbox 1031 1267 1152 1329; x_wconf 82' lang='lat' dir='ltr'><strong>Nullum</strong></span> <span class='ocrx_word' id='word_1_95' title='bbox 1184 1270 1262 1330; x_wconf 85' lang='lat' dir='ltr'><strong>enim</strong></span> <span class='ocrx_word' id='word_1_96' title='bbox 1288 1269 1375 1328; x_wconf 80' lang='lat' dir='ltr'><strong>infert</strong></span> <span class='ocrx_word' id='word_1_97' title='bbox 1403 1272 1581 1349; x_wconf 77' lang='lat' dir='ltr'><strong>apparentiis</strong></span> <span class='ocrx_word' id='word_1_98' title='bbox 1611 1273 1682 1350; x_wconf 88' lang='lat' dir='ltr'><strong>ipsis</strong></span> <span class='ocrx_word' id='word_1_99' title='bbox 1711 1274 1742 1330; x_wconf 90' lang='lat' dir='ltr'><strong>in</strong></span> 
     </span>
     <span class='ocr_line' id='line_1_11' title="bbox 392 1354 1740 1437; baseline 0.001 -20"><span class='ocrx_word' id='word_1_100' title='bbox 392 1356 474 1417; x_wconf 92' lang='lat' dir='ltr'><strong>coelo</strong></span> <span class='ocrx_word' id='word_1_101' title='bbox 497 1358 670 1417; x_wconf 76' lang='lat' dir='ltr'><strong>sedetetem</strong></span> <span class='ocrx_word' id='word_1_102' title='bbox 691 1357 816 1416; x_wconf 86' lang='lat' dir='ltr'><strong>mutatio</strong></span> <span class='ocrx_word' id='word_1_103' title='bbox 838 1355 927 1429; x_wconf 88' lang='lat' dir='ltr'><strong>coeli,</strong></span> <span class='ocrx_word' id='word_1_104' title='bbox 959 1354 1013 1416; x_wconf 90' lang='lat' dir='ltr'><strong>sed</strong></span> <span class='ocrx_word' id='word_1_105' title='bbox 1034 1354 1142 1416; x_wconf 80' lang='lat' dir='ltr'><strong>Terrae</strong></span> <span class='ocrx_word' id='word_1_106' title='bbox 1171 1357 1271 1434; x_wconf 88' lang='lat' dir='ltr'><strong>potius</strong></span> <span class='ocrx_word' id='word_1_107' title='bbox 1296 1357 1457 1417; x_wconf 88' lang='lat' dir='ltr'><strong>secundnm</strong></span> <span class='ocrx_word' id='word_1_108' title='bbox 1479 1357 1611 1419; x_wconf 79' lang='lat' dir='ltr'><strong>diuersas</strong></span> <span class='ocrx_word' id='word_1_109' title='bbox 1632 1366 1740 1437; x_wconf 89' lang='lat' dir='ltr'><strong>partes,</strong></span> 
     </span>
     <span class='ocr_line' id='line_1_12' title="bbox 392 1441 1740 1525; baseline 0.002 -21"><span class='ocrx_word' id='word_1_110' title='bbox 392 1454 470 1522; x_wconf 88' lang='lat' dir='ltr'><strong>ques</strong></span> <span class='ocrx_word' id='word_1_111' title='bbox 491 1460 598 1504; x_wconf 89' lang='lat' dir='ltr'><strong>nomen</strong></span> <span class='ocrx_word' id='word_1_112' title='bbox 619 1444 729 1505; x_wconf 83' lang='lat' dir='ltr'><strong>hebent</strong></span> <span class='ocrx_word' id='word_1_113' title='bbox 748 1443 936 1518; x_wconf 88' lang='lat' dir='ltr'><strong>historicum,</strong></span> <span class='ocrx_word' id='word_1_114' title='bbox 968 1450 1003 1503; x_wconf 91' lang='lat' dir='ltr'><strong>ut</strong></span> <span class='ocrx_word' id='word_1_115' title='bbox 1023 1443 1105 1518; x_wconf 86' lang='lat' dir='ltr'><strong>Asia,</strong></span> <span class='ocrx_word' id='word_1_116' title='bbox 1129 1441 1271 1525; x_wconf 79' lang='lat' dir='ltr'><strong>Gmccia,</strong></span> <span class='ocrx_word' id='word_1_117' title='bbox 1300 1442 1432 1506; x_wconf 87' lang='lat' dir='ltr'><strong>Rhodus.</strong></span> <span class='ocrx_word' id='word_1_118' title='bbox 1477 1445 1561 1506; x_wconf 82' lang='lat' dir='ltr'><strong>Alius</strong></span> <span class='ocrx_word' id='word_1_119' title='bbox 1590 1453 1740 1524; x_wconf 87' lang='lat' dir='ltr'><strong>utcunque</strong></span> 
     </span>
     <span class='ocr_line' id='line_1_13' title="bbox 392 1530 1741 1612; baseline 0.002 -21"><span class='ocrx_word' id='word_1_120' title='bbox 392 1538 520 1593; x_wconf 86' lang='lat' dir='ltr'><strong>mutetur</strong></span> <span class='ocrx_word' id='word_1_121' title='bbox 540 1531 636 1611; x_wconf 89' lang='lat' dir='ltr'><strong>polus,</strong></span> <span class='ocrx_word' id='word_1_122' title='bbox 657 1548 772 1610; x_wconf 90' lang='lat' dir='ltr'><strong>semper</strong></span> <span class='ocrx_word' id='word_1_123' title='bbox 793 1530 897 1591; x_wconf 85' lang='lat' dir='ltr'><strong>eadem</strong></span> <span class='ocrx_word' id='word_1_124' title='bbox 917 1546 1037 1591; x_wconf 90' lang='lat' dir='ltr'><strong>numero</strong></span> <span class='ocrx_word' id='word_1_125' title='bbox 1051 1539 1171 1592; x_wconf 88' lang='lat' dir='ltr'><strong>manent</strong></span> <span class='ocrx_word' id='word_1_126' title='bbox 1183 1530 1311 1603; x_wconf 87' lang='lat' dir='ltr'><strong>climate,</strong></span> <span class='ocrx_word' id='word_1_127' title='bbox 1334 1535 1469 1610; x_wconf 83' lang='lat' dir='ltr'><strong>quamuis</strong></span> <span class='ocrx_word' id='word_1_128' title='bbox 1482 1550 1542 1594; x_wconf 91' lang='lat' dir='ltr'><strong>uon</strong></span> <span class='ocrx_word' id='word_1_129' title='bbox 1555 1551 1608 1612; x_wconf 89' lang='lat' dir='ltr'><strong>per</strong></span> <span class='ocrx_word' id='word_1_130' title='bbox 1623 1534 1741 1594; x_wconf 87' lang='lat' dir='ltr'><strong>easdem</strong></span> 
     </span>
     <span class='ocr_line' id='line_1_14' title="bbox 393 1616 1741 1701; baseline 0.001 -21"><span class='ocrx_word' id='word_1_131' title='bbox 393 1620 481 1681; x_wconf 87' lang='lat' dir='ltr'><strong>urbes</strong></span> <span class='ocrx_word' id='word_1_132' title='bbox 511 1621 701 1681; x_wconf 89' lang='lat' dir='ltr'><strong>transeuntia.</strong></span> <span class='ocrx_word' id='word_1_133' title='bbox 751 1616 827 1679; x_wconf 87' lang='lat' dir='ltr'><strong>Vale</strong></span> <span class='ocrx_word' id='word_1_134' title='bbox 854 1616 900 1677; x_wconf 79' lang='lat' dir='ltr'><strong>iir</strong></span> <span class='ocrx_word' id='word_1_135' title='bbox 924 1617 1082 1696; x_wconf 78' lang='lat' dir='ltr'><strong>Magnifice</strong></span> <span class='ocrx_word' id='word_1_136' title='bbox 1108 1626 1139 1680; x_wconf 90' lang='lat' dir='ltr'><strong>et</strong></span> <span class='ocrx_word' id='word_1_137' title='bbox 1164 1618 1346 1695; x_wconf 88' lang='lat' dir='ltr'><strong>doctissime,</strong></span> <span class='ocrx_word' id='word_1_138' title='bbox 1377 1627 1408 1681; x_wconf 82' lang='lat' dir='ltr'><strong>et</strong></span> <span class='ocrx_word' id='word_1_139' title='bbox 1435 1621 1493 1682; x_wconf 93' lang='lat' dir='ltr'><strong>hoc</strong></span> <span class='ocrx_word' id='word_1_140' title='bbox 1520 1621 1664 1701; x_wconf 89' lang='lat' dir='ltr'><strong>quidquid</strong></span> <span class='ocrx_word' id='word_1_141' title='bbox 1685 1629 1741 1694; x_wconf 91' lang='lat' dir='ltr'><strong>est,</strong></span> 
     </span>
     <span class='ocr_line' id='line_1_15' title="bbox 392 1704 1465 1786; baseline 0.001 -19"><span class='ocrx_word' id='word_1_142' title='bbox 392 1706 464 1767; x_wconf 92' lang='lat' dir='ltr'><strong>boni</strong></span> <span class='ocrx_word' id='word_1_143' title='bbox 485 1706 614 1770; x_wconf 88' lang='lat' dir='ltr'><strong>consule.</strong></span> <span class='ocrx_word' id='word_1_144' title='bbox 661 1709 711 1768; x_wconf 83' lang='lat' dir='ltr'><strong>tt.</strong></span> <span class='ocrx_word' id='word_1_145' title='bbox 732 1705 814 1786; x_wconf 77' lang='lat' dir='ltr'><strong>Sept</strong></span> <span class='ocrx_word' id='word_1_146' title='bbox 836 1722 914 1767; x_wconf 91' lang='lat' dir='ltr'><strong>enno</strong></span> <span class='ocrx_word' id='word_1_147' title='bbox 937 1708 988 1768; x_wconf 80' lang='grc'><strong>99.</strong></span> <span class='ocrx_word' id='word_1_148' title='bbox 1040 1704 1140 1784; x_wconf 72' lang='lat' dir='ltr'><strong>Magn.</strong></span> <span class='ocrx_word' id='word_1_149' title='bbox 1163 1706 1247 1769; x_wconf 80' lang='lat' dir='ltr'><strong>&#39;luae</strong></span> <span class='ocrx_word' id='word_1_150' title='bbox 1268 1707 1465 1768; x_wconf 74' lang='lat' dir='ltr'><strong>deditissimus</strong></span> 
     </span>
    </p>

    <p class='ocr_par' dir='ltr' id='par_1_3' title="bbox 1309 1792 1554 1872">
     <span class='ocr_line' id='line_1_16' title="bbox 1309 1792 1554 1872; baseline 0.004 -17"><span class='ocrx_word' id='word_1_151' title='bbox 1309 1792 1352 1855; x_wconf 80' lang='grc' dir='ltr'><strong>Μ.</strong></span> <span class='ocrx_word' id='word_1_152' title='bbox 1375 1795 1407 1856; x_wconf 88' lang='lat' dir='ltr'><strong>J.</strong></span> <span class='ocrx_word' id='word_1_153' title='bbox 1430 1794 1554 1872; x_wconf 63' lang='grc' dir='ltr'><strong>Καρίαν,</strong></span> 
     </span>
    </p>

    <p class='ocr_par' dir='ltr' id='par_1_4' title="bbox 360 1879 1742 3173">
     <span class='ocr_line' id='line_1_17' title="bbox 1170 1879 1699 1963; baseline 0.006 -20"><span class='ocrx_word' id='word_1_154' title='bbox 1170 1879 1285 1962; x_wconf 77' lang='lat' dir='ltr'><strong>Scyrice</strong></span> <span class='ocrx_word' id='word_1_155' title='bbox 1300 1880 1443 1944; x_wconf 81' lang='lat' dir='ltr'><strong>Ordinem</strong></span> <span class='ocrx_word' id='word_1_156' title='bbox 1463 1883 1699 1963; x_wconf 77' lang='lat' dir='ltr'><strong>Mathematicus.</strong></span> 
     </span>
     <span class='ocr_line' id='line_1_18' title="bbox 496 1976 1742 2069; baseline 0.003 -18"><span class='ocrx_word' id='word_1_157' title='bbox 496 1999 625 2065; x_wconf 56' lang='lat' dir='ltr'><strong>narseus</strong></span> <span class='ocrx_word' id='word_1_158' title='bbox 646 2000 772 2052; x_wconf 62' lang='lat' dir='ltr'><strong>nenne</strong></span> <span class='ocrx_word' id='word_1_159' title='bbox 796 2000 870 2052; x_wconf 68' lang='lat' dir='ltr'><strong>esus</strong></span> <span class='ocrx_word' id='word_1_160' title='bbox 893 2000 934 2055; x_wconf 86' lang='grc' dir='ltr'><strong>ιι.</strong></span> <span class='ocrx_word' id='word_1_161' title='bbox 952 1999 1023 2065; x_wconf 64' lang='lat' dir='ltr'><strong>soe.</strong></span> <span class='ocrx_word' id='word_1_162' title='bbox 1047 2006 1073 2052; x_wconf 74' lang='lat' dir='ltr'><strong>st</strong></span> <span class='ocrx_word' id='word_1_163' title='bbox 1094 1999 1136 2055; x_wconf 81' lang='lat' dir='ltr'><strong>tr.</strong></span> <span class='ocrx_word' id='word_1_164' title='bbox 1154 2003 1216 2055; x_wconf 69' lang='lat' dir='ltr'><strong>oe.</strong></span> <span class='ocrx_word' id='word_1_165' title='bbox 1235 1999 1304 2057; x_wconf 80' lang='lat'><strong>1599</strong></span> <span class='ocrx_word' id='word_1_166' title='bbox 1325 2004 1419 2068; x_wconf 70' lang='lat' dir='ltr'><strong>(emp.</strong></span> <span class='ocrx_word' id='word_1_167' title='bbox 1437 2006 1471 2057; x_wconf 91' lang='lat'><strong>11.</strong></span> <span class='ocrx_word' id='word_1_168' title='bbox 1492 2001 1557 2067; x_wconf 77' lang='lat' dir='ltr'><strong>stu&gt;</strong></span> <span class='ocrx_word' id='word_1_169' title='bbox 1582 1976 1742 2069; x_wconf 57' lang='lat' dir='ltr'><strong>omnen</strong></span> 
     </span>
     <span class='ocr_line' id='line_1_19' title="bbox 394 2070 1741 2141; baseline 0.001 -19"><span class='ocrx_word' id='word_1_170' title='bbox 394 2070 497 2135; x_wconf 79' lang='lat' dir='ltr'><strong>liepleri</strong></span> <span class='ocrx_word' id='word_1_171' title='bbox 514 2070 645 2135; x_wconf 87' lang='lat' dir='ltr'><strong>epistolam</strong></span> <span class='ocrx_word' id='word_1_172' title='bbox 663 2073 763 2137; x_wconf 78' lang='lat' dir='ltr'><strong>silentio</strong></span> <span class='ocrx_word' id='word_1_173' title='bbox 780 2076 922 2137; x_wconf 88' lang='lat' dir='ltr'><strong>transeunt,</strong></span> <span class='ocrx_word' id='word_1_174' title='bbox 939 2085 1019 2134; x_wconf 87' lang='lat' dir='ltr'><strong>pauca</strong></span> <span class='ocrx_word' id='word_1_175' title='bbox 1035 2072 1167 2122; x_wconf 71' lang='lat' dir='ltr'><strong>refermus</strong></span> <span class='ocrx_word' id='word_1_176' title='bbox 1185 2073 1216 2122; x_wconf 95' lang='lat' dir='ltr'><strong>de</strong></span> <span class='ocrx_word' id='word_1_177' title='bbox 1232 2073 1360 2135; x_wconf 71' lang='lat' dir='ltr'><strong>¹tychonis</strong></span> <span class='ocrx_word' id='word_1_178' title='bbox 1378 2076 1463 2126; x_wconf 90' lang='lat' dir='ltr'><strong>Lunae</strong></span> <span class='ocrx_word' id='word_1_179' title='bbox 1480 2076 1576 2125; x_wconf 86' lang='lat' dir='ltr'><strong>theuris</strong></span> <span class='ocrx_word' id='word_1_180' title='bbox 1599 2075 1670 2141; x_wconf 89' lang='lat' dir='ltr'><strong>(,‚ioh</strong></span> <span class='ocrx_word' id='word_1_181' title='bbox 1688 2089 1741 2124; x_wconf 82' lang='lat' dir='ltr'><strong>ver·</strong></span> 
     </span>
     <span class='ocr_line' id='line_1_20' title="bbox 394 2140 1740 2211; baseline 0.002 -20"><span class='ocrx_word' id='word_1_182' title='bbox 394 2142 449 2191; x_wconf 85' lang='lat' dir='ltr'><strong>hoii</strong></span> <span class='ocrx_word' id='word_1_183' title='bbox 464 2143 490 2191; x_wconf 94' lang='lat' dir='ltr'><strong>ln</strong></span> <span class='ocrx_word' id='word_1_184' title='bbox 508 2144 609 2193; x_wconf 81' lang='lat' dir='ltr'><strong>lumem</strong></span> <span class='ocrx_word' id='word_1_185' title='bbox 626 2143 769 2205; x_wconf 74' lang='lat' dir='ltr'><strong>deronegeu</strong></span> <span class='ocrx_word' id='word_1_186' title='bbox 787 2144 860 2193; x_wconf 92' lang='lat' dir='ltr'><strong>einen</strong></span> <span class='ocrx_word' id='word_1_187' title='bbox 876 2140 1028 2204; x_wconf 73' lang='lat' dir='ltr'><strong>gedruchteu</strong></span> <span class='ocrx_word' id='word_1_188' title='bbox 1040 2144 1141 2193; x_wconf 83' lang='lat' dir='ltr'><strong>Tractat</strong></span> <span class='ocrx_word' id='word_1_189' title='bbox 1158 2158 1189 2194; x_wconf 86' lang='lat' dir='ltr'><strong>su</strong></span> <span class='ocrx_word' id='word_1_190' title='bbox 1205 2144 1362 2211; x_wconf 82' lang='lat' dir='ltr'><strong>belommeu,</strong></span> <span class='ocrx_word' id='word_1_191' title='bbox 1379 2159 1408 2196; x_wconf 91' lang='lat' dir='ltr'><strong>so</strong></span> <span class='ocrx_word' id='word_1_192' title='bbox 1420 2146 1461 2196; x_wconf 88' lang='lat' dir='ltr'><strong>ich</strong></span> <span class='ocrx_word' id='word_1_193' title='bbox 1473 2144 1530 2195; x_wconf 86' lang='lat' dir='ltr'><strong>dem</strong></span> <span class='ocrx_word' id='word_1_194' title='bbox 1541 2145 1625 2196; x_wconf 89' lang='lat' dir='ltr'><strong>Herm</strong></span> <span class='ocrx_word' id='word_1_195' title='bbox 1638 2145 1740 2195; x_wconf 86' lang='lat' dir='ltr'><strong>alsdenn</strong></span> 
     </span>
     <span class='ocr_line' id='line_1_21' title="bbox 394 2209 1742 2281; baseline 0.003 -21"><span class='ocrx_word' id='word_1_196' title='bbox 394 2214 456 2262; x_wconf 90' lang='lat' dir='ltr'><strong>anch</strong></span> <span class='ocrx_word' id='word_1_197' title='bbox 479 2214 672 2263; x_wconf 90' lang='lat' dir='ltr'><strong>communiciren</strong></span> <span class='ocrx_word' id='word_1_198' title='bbox 690 2209 781 2277; x_wconf 81' lang='lat' dir='ltr'><strong>will“)</strong></span> <span class='ocrx_word' id='word_1_199' title='bbox 805 2218 831 2262; x_wconf 91' lang='lat' dir='ltr'><strong>et</strong></span> <span class='ocrx_word' id='word_1_200' title='bbox 849 2213 880 2262; x_wconf 91' lang='lat' dir='ltr'><strong>de</strong></span> <span class='ocrx_word' id='word_1_201' title='bbox 897 2212 1022 2273; x_wconf 80' lang='lat' dir='ltr'><strong>Tyohonis</strong></span> <span class='ocrx_word' id='word_1_202' title='bbox 1040 2227 1109 2263; x_wconf 89' lang='lat' dir='ltr'><strong>mora</strong></span> <span class='ocrx_word' id='word_1_203' title='bbox 1125 2215 1152 2263; x_wconf 89' lang='lat' dir='ltr'><strong>in</strong></span> <span class='ocrx_word' id='word_1_204' title='bbox 1180 2214 1299 2264; x_wconf 88' lang='lat' dir='ltr'><strong>Bohemia</strong></span> <span class='ocrx_word' id='word_1_205' title='bbox 1321 2210 1377 2281; x_wconf 78' lang='lat' dir='ltr'><strong>(„A</strong></span> <span class='ocrx_word' id='word_1_206' title='bbox 1394 2215 1426 2268; x_wconf 87' lang='lat' dir='ltr'><strong>D.</strong></span> <span class='ocrx_word' id='word_1_207' title='bbox 1445 2217 1562 2278; x_wconf 77' lang='lat' dir='ltr'><strong>Tychone</strong></span> <span class='ocrx_word' id='word_1_208' title='bbox 1581 2217 1659 2266; x_wconf 84' lang='lat' dir='ltr'><strong>Brahe</strong></span> <span class='ocrx_word' id='word_1_209' title='bbox 1677 2215 1742 2265; x_wconf 82' lang='lat' dir='ltr'><strong>nihil</strong></span> 
     </span>
     <span class='ocr_line' id='line_1_22' title="bbox 394 2283 1742 2349; baseline 0.001 -17"><span class='ocrx_word' id='word_1_210' title='bbox 394 2284 501 2345; x_wconf 84' lang='lat' dir='ltr'><strong>amplius</strong></span> <span class='ocrx_word' id='word_1_211' title='bbox 519 2284 646 2332; x_wconf 89' lang='lat' dir='ltr'><strong>literarum</strong></span> <span class='ocrx_word' id='word_1_212' title='bbox 670 2284 767 2349; x_wconf 82' lang='lat' dir='ltr'><strong>accepi,</strong></span> <span class='ocrx_word' id='word_1_213' title='bbox 795 2283 858 2332; x_wconf 86' lang='lat' dir='ltr'><strong>ratio</strong></span> <span class='ocrx_word' id='word_1_214' title='bbox 877 2287 926 2343; x_wconf 87' lang='lat' dir='ltr'><strong>est,</strong></span> <span class='ocrx_word' id='word_1_215' title='bbox 953 2284 1012 2344; x_wconf 86' lang='lat' dir='ltr'><strong>quia</strong></span> <span class='ocrx_word' id='word_1_216' title='bbox 1034 2285 1066 2333; x_wconf 94' lang='lat' dir='ltr'><strong>ob</strong></span> <span class='ocrx_word' id='word_1_217' title='bbox 1089 2284 1281 2334; x_wconf 86' lang='lat' dir='ltr'><strong>incalescentem</strong></span> <span class='ocrx_word' id='word_1_218' title='bbox 1304 2290 1398 2347; x_wconf 85' lang='lat' dir='ltr'><strong>pestem</strong></span> <span class='ocrx_word' id='word_1_219' title='bbox 1413 2286 1601 2343; x_wconf 77' lang='lat' dir='ltr'><strong>,discedendum</strong></span> <span class='ocrx_word' id='word_1_220' title='bbox 1620 2289 1644 2335; x_wconf 86' lang='lat' dir='ltr'><strong>ei</strong></span> <span class='ocrx_word' id='word_1_221' title='bbox 1661 2285 1742 2335; x_wconf 84' lang='lat' dir='ltr'><strong>inite</strong></span> 
     </span>
     <span class='ocr_line' id='line_1_23' title="bbox 393 2352 1742 2420; baseline 0.001 -19"><span class='ocrx_word' id='word_1_222' title='bbox 393 2354 507 2402; x_wconf 76' lang='lat' dir='ltr'><strong>venetiis</strong></span> <span class='ocrx_word' id='word_1_223' title='bbox 525 2353 665 2415; x_wconf 79' lang='lat' dir='ltr'><strong>[bcuatlca]</strong></span> <span class='ocrx_word' id='word_1_224' title='bbox 683 2353 735 2402; x_wconf 91' lang='lat' dir='ltr'><strong>illis</strong></span> <span class='ocrx_word' id='word_1_225' title='bbox 748 2352 897 2416; x_wconf 87' lang='lat' dir='ltr'><strong>Bohemlcir,</strong></span> <span class='ocrx_word' id='word_1_226' title='bbox 914 2353 950 2401; x_wconf 87' lang='lat' dir='ltr'><strong>ita</strong></span> <span class='ocrx_word' id='word_1_227' title='bbox 968 2355 1035 2402; x_wconf 89' lang='lat' dir='ltr'><strong>enirn</strong></span> <span class='ocrx_word' id='word_1_228' title='bbox 1052 2358 1155 2403; x_wconf 86' lang='lat' dir='ltr'><strong>vocatur</strong></span> <span class='ocrx_word' id='word_1_229' title='bbox 1173 2355 1252 2417; x_wconf 90' lang='lat' dir='ltr'><strong>locus,</strong></span> <span class='ocrx_word' id='word_1_230' title='bbox 1270 2367 1345 2416; x_wconf 84' lang='lat' dir='ltr'><strong>quem</strong></span> <span class='ocrx_word' id='word_1_231' title='bbox 1362 2356 1498 2418; x_wconf 87' lang='lat' dir='ltr'><strong>Imperator</strong></span> <span class='ocrx_word' id='word_1_232' title='bbox 1515 2358 1539 2406; x_wconf 90' lang='lat' dir='ltr'><strong>el</strong></span> <span class='ocrx_word' id='word_1_233' title='bbox 1551 2370 1595 2420; x_wconf 92' lang='lat' dir='ltr'><strong>pro</strong></span> <span class='ocrx_word' id='word_1_234' title='bbox 1608 2356 1742 2405; x_wconf 86' lang='lat' dir='ltr'><strong>residentis</strong></span> 
     </span>
     <span class='ocr_line' id='line_1_24' title="bbox 395 2420 1742 2488; baseline 0.004 -16"><span class='ocrx_word' id='word_1_235' title='bbox 395 2421 576 2488; x_wconf 82' lang='lat' dir='ltr'><strong>deputaverat).</strong></span> <span class='ocrx_word' id='word_1_236' title='bbox 611 2423 734 2486; x_wconf 81' lang='lat' dir='ltr'><strong>Kaplerns</strong></span> <span class='ocrx_word' id='word_1_237' title='bbox 757 2437 816 2473; x_wconf 82' lang='lat' dir='ltr'><strong>vero</strong></span> <span class='ocrx_word' id='word_1_238' title='bbox 837 2422 904 2473; x_wconf 88' lang='lat' dir='ltr'><strong>redit</strong></span> <span class='ocrx_word' id='word_1_239' title='bbox 927 2422 960 2472; x_wconf 90' lang='lat' dir='ltr'><strong>ad</strong></span> <span class='ocrx_word' id='word_1_240' title='bbox 977 2420 1174 2487; x_wconf 85' lang='lat' dir='ltr'><strong>„Hsrmouiam“</strong></span> <span class='ocrx_word' id='word_1_241' title='bbox 1196 2436 1266 2474; x_wconf 82' lang='lat' dir='ltr'><strong>enam</strong></span> <span class='ocrx_word' id='word_1_242' title='bbox 1289 2427 1317 2474; x_wconf 90' lang='lat' dir='ltr'><strong>in</strong></span> <span class='ocrx_word' id='word_1_243' title='bbox 1340 2425 1419 2475; x_wconf 89' lang='lat' dir='ltr'><strong>literis</strong></span> <span class='ocrx_word' id='word_1_244' title='bbox 1442 2425 1509 2476; x_wconf 81' lang='lat' dir='ltr'><strong>dd</strong></span> <span class='ocrx_word' id='word_1_245' title='bbox 1531 2424 1574 2479; x_wconf 78' lang='lat'><strong>14.</strong></span> <span class='ocrx_word' id='word_1_246' title='bbox 1593 2427 1653 2476; x_wconf 89' lang='lat' dir='ltr'><strong>Dec.</strong></span> <span class='ocrx_word' id='word_1_247' title='bbox 1674 2422 1742 2478; x_wconf 71' lang='lat'>1599</span> 
     </span>
     <span class='ocr_line' id='line_1_25' title="bbox 394 2492 1740 2631; baseline 0.001 -88"><span class='ocrx_word' id='word_1_248' title='bbox 394 2492 504 2630; x_wconf 51' lang='grc' dir='ltr'><strong>ῗοτιῄῆίή</strong></span> <span class='ocrx_word' id='word_1_249' title='bbox 514 2494 658 2631; x_wconf 57' lang='lat' dir='ltr'><strong>prgrlappniseis</strong></span> <span class='ocrx_word' id='word_1_250' title='bbox 675 2493 762 2556; x_wconf 84' lang='lat' dir='ltr'><strong>paucis</strong></span> <span class='ocrx_word' id='word_1_251' title='bbox 779 2493 811 2544; x_wconf 96' lang='lat' dir='ltr'><strong>de</strong></span> <span class='ocrx_word' id='word_1_252' title='bbox 828 2494 900 2544; x_wconf 92' lang='lat' dir='ltr'><strong>libris</strong></span> <span class='ocrx_word' id='word_1_253' title='bbox 917 2494 949 2543; x_wconf 86' lang='lat' dir='ltr'><strong>eh</strong></span> <span class='ocrx_word' id='word_1_254' title='bbox 967 2492 1098 2545; x_wconf 87' lang='lat' dir='ltr'><strong>Herrrarto</strong></span> <span class='ocrx_word' id='word_1_255' title='bbox 1114 2495 1166 2558; x_wconf 83' lang='lat' dir='ltr'><strong>ipsi</strong></span> <span class='ocrx_word' id='word_1_256' title='bbox 1187 2495 1242 2545; x_wconf 89' lang='lat' dir='ltr'><strong>loco</strong></span> <span class='ocrx_word' id='word_1_257' title='bbox 1260 2495 1385 2558; x_wconf 72' lang='lat' dir='ltr'><strong>&#39;tyemonis</strong></span> <span class='ocrx_word' id='word_1_258' title='bbox 1408 2497 1568 2561; x_wconf 86' lang='lat' dir='ltr'><strong>epistolarum</strong></span> <span class='ocrx_word' id='word_1_259' title='bbox 1589 2495 1740 2548; x_wconf 73' lang='lat' dir='ltr'><strong>usuamlseis</strong></span> 
     </span>
     <span class='ocr_line' id='line_1_26' title="bbox 435 2651 1741 2732; baseline -0.002 -15"><span class='ocrx_word' id='word_1_260' title='bbox 435 2712 437 2717; x_wconf 83' lang='grc'><strong>.</strong></span> <span class='ocrx_word' id='word_1_261' title='bbox 501 2651 566 2730; x_wconf 77' lang='lat' dir='ltr'><strong>Ego</strong></span> <span class='ocrx_word' id='word_1_262' title='bbox 595 2653 650 2714; x_wconf 86' lang='lat' dir='ltr'><strong>etsi</strong></span> <span class='ocrx_word' id='word_1_263' title='bbox 668 2652 735 2727; x_wconf 62' lang='lat' dir='ltr'><strong>,hoc</strong></span> <span class='ocrx_word' id='word_1_264' title='bbox 770 2651 1016 2732; x_wconf 87' lang='lat' dir='ltr'><strong>periculosissimo</strong></span> <span class='ocrx_word' id='word_1_265' title='bbox 1044 2658 1122 2713; x_wconf 89' lang='lat' dir='ltr'><strong>stetu</strong></span> <span class='ocrx_word' id='word_1_266' title='bbox 1151 2652 1238 2716; x_wconf 80' lang='lat' dir='ltr'><strong>uelde</strong></span> <span class='ocrx_word' id='word_1_267' title='bbox 1268 2653 1436 2732; x_wconf 85' lang='lat' dir='ltr'><strong>perimbor,</strong></span> <span class='ocrx_word' id='word_1_268' title='bbox 1469 2653 1612 2717; x_wconf 86' lang='lat' dir='ltr'><strong>adornari</strong></span> <span class='ocrx_word' id='word_1_269' title='bbox 1641 2660 1741 2715; x_wconf 89' lang='lat' dir='ltr'><strong>tumen</strong></span> 
     </span>
     <span class='ocr_line' id='line_1_27' title="bbox 360 2736 1741 2820; baseline 0.001 -19"><span class='ocrx_word' id='word_1_270' title='bbox 360 2736 362 2740; x_wconf 46' lang='lat'><em>⁴</em></span> <span class='ocrx_word' id='word_1_271' title='bbox 389 2739 454 2817; x_wconf 88' lang='lat' dir='ltr'><strong>jam</strong></span> <span class='ocrx_word' id='word_1_272' title='bbox 474 2739 645 2801; x_wconf 80' lang='lat' dir='ltr'><strong>methodum</strong></span> <span class='ocrx_word' id='word_1_273' title='bbox 667 2746 697 2802; x_wconf 87' lang='lat' dir='ltr'><strong>et</strong></span> <span class='ocrx_word' id='word_1_274' title='bbox 718 2740 812 2820; x_wconf 90' lang='lat' dir='ltr'><strong>prime</strong></span> <span class='ocrx_word' id='word_1_275' title='bbox 832 2739 1009 2801; x_wconf 86' lang='lat' dir='ltr'><strong>lineamenta</strong></span> <span class='ocrx_word' id='word_1_276' title='bbox 1029 2739 1132 2815; x_wconf 91' lang='lat' dir='ltr'><strong>libelli,</strong></span> <span class='ocrx_word' id='word_1_277' title='bbox 1155 2744 1202 2801; x_wconf 91' lang='lat' dir='ltr'><strong>cui</strong></span> <span class='ocrx_word' id='word_1_278' title='bbox 1225 2741 1342 2802; x_wconf 90' lang='lat' dir='ltr'><strong>titulum</strong></span> <span class='ocrx_word' id='word_1_279' title='bbox 1363 2742 1470 2802; x_wconf 87' lang='lat' dir='ltr'><strong>iaciam</strong></span> <span class='ocrx_word' id='word_1_280' title='bbox 1493 2742 1550 2820; x_wconf 85' lang='lat' dir='ltr'><strong>,de</strong></span> <span class='ocrx_word' id='word_1_281' title='bbox 1564 2742 1741 2804; x_wconf 90' lang='lat' dir='ltr'><strong>Harmonice</strong></span> 
     </span>
     <span class='ocr_line' id='line_1_28' title="bbox 393 2825 1741 2913; baseline 0.001 -26"><span class='ocrx_word' id='word_1_282' title='bbox 393 2825 513 2888; x_wconf 78' lang='lat' dir='ltr'><strong>muudi“</strong></span> <span class='ocrx_word' id='word_1_283' title='bbox 539 2827 704 2889; x_wconf 78' lang='lat' dir='ltr'><strong>dissertatio</strong></span> <span class='ocrx_word' id='word_1_284' title='bbox 727 2826 975 2906; x_wconf 74' lang='lat' dir='ltr'><strong>cosmographica</strong></span> <span class='ocrx_word' id='word_1_285' title='bbox 1025 2826 1146 2901; x_wconf 88' lang='lat' dir='ltr'><strong>Libelli,</strong></span> <span class='ocrx_word' id='word_1_286' title='bbox 1169 2846 1222 2889; x_wconf 87' lang='lat' dir='ltr'><strong>seu</strong></span> <span class='ocrx_word' id='word_1_287' title='bbox 1244 2831 1342 2907; x_wconf 87' lang='lat' dir='ltr'><strong>capite</strong></span> <span class='ocrx_word' id='word_1_288' title='bbox 1364 2838 1449 2890; x_wconf 89' lang='lat' dir='ltr'><strong>erunt</strong></span> <span class='ocrx_word' id='word_1_289' title='bbox 1469 2834 1615 2909; x_wconf 83' lang='lat' dir='ltr'><strong>quinque:</strong></span> <span class='ocrx_word' id='word_1_290' title='bbox 1650 2829 1680 2908; x_wconf 91' lang='lat' dir='ltr'><strong>l)</strong></span> <span class='ocrx_word' id='word_1_291' title='bbox 1704 2827 1741 2913; x_wconf 84' lang='lat' dir='ltr'><strong>de</strong></span> 
     </span>
     <span class='ocr_line' id='line_1_29' title="bbox 392 2914 1738 2993; baseline 0.003 -18"><span class='ocrx_word' id='word_1_292' title='bbox 392 2915 492 2993; x_wconf 76' lang='lat' dir='ltr'><strong>figuris</strong></span> <span class='ocrx_word' id='word_1_293' title='bbox 515 2914 800 2992; x_wconf 81' lang='lat' dir='ltr'><strong>demonstrabilibus,</strong></span> <span class='ocrx_word' id='word_1_294' title='bbox 824 2916 1028 2993; x_wconf 77' lang='lat' dir='ltr'><strong>geometricus.</strong></span> <span class='ocrx_word' id='word_1_295' title='bbox 1062 2916 1096 2991; x_wconf 77' lang='lat' dir='ltr'><strong>i)</strong></span> <span class='ocrx_word' id='word_1_296' title='bbox 1120 2915 1165 2977; x_wconf 86' lang='lat' dir='ltr'><strong>De</strong></span> <span class='ocrx_word' id='word_1_297' title='bbox 1178 2917 1341 2977; x_wconf 90' lang='lat' dir='ltr'><strong>rationibus</strong></span> <span class='ocrx_word' id='word_1_298' title='bbox 1354 2916 1458 2978; x_wconf 87' lang='lat' dir='ltr'><strong>solidis</strong></span> <span class='ocrx_word' id='word_1_299' title='bbox 1472 2952 1515 2964; x_wconf 91' lang='lat'><em>-</em></span> <span class='ocrx_word' id='word_1_300' title='bbox 1530 2918 1738 2991; x_wconf 85' lang='lat' dir='ltr'><strong>arithmeticus.</strong></span> 
     </span>
     <span class='ocr_line' id='line_1_30' title="bbox 394 3002 1740 3085; baseline 0.001 -22"><span class='ocrx_word' id='word_1_301' title='bbox 394 3003 428 3079; x_wconf 81' lang='grc'><strong>3)</strong></span> <span class='ocrx_word' id='word_1_302' title='bbox 451 3002 498 3065; x_wconf 89' lang='lat' dir='ltr'><strong>De</strong></span> <span class='ocrx_word' id='word_1_303' title='bbox 520 3005 616 3066; x_wconf 89' lang='lat' dir='ltr'><strong>causis</strong></span> <span class='ocrx_word' id='word_1_304' title='bbox 639 3003 856 3065; x_wconf 86' lang='lat' dir='ltr'><strong>harmoniarum</strong></span> <span class='ocrx_word' id='word_1_305' title='bbox 877 3038 919 3048; x_wconf 98' lang='lat'>—</span> <span class='ocrx_word' id='word_1_306' title='bbox 942 3005 1082 3062; x_wconf 89' lang='lat' dir='ltr'><strong>musicus.</strong></span> <span class='ocrx_word' id='word_1_307' title='bbox 1133 3004 1168 3079; x_wconf 89' lang='grc'><strong>4)</strong></span> <span class='ocrx_word' id='word_1_308' title='bbox 1197 3004 1244 3064; x_wconf 88' lang='lat' dir='ltr'><strong>De</strong></span> <span class='ocrx_word' id='word_1_309' title='bbox 1266 3007 1363 3065; x_wconf 88' lang='lat' dir='ltr'><strong>causis</strong></span> <span class='ocrx_word' id='word_1_310' title='bbox 1386 3013 1556 3085; x_wconf 86' lang='lat' dir='ltr'><strong>aspectuum</strong></span> <span class='ocrx_word' id='word_1_311' title='bbox 1579 3039 1618 3051; x_wconf 93' lang='lat'><em>-</em></span> <span class='ocrx_word' id='word_1_312' title='bbox 1642 3012 1740 3066; x_wconf 88' lang='lat' dir='ltr'><strong>astro-</strong></span> 
     </span>
     <span class='ocr_line' id='line_1_31' title="bbox 392 3089 1741 3173; baseline 0.003 -24"><span class='ocrx_word' id='word_1_313' title='bbox 392 3089 517 3167; x_wconf 76' lang='lat' dir='ltr'><strong>logicus.</strong></span> <span class='ocrx_word' id='word_1_314' title='bbox 552 3090 583 3167; x_wconf 78' lang='lat' dir='ltr'><strong>b)</strong></span> <span class='ocrx_word' id='word_1_315' title='bbox 607 3091 653 3151; x_wconf 88' lang='lat' dir='ltr'><strong>De</strong></span> <span class='ocrx_word' id='word_1_316' title='bbox 669 3093 765 3153; x_wconf 88' lang='lat' dir='ltr'><strong>causis</strong></span> <span class='ocrx_word' id='word_1_317' title='bbox 779 3099 913 3152; x_wconf 90' lang='lat' dir='ltr'><strong>motuum</strong></span> <span class='ocrx_word' id='word_1_318' title='bbox 925 3090 1139 3171; x_wconf 89' lang='lat' dir='ltr'><strong>periodioorum</strong></span> <span class='ocrx_word' id='word_1_319' title='bbox 1153 3094 1429 3154; x_wconf 82' lang='lat' dir='ltr'><strong>-astronomicus</strong></span> <span class='ocrx_word' id='word_1_320' title='bbox 1461 3093 1567 3173; x_wconf 86' lang='lat' dir='ltr'><strong>Itaque</strong></span> <span class='ocrx_word' id='word_1_321' title='bbox 1581 3096 1741 3155; x_wconf 88' lang='lat' dir='ltr'><strong>etiamnum</strong></span> 
     </span>
    </p>

    <p class='ocr_par' dir='ltr' id='par_1_5' title="bbox 261 3170 1699 3258">
     <span class='ocr_line' id='line_1_32' title="bbox 261 3170 1699 3258; baseline -0.003 -18"><span class='ocrx_word' id='word_1_322' title='bbox 261 3191 272 3199; x_wconf 76' lang='grc'><strong>’</strong></span> <span class='ocrx_word' id='word_1_323' title='bbox 393 3195 499 3240; x_wconf 89' lang='lat' dir='ltr'><strong>moneo</strong></span> <span class='ocrx_word' id='word_1_324' title='bbox 522 3177 559 3239; x_wconf 89' lang='lat' dir='ltr'><strong>de</strong></span> <span class='ocrx_word' id='word_1_325' title='bbox 581 3176 744 3241; x_wconf 85' lang='lat' dir='ltr'><strong>Ptolomaei</strong></span> <span class='ocrx_word' id='word_1_326' title='bbox 767 3177 898 3253; x_wconf 88' lang='lat' dir='ltr'><strong>Musicis,</strong></span> <span class='ocrx_word' id='word_1_327' title='bbox 923 3196 960 3240; x_wconf 92' lang='lat' dir='ltr'><strong>en</strong></span> <span class='ocrx_word' id='word_1_328' title='bbox 983 3180 1019 3238; x_wconf 90' lang='lat' dir='ltr'><strong>iis</strong></span> <span class='ocrx_word' id='word_1_329' title='bbox 1037 3177 1139 3255; x_wconf 82' lang='lat' dir='ltr'><strong>juvari</strong></span> <span class='ocrx_word' id='word_1_330' title='bbox 1160 3181 1281 3258; x_wconf 77' lang='lat' dir='ltr'><strong>possim.</strong></span> <span class='ocrx_word' id='word_1_331' title='bbox 1430 3178 1435 3192; x_wconf 94' lang='lat'>&#39;</span> <span class='ocrx_word' id='word_1_332' title='bbox 1695 3170 1699 3179; x_wconf 78' lang='grc'><em>’</em></span> 
     </span>
    </p>

    <p class='ocr_par' dir='ltr' id='par_1_6' title="bbox 495 3264 1620 3345">
     <span class='ocr_line' id='line_1_33' title="bbox 495 3264 1620 3345; baseline 0.004 -20"><span class='ocrx_word' id='word_1_333' title='bbox 495 3264 584 3326; x_wconf 88' lang='lat' dir='ltr'><strong>Mitto</strong></span> <span class='ocrx_word' id='word_1_334' title='bbox 606 3264 653 3326; x_wconf 92' lang='lat' dir='ltr'><strong>bic</strong></span> <span class='ocrx_word' id='word_1_335' title='bbox 675 3272 705 3327; x_wconf 86' lang='lat' dir='ltr'><strong>et</strong></span> <span class='ocrx_word' id='word_1_336' title='bbox 726 3266 961 3344; x_wconf 80' lang='lat' dir='ltr'><strong>Prognostieum,</strong></span> <span class='ocrx_word' id='word_1_337' title='bbox 984 3266 1068 3343; x_wconf 88' lang='lat' dir='ltr'><strong>cujus</strong></span> <span class='ocrx_word' id='word_1_338' title='bbox 1089 3266 1300 3345; x_wconf 79' lang='lat' dir='ltr'><strong>praelationem</strong></span> <span class='ocrx_word' id='word_1_339' title='bbox 1320 3265 1403 3344; x_wconf 81' lang='lat' dir='ltr'><strong>leges</strong></span> <span class='ocrx_word' id='word_1_340' title='bbox 1425 3274 1455 3329; x_wconf 84' lang='lat' dir='ltr'><strong>et</strong></span> <span class='ocrx_word' id='word_1_341' title='bbox 1476 3269 1620 3331; x_wconf 91' lang='lat' dir='ltr'><strong>censebis.</strong></span> 
     </span>
    </p>

    <p class='ocr_par' dir='ltr' id='par_1_7' title="bbox 302 3349 1742 3523">
     <span class='ocr_line' id='line_1_34' title="bbox 302 3349 1742 3437; baseline 0.001 -24"><span class='ocrx_word' id='word_1_342' title='bbox 302 3428 307 3437; x_wconf 29' lang='grc' dir='ltr'><strong><em>Ι</em></strong></span> <span class='ocrx_word' id='word_1_343' title='bbox 497 3349 574 3414; x_wconf 87' lang='lat' dir='ltr'><strong>Vale</strong></span> <span class='ocrx_word' id='word_1_344' title='bbox 595 3353 649 3412; x_wconf 89' lang='lat' dir='ltr'><strong>Vir</strong></span> <span class='ocrx_word' id='word_1_345' title='bbox 671 3353 827 3432; x_wconf 78' lang='lat' dir='ltr'><strong>Magnifice</strong></span> <span class='ocrx_word' id='word_1_346' title='bbox 848 3371 954 3434; x_wconf 88' lang='lat' dir='ltr'><strong>meque</strong></span> <span class='ocrx_word' id='word_1_347' title='bbox 975 3354 1034 3416; x_wconf 89' lang='lat' dir='ltr'><strong>tibi</strong></span> <span class='ocrx_word' id='word_1_348' title='bbox 1057 3353 1292 3417; x_wconf 87' lang='lat' dir='ltr'><strong>commendatum</strong></span> <span class='ocrx_word' id='word_1_349' title='bbox 1318 3354 1405 3418; x_wconf 85' lang='lat' dir='ltr'><strong>habe.</strong></span> <span class='ocrx_word' id='word_1_350' title='bbox 1448 3354 1550 3434; x_wconf 79' lang='lat' dir='ltr'><strong>Mago.</strong></span> <span class='ocrx_word' id='word_1_351' title='bbox 1574 3365 1604 3417; x_wconf 89' lang='lat' dir='ltr'><strong>ct</strong></span> <span class='ocrx_word' id='word_1_352' title='bbox 1625 3353 1742 3435; x_wconf 76' lang='lat' dir='ltr'><strong>liubili-</strong></span> 
     </span>
     <span class='ocr_line' id='line_1_35' title="bbox 393 3440 1731 3523; baseline 0 -20"><span class='ocrx_word' id='word_1_353' title='bbox 393 3440 463 3503; x_wconf 87' lang='lat' dir='ltr'><strong>tetis</strong></span> <span class='ocrx_word' id='word_1_354' title='bbox 485 3445 554 3502; x_wconf 89' lang='lat' dir='ltr'><strong>inae</strong></span> <span class='ocrx_word' id='word_1_355' title='bbox 575 3440 775 3504; x_wconf 87' lang='lat' dir='ltr'><strong>deditissimus</strong></span> <span class='ocrx_word' id='word_1_356' title='bbox 1330 3440 1375 3503; x_wconf 82' lang='grc' dir='ltr'><strong>Μ.</strong></span> <span class='ocrx_word' id='word_1_357' title='bbox 1396 3442 1516 3505; x_wconf 73' lang='lat' dir='ltr'><strong>douae.</strong></span> <span class='ocrx_word' id='word_1_358' title='bbox 1539 3443 1697 3523; x_wconf 76' lang='lat' dir='ltr'><strong>Koplarue</strong></span> <span class='ocrx_word' id='word_1_359' title='bbox 1727 3500 1731 3503; x_wconf 74' lang='grc'>,</span> 
     </span>
    </p>
   </div>
   <div class='ocr_carea' id='block_1_3' title="bbox 393 3574 1747 4349">
    <p class='ocr_par' dir='ltr' id='par_1_8' title="bbox 393 3574 1747 4349">
     <span class='ocr_line' id='line_1_36' title="bbox 497 3574 1743 3648; baseline 0.002 -21"><span class='ocrx_word' id='word_1_360' title='bbox 497 3578 538 3628; x_wconf 84' lang='lat' dir='ltr'><strong>sd</strong></span> <span class='ocrx_word' id='word_1_361' title='bbox 560 3577 698 3628; x_wconf 82' lang='lat' dir='ltr'><strong>Ptolemaei</strong></span> <span class='ocrx_word' id='word_1_362' title='bbox 723 3574 888 3648; x_wconf 85' lang='lat' dir='ltr'><strong>‚,musicam“,</strong></span> <span class='ocrx_word' id='word_1_363' title='bbox 911 3594 925 3630; x_wconf 96' lang='lat' dir='ltr'><strong>e</strong></span> <span class='ocrx_word' id='word_1_364' title='bbox 947 3593 997 3642; x_wconf 82' lang='lat' dir='ltr'><strong>qua</strong></span> <span class='ocrx_word' id='word_1_365' title='bbox 1019 3580 1154 3643; x_wconf 87' lang='lat' dir='ltr'><strong>plurimum</strong></span> <span class='ocrx_word' id='word_1_366' title='bbox 1175 3580 1265 3631; x_wconf 84' lang='lat' dir='ltr'><strong>auxilii</strong></span> <span class='ocrx_word' id='word_1_367' title='bbox 1288 3579 1423 3643; x_wconf 90' lang='lat' dir='ltr'><strong>petendum</strong></span> <span class='ocrx_word' id='word_1_368' title='bbox 1446 3580 1495 3629; x_wconf 89' lang='lat' dir='ltr'><strong>sibi</strong></span> <span class='ocrx_word' id='word_1_369' title='bbox 1513 3594 1567 3631; x_wconf 89' lang='lat' dir='ltr'><strong>esse</strong></span> <span class='ocrx_word' id='word_1_370' title='bbox 1584 3581 1743 3642; x_wconf 79' lang='lat' dir='ltr'><strong>exspectabat</strong></span> 
     </span>
     <span class='ocr_line' id='line_1_37' title="bbox 394 3647 1743 3718; baseline 0 -20"><span class='ocrx_word' id='word_1_371' title='bbox 394 3648 426 3698; x_wconf 87' lang='lat' dir='ltr'><strong>sd</strong></span> <span class='ocrx_word' id='word_1_372' title='bbox 443 3647 619 3712; x_wconf 74' lang='lat' dir='ltr'><strong>perficiendam</strong></span> <span class='ocrx_word' id='word_1_373' title='bbox 637 3663 708 3700; x_wconf 87' lang='lat' dir='ltr'><strong>suem</strong></span> <span class='ocrx_word' id='word_1_374' title='bbox 724 3651 806 3712; x_wconf 87' lang='lat' dir='ltr'><strong>ipsius</strong></span> <span class='ocrx_word' id='word_1_375' title='bbox 824 3649 994 3718; x_wconf 85' lang='lat' dir='ltr'><strong>Harmoniam,</strong></span> <span class='ocrx_word' id='word_1_376' title='bbox 1012 3651 1077 3700; x_wconf 89' lang='lat' dir='ltr'><strong>redit</strong></span> <span class='ocrx_word' id='word_1_377' title='bbox 1089 3651 1211 3714; x_wconf 86' lang='lat' dir='ltr'><strong>Keplerus</strong></span> <span class='ocrx_word' id='word_1_378' title='bbox 1226 3651 1254 3699; x_wconf 92' lang='lat' dir='ltr'><strong>in</strong></span> <span class='ocrx_word' id='word_1_379' title='bbox 1265 3651 1344 3700; x_wconf 90' lang='lat' dir='ltr'><strong>literis</strong></span> <span class='ocrx_word' id='word_1_380' title='bbox 1357 3650 1389 3698; x_wconf 91' lang='lat' dir='ltr'><strong>ad</strong></span> <span class='ocrx_word' id='word_1_381' title='bbox 1400 3649 1558 3703; x_wconf 76' lang='lat' dir='ltr'><strong>Heruartum</strong></span> <span class='ocrx_word' id='word_1_382' title='bbox 1571 3651 1636 3700; x_wconf 85' lang='lat' dir='ltr'><strong>datis</strong></span> <span class='ocrx_word' id='word_1_383' title='bbox 1648 3649 1743 3699; x_wconf 77' lang='lat' dir='ltr'><strong>(iraath</strong></span> 
     </span>
     <span class='ocr_line' id='line_1_38' title="bbox 393 3714 1747 3788; baseline 0 -19"><span class='ocrx_word' id='word_1_384' title='bbox 393 3718 419 3771; x_wconf 90' lang='lat' dir='ltr'><strong>d.</strong></span> <span class='ocrx_word' id='word_1_385' title='bbox 437 3714 480 3772; x_wconf 88' lang='grc'><strong>12.</strong></span> <span class='ocrx_word' id='word_1_386' title='bbox 499 3718 563 3770; x_wconf 82' lang='lat' dir='ltr'><strong>Julil</strong></span> <span class='ocrx_word' id='word_1_387' title='bbox 582 3716 662 3783; x_wconf 84' lang='lat'><strong>1600,</strong></span> <span class='ocrx_word' id='word_1_388' title='bbox 679 3733 741 3783; x_wconf 81' lang='lat' dir='ltr'><strong>quae</strong></span> <span class='ocrx_word' id='word_1_389' title='bbox 758 3720 917 3771; x_wconf 79' lang='lat' dir='ltr'><strong>exhibuimus</strong></span> <span class='ocrx_word' id='word_1_390' title='bbox 934 3721 984 3770; x_wconf 84' lang='lat' dir='ltr'><strong>vol.</strong></span> <span class='ocrx_word' id='word_1_391' title='bbox 1004 3722 1050 3774; x_wconf 86' lang='lat'>111.</span> <span class='ocrx_word' id='word_1_392' title='bbox 1067 3735 1093 3785; x_wconf 92' lang='lat' dir='ltr'><strong>p.</strong></span> <span class='ocrx_word' id='word_1_393' title='bbox 1112 3718 1146 3775; x_wconf 81' lang='lat'><strong>23</strong></span> <span class='ocrx_word' id='word_1_394' title='bbox 1165 3736 1211 3788; x_wconf 83' lang='lat' dir='ltr'><strong>sa,</strong></span> <span class='ocrx_word' id='word_1_395' title='bbox 1236 3722 1282 3770; x_wconf 91' lang='lat' dir='ltr'><strong>ubl</strong></span> <span class='ocrx_word' id='word_1_396' title='bbox 1298 3720 1386 3771; x_wconf 88' lang='lat' dir='ltr'><strong>itidem</strong></span> <span class='ocrx_word' id='word_1_397' title='bbox 1404 3719 1479 3770; x_wconf 79' lang='lat' dir='ltr'><strong>refert</strong></span> <span class='ocrx_word' id='word_1_398' title='bbox 1496 3721 1616 3781; x_wconf 72' lang='lat' dir='ltr'><strong>qaudam</strong></span> <span class='ocrx_word' id='word_1_399' title='bbox 1636 3721 1668 3769; x_wconf 92' lang='lat' dir='ltr'><strong>de</strong></span> <span class='ocrx_word' id='word_1_400' title='bbox 1685 3721 1747 3769; x_wconf 86' lang='lat' dir='ltr'><strong>ber·</strong></span> 
     </span>
     <span class='ocr_line' id='line_1_39' title="bbox 394 3789 1743 3853; baseline -0.001 -13"><span class='ocrx_word' id='word_1_401' title='bbox 394 3791 486 3840; x_wconf 88' lang='lat' dir='ltr'><strong>moniis</strong></span> <span class='ocrx_word' id='word_1_402' title='bbox 504 3790 567 3853; x_wconf 89' lang='lat' dir='ltr'><strong>suis,</strong></span> <span class='ocrx_word' id='word_1_403' title='bbox 591 3804 654 3853; x_wconf 80' lang='lat' dir='ltr'><strong>quas</strong></span> <span class='ocrx_word' id='word_1_404' title='bbox 677 3796 732 3843; x_wconf 87' lang='lat' dir='ltr'><strong>tum</strong></span> <span class='ocrx_word' id='word_1_405' title='bbox 749 3792 868 3853; x_wconf 89' lang='lat' dir='ltr'><strong>temporis</strong></span> <span class='ocrx_word' id='word_1_406' title='bbox 885 3792 965 3853; x_wconf 56' lang='lat' dir='ltr'><strong>mnas</strong></span> <span class='ocrx_word' id='word_1_407' title='bbox 983 3794 1066 3842; x_wconf 85' lang='lat' dir='ltr'><strong>animo</strong></span> <span class='ocrx_word' id='word_1_408' title='bbox 1085 3793 1199 3842; x_wconf 80' lang='lat' dir='ltr'><strong>versabat</strong></span> <span class='ocrx_word' id='word_1_409' title='bbox 1215 3804 1290 3853; x_wconf 85' lang='lat' dir='ltr'><strong>quem</strong></span> <span class='ocrx_word' id='word_1_410' title='bbox 1309 3791 1429 3841; x_wconf 89' lang='lat' dir='ltr'><strong>theoriam</strong></span> <span class='ocrx_word' id='word_1_411' title='bbox 1450 3789 1545 3840; x_wconf 79' lang='lat' dir='ltr'><strong>Martia</strong></span> <span class='ocrx_word' id='word_1_412' title='bbox 1577 3791 1681 3839; x_wconf 84' lang='lat' dir='ltr'><strong>Librum</strong></span> <span class='ocrx_word' id='word_1_413' title='bbox 1698 3789 1743 3839; x_wconf 91' lang='lat' dir='ltr'><strong>diu</strong></span> 
     </span>
     <span class='ocr_line' id='line_1_40' title="bbox 394 3856 1743 3930; baseline 0.001 -20"><span class='ocrx_word' id='word_1_414' title='bbox 394 3858 484 3910; x_wconf 70' lang='lat' dir='ltr'><strong>matrs</strong></span> <span class='ocrx_word' id='word_1_415' title='bbox 496 3862 636 3922; x_wconf 89' lang='lat' dir='ltr'><strong>quaesitum</strong></span> <span class='ocrx_word' id='word_1_416' title='bbox 648 3865 763 3912; x_wconf 87' lang='lat' dir='ltr'><strong>mutuum</strong></span> <span class='ocrx_word' id='word_1_417' title='bbox 774 3862 879 3930; x_wconf 86' lang='lat' dir='ltr'><strong>accepit,</strong></span> <span class='ocrx_word' id='word_1_418' title='bbox 887 3860 1060 3912; x_wconf 88' lang='lat' dir='ltr'><strong>ebibliothsca</strong></span> <span class='ocrx_word' id='word_1_419' title='bbox 1068 3861 1238 3912; x_wconf 77' lang='lat' dir='ltr'><strong>Monachisnsi</strong></span> <span class='ocrx_word' id='word_1_420' title='bbox 1248 3861 1387 3911; x_wconf 71' lang='lat' dir='ltr'><strong>dmumtum</strong></span> <span class='ocrx_word' id='word_1_421' title='bbox 1400 3862 1431 3909; x_wconf 86' lang='lat' dir='ltr'><strong>ab</strong></span> <span class='ocrx_word' id='word_1_422' title='bbox 1441 3861 1568 3911; x_wconf 78' lang='lat' dir='ltr'><strong>Heruarto</strong></span> <span class='ocrx_word' id='word_1_423' title='bbox 1578 3858 1630 3926; x_wconf 74' lang='lat' dir='ltr'><strong>(cir.</strong></span> <span class='ocrx_word' id='word_1_424' title='bbox 1635 3860 1680 3909; x_wconf 90' lang='lat'>111.</span> <span class='ocrx_word' id='word_1_425' title='bbox 1690 3856 1743 3927; x_wconf 79' lang='lat'><strong>28).</strong></span> 
     </span>
     <span class='ocr_line' id='line_1_41' title="bbox 394 3927 1743 3997; baseline -0.003 -16"><span class='ocrx_word' id='word_1_426' title='bbox 394 3929 464 3982; x_wconf 89' lang='lat' dir='ltr'><strong>Hinc</strong></span> <span class='ocrx_word' id='word_1_427' title='bbox 481 3945 526 3995; x_wconf 89' lang='lat' dir='ltr'><strong>per</strong></span> <span class='ocrx_word' id='word_1_428' title='bbox 541 3927 638 3993; x_wconf 78' lang='lat' dir='ltr'><strong>ahquot</strong></span> <span class='ocrx_word' id='word_1_429' title='bbox 654 3945 732 3983; x_wconf 88' lang='lat' dir='ltr'><strong>annos</strong></span> <span class='ocrx_word' id='word_1_430' title='bbox 751 3939 885 3995; x_wconf 86' lang='lat' dir='ltr'><strong>oocnpstm</strong></span> <span class='ocrx_word' id='word_1_431' title='bbox 903 3932 994 3982; x_wconf 90' lang='lat' dir='ltr'><strong>studiis</strong></span> <span class='ocrx_word' id='word_1_432' title='bbox 1011 3947 1077 3982; x_wconf 90' lang='lat' dir='ltr'><strong>mere</strong></span> <span class='ocrx_word' id='word_1_433' title='bbox 1093 3932 1267 3983; x_wconf 77' lang='lat' dir='ltr'><strong>mironomiois</strong></span> <span class='ocrx_word' id='word_1_434' title='bbox 1284 3932 1368 3981; x_wconf 88' lang='lat' dir='ltr'><strong>omisit</strong></span> <span class='ocrx_word' id='word_1_435' title='bbox 1386 3931 1508 3994; x_wconf 82' lang='lat' dir='ltr'><strong>lieplerns</strong></span> <span class='ocrx_word' id='word_1_436' title='bbox 1526 3932 1693 3997; x_wconf 87' lang='lat' dir='ltr'><strong>harmoniam,</strong></span> <span class='ocrx_word' id='word_1_437' title='bbox 1711 3929 1743 3978; x_wconf 92' lang='lat' dir='ltr'><strong>ad</strong></span> 
     </span>
     <span class='ocr_line' id='line_1_42' title="bbox 395 3999 1743 4069; baseline -0.002 -18"><span class='ocrx_word' id='word_1_438' title='bbox 395 4015 471 4064; x_wconf 81' lang='lat' dir='ltr'><strong>qnam</strong></span> <span class='ocrx_word' id='word_1_439' title='bbox 488 4009 554 4053; x_wconf 87' lang='lat' dir='ltr'><strong>anno</strong></span> <span class='ocrx_word' id='word_1_440' title='bbox 571 4001 671 4052; x_wconf 88' lang='lat' dir='ltr'><strong>demum</strong></span> <span class='ocrx_word' id='word_1_441' title='bbox 691 4000 757 4056; x_wconf 79' lang='lat'>1607</span> <span class='ocrx_word' id='word_1_442' title='bbox 774 4003 863 4069; x_wconf 89' lang='lat' dir='ltr'><strong>rediit,</strong></span> <span class='ocrx_word' id='word_1_443' title='bbox 881 4008 964 4053; x_wconf 90' lang='lat' dir='ltr'><strong>motus</strong></span> <span class='ocrx_word' id='word_1_444' title='bbox 982 3999 1022 4053; x_wconf 87' lang='lat' dir='ltr'><strong>his</strong></span> <span class='ocrx_word' id='word_1_445' title='bbox 1039 4003 1164 4053; x_wconf 83' lang='lat' dir='ltr'><strong>Hsrrrartl</strong></span> <span class='ocrx_word' id='word_1_446' title='bbox 1181 4003 1277 4052; x_wconf 81' lang='lat' dir='ltr'><strong>uerbis:</strong></span> <span class='ocrx_word' id='word_1_447' title='bbox 1304 4001 1362 4067; x_wconf 88' lang='lat' dir='ltr'><strong>„dle</strong></span> <span class='ocrx_word' id='word_1_448' title='bbox 1379 4000 1530 4051; x_wconf 81' lang='lat' dir='ltr'><strong>Harmonice</strong></span> <span class='ocrx_word' id='word_1_449' title='bbox 1547 4001 1697 4064; x_wconf 82' lang='lat' dir='ltr'><strong>Ptolemaei,</strong></span> <span class='ocrx_word' id='word_1_450' title='bbox 1715 4012 1743 4048; x_wconf 93' lang='lat' dir='ltr'><strong>so</strong></span> 
     </span>
     <span class='ocr_line' id='line_1_43' title="bbox 394 4070 1743 4139; baseline -0.002 -18"><span class='ocrx_word' id='word_1_451' title='bbox 394 4072 526 4123; x_wconf 89' lang='lat' dir='ltr'><strong>lateiniech</strong></span> <span class='ocrx_word' id='word_1_452' title='bbox 550 4087 691 4135; x_wconf 70' lang='lat' dir='ltr'><strong>ausgangen</strong></span> <span class='ocrx_word' id='word_1_453' title='bbox 715 4087 776 4135; x_wconf 83' lang='lat' dir='ltr'><strong>seyn</strong></span> <span class='ocrx_word' id='word_1_454' title='bbox 803 4074 897 4139; x_wconf 83' lang='lat' dir='ltr'><strong>tollen,</strong></span> <span class='ocrx_word' id='word_1_455' title='bbox 922 4074 971 4123; x_wconf 86' lang='lat' dir='ltr'><strong>hab</strong></span> <span class='ocrx_word' id='word_1_456' title='bbox 994 4074 1036 4124; x_wconf 92' lang='lat' dir='ltr'><strong>ich</strong></span> <span class='ocrx_word' id='word_1_457' title='bbox 1057 4075 1097 4123; x_wconf 91' lang='lat' dir='ltr'><strong>nit</strong></span> <span class='ocrx_word' id='word_1_458' title='bbox 1118 4075 1266 4124; x_wconf 84' lang='lat' dir='ltr'><strong>behommen</strong></span> <span class='ocrx_word' id='word_1_459' title='bbox 1288 4073 1398 4124; x_wconf 73' lang='lat' dir='ltr'><strong>hennon.</strong></span> <span class='ocrx_word' id='word_1_460' title='bbox 1441 4071 1511 4120; x_wconf 82' lang='lat' dir='ltr'><strong>Wolt</strong></span> <span class='ocrx_word' id='word_1_461' title='bbox 1528 4072 1565 4122; x_wconf 88' lang='lat' dir='ltr'><strong>sie</strong></span> <span class='ocrx_word' id='word_1_462' title='bbox 1581 4084 1642 4133; x_wconf 69' lang='lat' dir='ltr'><strong>paru</strong></span> <span class='ocrx_word' id='word_1_463' title='bbox 1659 4070 1743 4136; x_wconf 70' lang='lat' dir='ltr'><strong>when,</strong></span> 
     </span>
     <span class='ocr_line' id='line_1_44' title="bbox 393 4140 1744 4208; baseline -0.004 -15"><span class='ocrx_word' id='word_1_464' title='bbox 393 4144 470 4193; x_wconf 74' lang='lat' dir='ltr'><strong>sonis</strong></span> <span class='ocrx_word' id='word_1_465' title='bbox 487 4143 549 4199; x_wconf 82' lang='lat' dir='ltr'><strong>eneh</strong></span> <span class='ocrx_word' id='word_1_466' title='bbox 569 4140 777 4194; x_wconf 78' lang='lat' dir='ltr'><strong>Gemestarium</strong></span> <span class='ocrx_word' id='word_1_467' title='bbox 788 4144 929 4208; x_wconf 75' lang='lat' dir='ltr'><strong>Porphyrii.</strong></span> <span class='ocrx_word' id='word_1_468' title='bbox 958 4144 1007 4195; x_wconf 77' lang='lat' dir='ltr'><strong>hm</strong></span> <span class='ocrx_word' id='word_1_469' title='bbox 1019 4144 1127 4194; x_wconf 90' lang='lat' dir='ltr'><strong>llebsteu</strong></span> <span class='ocrx_word' id='word_1_470' title='bbox 1137 4145 1196 4194; x_wconf 88' lang='lat' dir='ltr'><strong>aber</strong></span> <span class='ocrx_word' id='word_1_471' title='bbox 1208 4143 1251 4192; x_wconf 89' lang='lat' dir='ltr'><strong>het</strong></span> <span class='ocrx_word' id='word_1_472' title='bbox 1268 4143 1309 4191; x_wconf 85' lang='lat' dir='ltr'><strong>ich</strong></span> <span class='ocrx_word' id='word_1_473' title='bbox 1327 4156 1387 4202; x_wconf 75' lang='lat' dir='ltr'><strong>garn</strong></span> <span class='ocrx_word' id='word_1_474' title='bbox 1398 4140 1578 4192; x_wconf 79' lang='lat' dir='ltr'><strong>wiesenacbait</strong></span> <span class='ocrx_word' id='word_1_475' title='bbox 1595 4154 1644 4190; x_wconf 82' lang='lat' dir='ltr'><strong>ron</strong></span> <span class='ocrx_word' id='word_1_476' title='bbox 1662 4141 1744 4190; x_wconf 87' lang='lat' dir='ltr'><strong>sinam</strong></span> 
     </span>
     <span class='ocr_line' id='line_1_45' title="bbox 393 4210 1745 4280; baseline -0.002 -19"><span class='ocrx_word' id='word_1_477' title='bbox 393 4213 510 4278; x_wconf 90' lang='lat' dir='ltr'><strong>authore,</strong></span> <span class='ocrx_word' id='word_1_478' title='bbox 537 4213 581 4264; x_wconf 89' lang='lat' dir='ltr'><strong>der</strong></span> <span class='ocrx_word' id='word_1_479' title='bbox 598 4228 624 4264; x_wconf 88' lang='lat' dir='ltr'><strong>es</strong></span> <span class='ocrx_word' id='word_1_480' title='bbox 642 4210 799 4266; x_wconf 72' lang='lat' dir='ltr'><strong>familiariter</strong></span> <span class='ocrx_word' id='word_1_481' title='bbox 816 4217 842 4263; x_wconf 88' lang='lat' dir='ltr'><strong>et</strong></span> <span class='ocrx_word' id='word_1_482' title='bbox 858 4215 999 4265; x_wconf 86' lang='lat' dir='ltr'><strong>methodica</strong></span> <span class='ocrx_word' id='word_1_483' title='bbox 1017 4220 1092 4277; x_wconf 73' lang='lat' dir='ltr'><strong>atque</strong></span> <span class='ocrx_word' id='word_1_484' title='bbox 1110 4216 1240 4278; x_wconf 89' lang='lat' dir='ltr'><strong>perspicue</strong></span> <span class='ocrx_word' id='word_1_485' title='bbox 1257 4211 1379 4280; x_wconf 69' lang='lat' dir='ltr'><strong>haebrei,</strong></span> <span class='ocrx_word' id='word_1_486' title='bbox 1406 4210 1438 4260; x_wconf 84' lang='lat' dir='ltr'><strong>de</strong></span> <span class='ocrx_word' id='word_1_487' title='bbox 1463 4211 1563 4261; x_wconf 85' lang='lat' dir='ltr'><strong>suderat</strong></span> <span class='ocrx_word' id='word_1_488' title='bbox 1588 4210 1745 4272; x_wconf 74' lang='lat' dir='ltr'><strong>dergielchen</strong></span> 
     </span>
     <span class='ocr_line' id='line_1_46' title="bbox 394 4266 1743 4349; baseline -0.004 -17"><span class='ocrx_word' id='word_1_489' title='bbox 394 4281 574 4346; x_wconf 63' lang='lat' dir='ltr'><strong>smapengenf‘</strong></span> <span class='ocrx_word' id='word_1_490' title='bbox 616 4286 741 4349; x_wconf 83' lang='lat' dir='ltr'><strong>Kapierus</strong></span> <span class='ocrx_word' id='word_1_491' title='bbox 764 4285 797 4335; x_wconf 85' lang='lat' dir='ltr'><strong>ed</strong></span> <span class='ocrx_word' id='word_1_492' title='bbox 819 4285 1052 4347; x_wconf 71' lang='lat' dir='ltr'><strong>murmannus·</strong></span> <span class='ocrx_word' id='word_1_493' title='bbox 1074 4285 1193 4349; x_wconf 87' lang='lat' dir='ltr'><strong>epistolae</strong></span> <span class='ocrx_word' id='word_1_494' title='bbox 1219 4281 1256 4346; x_wconf 85' lang='lat' dir='ltr'><strong>(d</strong></span> <span class='ocrx_word' id='word_1_495' title='bbox 1275 4279 1316 4335; x_wconf 83' lang='lat'><strong>16.</strong></span> <span class='ocrx_word' id='word_1_496' title='bbox 1334 4281 1390 4333; x_wconf 82' lang='lat' dir='ltr'><strong>Jan.</strong></span> <span class='ocrx_word' id='word_1_497' title='bbox 1408 4277 1492 4348; x_wconf 76' lang='lat' dir='ltr'><strong>1ou)</strong></span> <span class='ocrx_word' id='word_1_498' title='bbox 1516 4282 1577 4332; x_wconf 85' lang='lat' dir='ltr'><strong>haec</strong></span> <span class='ocrx_word' id='word_1_499' title='bbox 1598 4266 1743 4343; x_wconf 70' lang='lat' dir='ltr'><strong>adsumpsit:</strong></span> 
     </span>
    </p>
   </div>
   <div class='ocr_carea' id='block_1_4' title="bbox 393 4353 1746 4947">
    <p class='ocr_par' dir='ltr' id='par_1_9' title="bbox 393 4353 1746 4947">
     <span class='ocr_line' id='line_1_47' title="bbox 394 4353 1744 4439; baseline -0.003 -24"><span class='ocrx_word' id='word_1_500' title='bbox 394 4357 437 4415; x_wconf 77' lang='lat' dir='ltr'><strong>&#39;ln</strong></span> <span class='ocrx_word' id='word_1_501' title='bbox 453 4358 513 4431; x_wconf 86' lang='lat' dir='ltr'><strong>ipss</strong></span> <span class='ocrx_word' id='word_1_502' title='bbox 530 4359 596 4416; x_wconf 90' lang='lat' dir='ltr'><strong>mihi</strong></span> <span class='ocrx_word' id='word_1_503' title='bbox 612 4358 698 4417; x_wconf 89' lang='lat' dir='ltr'><strong>iatlna</strong></span> <span class='ocrx_word' id='word_1_504' title='bbox 707 4356 857 4417; x_wconf 72' lang='lat' dir='ltr'><strong>Ptolemaei</strong></span> <span class='ocrx_word' id='word_1_505' title='bbox 869 4359 1033 4416; x_wconf 85' lang='lat' dir='ltr'><strong>Harmonice</strong></span> <span class='ocrx_word' id='word_1_506' title='bbox 1051 4374 1094 4439; x_wconf 74' lang='lat' dir='ltr'><strong>ex,</strong></span> <span class='ocrx_word' id='word_1_507' title='bbox 1104 4357 1268 4416; x_wconf 88' lang='lat' dir='ltr'><strong>bibliotheca</strong></span> <span class='ocrx_word' id='word_1_508' title='bbox 1279 4357 1411 4414; x_wconf 82' lang='lat' dir='ltr'><strong>Barurica</strong></span> <span class='ocrx_word' id='word_1_509' title='bbox 1428 4354 1609 4414; x_wconf 83' lang='lat' dir='ltr'><strong>transmisisti</strong></span> <span class='ocrx_word' id='word_1_510' title='bbox 1638 4353 1744 4411; x_wconf 80' lang='lat' dir='ltr'><strong>Multus</strong></span> 
     </span>
     <span class='ocr_line' id='line_1_48' title="bbox 394 4435 1745 4511; baseline -0.002 -17"><span class='ocrx_word' id='word_1_511' title='bbox 394 4443 438 4494; x_wconf 85' lang='lat' dir='ltr'><strong>eat</strong></span> <span class='ocrx_word' id='word_1_512' title='bbox 448 4437 477 4492; x_wconf 90' lang='lat' dir='ltr'><strong>ln</strong></span> <span class='ocrx_word' id='word_1_513' title='bbox 489 4436 663 4496; x_wconf 63' lang='lat' dir='ltr'><strong>&amp;motione</strong></span> <span class='ocrx_word' id='word_1_514' title='bbox 680 4452 811 4511; x_wconf 73' lang='lat' dir='ltr'><strong>genemm</strong></span> <span class='ocrx_word' id='word_1_515' title='bbox 823 4436 989 4511; x_wconf 76' lang='lat' dir='ltr'><strong>chromhci,</strong></span> <span class='ocrx_word' id='word_1_516' title='bbox 1008 4437 1145 4508; x_wconf 75' lang='lat' dir='ltr'><strong>maronie,</strong></span> <span class='ocrx_word' id='word_1_517' title='bbox 1163 4435 1333 4495; x_wconf 88' lang='lat' dir='ltr'><strong>enharmonii</strong></span> <span class='ocrx_word' id='word_1_518' title='bbox 1343 4438 1426 4508; x_wconf 86' lang='lat' dir='ltr'><strong>inque</strong></span> <span class='ocrx_word' id='word_1_519' title='bbox 1438 4435 1598 4494; x_wconf 77' lang='lat' dir='ltr'><strong>differentiis</strong></span> <span class='ocrx_word' id='word_1_520' title='bbox 1610 4442 1745 4502; x_wconf 83' lang='lat' dir='ltr'><strong>tonorum.</strong></span> 
     </span>
     <span class='ocr_line' id='line_1_49' title="bbox 395 4514 1745 4590; baseline 0.001 -18"><span class='ocrx_word' id='word_1_521' title='bbox 395 4523 426 4572; x_wconf 91' lang='lat' dir='ltr'><strong>ut</strong></span> <span class='ocrx_word' id='word_1_522' title='bbox 437 4523 503 4588; x_wconf 88' lang='lat' dir='ltr'><strong>puto</strong></span> <span class='ocrx_word' id='word_1_523' title='bbox 517 4524 559 4575; x_wconf 81' lang='lat'><strong>19.</strong></span> <span class='ocrx_word' id='word_1_524' title='bbox 590 4517 764 4590; x_wconf 84' lang='lat' dir='ltr'><strong>Scripsernnt</strong></span> <span class='ocrx_word' id='word_1_525' title='bbox 781 4519 815 4574; x_wconf 92' lang='lat' dir='ltr'><strong>de</strong></span> <span class='ocrx_word' id='word_1_526' title='bbox 832 4517 987 4575; x_wconf 87' lang='lat' dir='ltr'><strong>Harmonlis</strong></span> <span class='ocrx_word' id='word_1_527' title='bbox 1004 4517 1064 4574; x_wconf 84' lang='lat' dir='ltr'><strong>Jae.</strong></span> <span class='ocrx_word' id='word_1_528' title='bbox 1076 4517 1167 4574; x_wconf 84' lang='lat' dir='ltr'><strong>Faber</strong></span> <span class='ocrx_word' id='word_1_529' title='bbox 1183 4515 1354 4589; x_wconf 73' lang='lat' dir='ltr'><strong>stapulensis</strong></span> <span class='ocrx_word' id='word_1_530' title='bbox 1372 4523 1400 4573; x_wconf 87' lang='lat' dir='ltr'><strong>et</strong></span> <span class='ocrx_word' id='word_1_531' title='bbox 1411 4516 1567 4574; x_wconf 85' lang='lat' dir='ltr'><strong>Jornendns</strong></span> <span class='ocrx_word' id='word_1_532' title='bbox 1584 4523 1612 4573; x_wconf 90' lang='lat' dir='ltr'><strong>et</strong></span> <span class='ocrx_word' id='word_1_533' title='bbox 1623 4514 1745 4573; x_wconf 78' lang='lat' dir='ltr'><strong>boethus</strong></span> 
     </span>
     <span class='ocr_line' id='line_1_50' title="bbox 394 4583 1650 4669; baseline 0 -17"><span class='ocrx_word' id='word_1_534' title='bbox 394 4594 492 4667; x_wconf 83' lang='lat' dir='ltr'><strong>aliqua</strong></span> <span class='ocrx_word' id='word_1_535' title='bbox 527 4596 630 4653; x_wconf 78' lang='lat' dir='ltr'><strong>Nostro</strong></span> <span class='ocrx_word' id='word_1_536' title='bbox 647 4603 738 4654; x_wconf 85' lang='lat' dir='ltr'><strong>estate</strong></span> <span class='ocrx_word' id='word_1_537' title='bbox 755 4596 784 4654; x_wconf 80' lang='grc'><strong>8.</strong></span> <span class='ocrx_word' id='word_1_538' title='bbox 803 4597 949 4668; x_wconf 62' lang='lat' dir='ltr'><strong>cumulus,</strong></span> <span class='ocrx_word' id='word_1_539' title='bbox 967 4603 1064 4655; x_wconf 75' lang='lat' dir='ltr'><strong>mutor</strong></span> <span class='ocrx_word' id='word_1_540' title='bbox 1080 4596 1244 4669; x_wconf 59' lang='lat' dir='ltr'><strong>Lipsienua</strong></span> <span class='ocrx_word' id='word_1_541' title='bbox 1261 4595 1348 4654; x_wconf 85' lang='lat' dir='ltr'><strong>Italus</strong></span> <span class='ocrx_word' id='word_1_542' title='bbox 1365 4583 1464 4667; x_wconf 79' lang='lat' dir='ltr'><strong>uliquis</strong></span> <span class='ocrx_word' id='word_1_543' title='bbox 1481 4596 1509 4653; x_wconf 89' lang='lat' dir='ltr'><strong>in</strong></span> <span class='ocrx_word' id='word_1_544' title='bbox 1528 4596 1650 4667; x_wconf 70' lang='lat' dir='ltr'><strong>halogis</strong></span> 
     </span>
     <span class='ocr_line' id='line_1_51' title="bbox 497 4684 1698 4771; baseline -0.002 -33"><span class='ocrx_word' id='word_1_545' title='bbox 497 4688 529 4738; x_wconf 93' lang='lat' dir='ltr'><strong>In</strong></span> <span class='ocrx_word' id='word_1_546' title='bbox 545 4691 709 4752; x_wconf 84' lang='lat' dir='ltr'><strong>responsione</strong></span> <span class='ocrx_word' id='word_1_547' title='bbox 726 4686 836 4771; x_wconf 81' lang='lat' dir='ltr'><strong>llepiari,</strong></span> <span class='ocrx_word' id='word_1_548' title='bbox 854 4693 925 4753; x_wconf 71' lang='lat' dir='ltr'><strong>errius</strong></span> <span class='ocrx_word' id='word_1_549' title='bbox 943 4694 1038 4753; x_wconf 81' lang='lat' dir='ltr'><strong>partem</strong></span> <span class='ocrx_word' id='word_1_550' title='bbox 1054 4690 1231 4759; x_wconf 84' lang='lat' dir='ltr'><strong>proposuimus</strong></span> <span class='ocrx_word' id='word_1_551' title='bbox 1248 4689 1298 4744; x_wconf 83' lang='lat' dir='ltr'><strong>rol.</strong></span> <span class='ocrx_word' id='word_1_552' title='bbox 1312 4688 1359 4742; x_wconf 82' lang='grc' dir='ltr'><strong>ΙΙΙ.</strong></span> <span class='ocrx_word' id='word_1_553' title='bbox 1375 4702 1403 4754; x_wconf 76' lang='lat' dir='ltr'><strong>p.</strong></span> <span class='ocrx_word' id='word_1_554' title='bbox 1415 4684 1477 4755; x_wconf 74' lang='lat' dir='ltr'><strong>lit,</strong></span> <span class='ocrx_word' id='word_1_555' title='bbox 1494 4688 1556 4739; x_wconf 86' lang='lat' dir='ltr'><strong>haec</strong></span> <span class='ocrx_word' id='word_1_556' title='bbox 1571 4685 1698 4751; x_wconf 71' lang='lat' dir='ltr'><strong>lagnmm:</strong></span> 
     </span>
     <span class='ocr_line' id='line_1_52' title="bbox 496 4774 1746 4854; baseline -0.002 -17"><span class='ocrx_word' id='word_1_557' title='bbox 496 4776 544 4838; x_wconf 90' lang='lat' dir='ltr'><strong>De</strong></span> <span class='ocrx_word' id='word_1_558' title='bbox 572 4775 758 4839; x_wconf 87' lang='lat' dir='ltr'><strong>Harmonicia</strong></span> <span class='ocrx_word' id='word_1_559' title='bbox 786 4775 873 4839; x_wconf 86' lang='lat' dir='ltr'><strong>valde</strong></span> <span class='ocrx_word' id='word_1_560' title='bbox 902 4778 990 4838; x_wconf 89' lang='lat' dir='ltr'><strong>miror</strong></span> <span class='ocrx_word' id='word_1_561' title='bbox 1019 4774 1119 4838; x_wconf 83' lang='lat' dir='ltr'><strong>literas</strong></span> <span class='ocrx_word' id='word_1_562' title='bbox 1147 4775 1249 4854; x_wconf 74' lang='lat' dir='ltr'><strong>Magn.</strong></span> <span class='ocrx_word' id='word_1_563' title='bbox 1270 4775 1355 4839; x_wconf 76' lang='lat' dir='ltr'><strong>Tuae</strong></span> <span class='ocrx_word' id='word_1_564' title='bbox 1384 4782 1415 4839; x_wconf 90' lang='lat' dir='ltr'><strong>et</strong></span> <span class='ocrx_word' id='word_1_565' title='bbox 1443 4777 1543 4839; x_wconf 86' lang='lat' dir='ltr'><strong>nescio</strong></span> <span class='ocrx_word' id='word_1_566' title='bbox 1573 4774 1645 4854; x_wconf 86' lang='lat' dir='ltr'><strong>quid</strong></span> <span class='ocrx_word' id='word_1_567' title='bbox 1672 4774 1746 4836; x_wconf 90' lang='lat' dir='ltr'><strong>mihi</strong></span> 
     </span>
     <span class='ocr_line' id='line_1_53' title="bbox 393 4862 1745 4947; baseline 0.001 -20"><span class='ocrx_word' id='word_1_568' title='bbox 393 4862 530 4929; x_wconf 84' lang='lat' dir='ltr'><strong>rideatur</strong></span> <span class='ocrx_word' id='word_1_569' title='bbox 543 4864 765 4945; x_wconf 85' lang='lat' dir='ltr'><strong>conjiciendum,</strong></span> <span class='ocrx_word' id='word_1_570' title='bbox 787 4862 867 4947; x_wconf 83' lang='lat' dir='ltr'><strong>quod</strong></span> <span class='ocrx_word' id='word_1_571' title='bbox 881 4867 940 4942; x_wconf 87' lang='lat' dir='ltr'><strong>ais,</strong></span> <span class='ocrx_word' id='word_1_572' title='bbox 955 4862 1000 4928; x_wconf 80' lang='lat' dir='ltr'><strong>cl.</strong></span> <span class='ocrx_word' id='word_1_573' title='bbox 1015 4863 1179 4928; x_wconf 83' lang='lat' dir='ltr'><strong>Ptolemaei</strong></span> <span class='ocrx_word' id='word_1_574' title='bbox 1191 4864 1372 4930; x_wconf 83' lang='lat' dir='ltr'><strong>Harmonice</strong></span> <span class='ocrx_word' id='word_1_575' title='bbox 1391 4881 1541 4946; x_wconf 86' lang='lat' dir='ltr'><strong>nunquam</strong></span> <span class='ocrx_word' id='word_1_576' title='bbox 1563 4871 1593 4929; x_wconf 89' lang='lat' dir='ltr'><strong>ts</strong></span> <span class='ocrx_word' id='word_1_577' title='bbox 1613 4864 1745 4928; x_wconf 83' lang='lat' dir='ltr'><strong>nmcisci</strong></span> 
     </span>
    </p>
   </div>
   <div class='ocr_carea' id='block_1_5' title="bbox 0 0 1926 5854">
    <p class='ocr_par' dir='ltr' id='par_1_10' title="bbox 0 0 1926 5854">
     <span class='ocr_line' id='line_1_54' title="bbox 0 0 1926 5854; baseline 0 0"><span class='ocrx_word' id='word_1_578' title='bbox 0 0 1926 5854; x_wconf 95' lang='lat' dir='ltr'><strong> </strong></span> 
     </span>
    </p>
   </div>
  </div>
 </body>
</html>
