<?xml version="1.0" encoding="UTF-8"?>
<!DOCTYPE html PUBLIC "-//W3C//DTD XHTML 1.0 Transitional//EN"
    "http://www.w3.org/TR/xhtml1/DTD/xhtml1-transitional.dtd">
<html xmlns="http://www.w3.org/1999/xhtml" xml:lang="en" lang="en">
 <head>
  <title>
</title>
<meta http-equiv="Content-Type" content="text/html;charset=utf-8" />
  <meta name='ocr-system' content='tesseract 3.04.00' />
  <meta name='ocr-capabilities' content='ocr_page ocr_carea ocr_par ocr_line ocrx_word'/>
</head>
<body>
  <div class='ocr_page' id='page_1' title='image "./joanniskepleria29frisgoog_0084.png"; bbox 0 0 3840 5854; ppageno 0'>
   <div class='ocr_carea' id='block_1_1' title="bbox 707 474 1486 549">
    <p class='ocr_par' dir='ltr' id='par_1_1' title="bbox 707 474 1486 549">
     <span class='ocr_line' id='line_1_1' title="bbox 707 474 1486 549; baseline -0.003 -13"><span class='ocrx_word' id='word_1_1' title='bbox 707 474 742 537; x_wconf 87' lang='lat' dir='ltr'>de</span> <span class='ocrx_word' id='word_1_2' title='bbox 757 477 912 537; x_wconf 80' lang='lat' dir='ltr'>Harmonia</span> <span class='ocrx_word' id='word_1_3' title='bbox 1446 488 1486 549; x_wconf 70' lang='lat' dir='ltr'>gp</span> 
     </span>
    </p>
   </div>
   <div class='ocr_carea' id='block_1_2' title="bbox 135 655 1572 2488">
    <p class='ocr_par' dir='ltr' id='par_1_2' title="bbox 135 655 1572 2488">
     <span class='ocr_line' id='line_1_2' title="bbox 219 655 1485 743; baseline 0.004 -25"><span class='ocrx_word' id='word_1_4' title='bbox 219 656 384 719; x_wconf 70' lang='lat' dir='ltr'>binmaus</span> <span class='ocrx_word' id='word_1_5' title='bbox 407 655 704 736; x_wconf 72' lang='lat' dir='ltr'>quaestionesiacic:</span> <span class='ocrx_word' id='word_1_6' title='bbox 738 655 772 743; x_wconf 85' lang='lat'>1)</span> <span class='ocrx_word' id='word_1_7' title='bbox 795 657 826 720; x_wconf 84' lang='lat' dir='ltr'>Sl</span> <span class='ocrx_word' id='word_1_8' title='bbox 848 661 888 719; x_wconf 87' lang='lat' dir='ltr'>sit</span> <span class='ocrx_word' id='word_1_9' title='bbox 908 659 1010 736; x_wconf 88' lang='lat' dir='ltr'>aliqua</span> <span class='ocrx_word' id='word_1_10' title='bbox 1037 661 1190 737; x_wconf 73' lang='lat' dir='ltr'><strong>persuasio</strong></span> <span class='ocrx_word' id='word_1_11' title='bbox 1213 658 1390 733; x_wconf 80' lang='lat' dir='ltr'>uni&#39;rersalis</span> <span class='ocrx_word' id='word_1_12' title='bbox 1411 659 1485 723; x_wconf 90' lang='lat' dir='ltr'>lite·</span> 
     </span>
     <span class='ocr_line' id='line_1_3' title="bbox 135 746 1488 826; baseline 0.004 -20"><span class='ocrx_word' id='word_1_13' title='bbox 135 752 265 807; x_wconf 81' lang='lat' dir='ltr'>reiorum</span> <span class='ocrx_word' id='word_1_14' title='bbox 287 748 421 807; x_wconf 86' lang='lat' dir='ltr'>omnium</span> <span class='ocrx_word' id='word_1_15' title='bbox 443 752 494 807; x_wconf 90' lang='lat' dir='ltr'>aut</span> <span class='ocrx_word' id='word_1_16' title='bbox 514 746 717 825; x_wconf 86' lang='lat' dir='ltr'>plerorumque</span> <span class='ocrx_word' id='word_1_17' title='bbox 738 748 768 807; x_wconf 88' lang='lat' dir='ltr'>in</span> <span class='ocrx_word' id='word_1_18' title='bbox 790 763 898 825; x_wconf 84' lang='lat' dir='ltr'>magua</span> <span class='ocrx_word' id='word_1_19' title='bbox 918 755 1013 825; x_wconf 85' lang='lat' dir='ltr'>gente,</span> <span class='ocrx_word' id='word_1_20' title='bbox 1036 754 1076 807; x_wconf 90' lang='lat' dir='ltr'>ut</span> <span class='ocrx_word' id='word_1_21' title='bbox 1091 748 1172 824; x_wconf 92' lang='lat' dir='ltr'>quod</span> <span class='ocrx_word' id='word_1_22' title='bbox 1193 748 1249 809; x_wconf 90' lang='lat' dir='ltr'>sub</span> <span class='ocrx_word' id='word_1_23' title='bbox 1267 750 1488 826; x_wconf 73' lang='lat' dir='ltr'>coniunctiones</span> 
     </span>
     <span class='ocr_line' id='line_1_4' title="bbox 138 834 1488 916; baseline 0.001 -21"><span class='ocrx_word' id='word_1_24' title='bbox 138 851 260 911; x_wconf 76' lang='lat' dir='ltr'>maguae</span> <span class='ocrx_word' id='word_1_25' title='bbox 281 839 442 895; x_wconf 75' lang='grc' dir='ltr'>πππππππππ</span> <span class='ocrx_word' id='word_1_26' title='bbox 469 835 523 894; x_wconf 84' lang='lat' dir='ltr'>viri</span> <span class='ocrx_word' id='word_1_27' title='bbox 551 834 757 911; x_wconf 75' lang='lat' dir='ltr'>insignissimi,</span> <span class='ocrx_word' id='word_1_28' title='bbox 787 837 957 914; x_wconf 84' lang='lat' dir='ltr'>praesertim</span> <span class='ocrx_word' id='word_1_29' title='bbox 985 837 1011 896; x_wconf 94' lang='lat' dir='ltr'>si</span> <span class='ocrx_word' id='word_1_30' title='bbox 1039 834 1160 895; x_wconf 87' lang='lat' dir='ltr'>accedat</span> <span class='ocrx_word' id='word_1_31' title='bbox 1187 835 1255 897; x_wconf 92' lang='lat' dir='ltr'>loco</span> <span class='ocrx_word' id='word_1_32' title='bbox 1285 844 1337 896; x_wconf 89' lang='lat' dir='ltr'>aut</span> <span class='ocrx_word' id='word_1_33' title='bbox 1364 841 1488 916; x_wconf 78' lang='lat' dir='ltr'>tempori</span> 
     </span>
     <span class='ocr_line' id='line_1_5' title="bbox 137 920 1487 1002; baseline 0.001 -19"><span class='ocrx_word' id='word_1_34' title='bbox 137 921 224 983; x_wconf 80' lang='lat' dir='ltr'>stella</span> <span class='ocrx_word' id='word_1_35' title='bbox 244 938 341 982; x_wconf 78' lang='lat' dir='ltr'>nouae</span> <span class='ocrx_word' id='word_1_36' title='bbox 373 938 412 982; x_wconf 90' lang='lat' dir='ltr'>au</span> <span class='ocrx_word' id='word_1_37' title='bbox 434 922 522 997; x_wconf 88' lang='lat' dir='ltr'>igitur</span> <span class='ocrx_word' id='word_1_38' title='bbox 543 920 625 981; x_wconf 89' lang='lat' dir='ltr'>Deus</span> <span class='ocrx_word' id='word_1_39' title='bbox 648 928 748 982; x_wconf 89' lang='lat' dir='ltr'>utatur</span> <span class='ocrx_word' id='word_1_40' title='bbox 769 920 824 983; x_wconf 89' lang='lat' dir='ltr'>bac</span> <span class='ocrx_word' id='word_1_41' title='bbox 846 921 996 983; x_wconf 89' lang='lat' dir='ltr'>hominum</span> <span class='ocrx_word' id='word_1_42' title='bbox 1018 925 1224 1001; x_wconf 77' lang='lat' dir='ltr'>persuasione,</span> <span class='ocrx_word' id='word_1_43' title='bbox 1251 930 1284 982; x_wconf 89' lang='lat' dir='ltr'>ut</span> <span class='ocrx_word' id='word_1_44' title='bbox 1304 924 1342 983; x_wconf 87' lang='lat' dir='ltr'>iis</span> <span class='ocrx_word' id='word_1_45' title='bbox 1364 927 1487 1002; x_wconf 91' lang='lat' dir='ltr'>potissi-</span> 
     </span>
     <span class='ocr_line' id='line_1_6' title="bbox 137 1008 1488 1090; baseline 0 -17"><span class='ocrx_word' id='word_1_46' title='bbox 137 1027 218 1073; x_wconf 81' lang='lat' dir='ltr'>uann</span> <span class='ocrx_word' id='word_1_47' title='bbox 238 1008 430 1088; x_wconf 87' lang='lat' dir='ltr'>temporibus,</span> <span class='ocrx_word' id='word_1_48' title='bbox 454 1025 519 1068; x_wconf 92' lang='lat' dir='ltr'>eum</span> <span class='ocrx_word' id='word_1_49' title='bbox 541 1014 610 1069; x_wconf 88' lang='lat' dir='ltr'>eunt</span> <span class='ocrx_word' id='word_1_50' title='bbox 632 1009 779 1087; x_wconf 83' lang='lat' dir='ltr'>conjuncti</span> <span class='ocrx_word' id='word_1_51' title='bbox 801 1009 951 1089; x_wconf 86' lang='lat' dir='ltr'>planetae,</span> <span class='ocrx_word' id='word_1_52' title='bbox 976 1018 1006 1071; x_wconf 91' lang='lat' dir='ltr'>et</span> <span class='ocrx_word' id='word_1_53' title='bbox 1027 1008 1129 1070; x_wconf 76' lang='lat' dir='ltr'>etellm</span> <span class='ocrx_word' id='word_1_54' title='bbox 1151 1010 1288 1071; x_wconf 88' lang='lat' dir='ltr'>exbibeat</span> <span class='ocrx_word' id='word_1_55' title='bbox 1307 1019 1338 1070; x_wconf 89' lang='lat' dir='ltr'>et</span> <span class='ocrx_word' id='word_1_56' title='bbox 1360 1015 1488 1090; x_wconf 88' lang='lat' dir='ltr'>promis·</span> 
     </span>
     <span class='ocr_line' id='line_1_7' title="bbox 138 1095 1486 1175; baseline -0.001 -15"><span class='ocrx_word' id='word_1_57' title='bbox 138 1114 203 1160; x_wconf 88' lang='lat' dir='ltr'>sum</span> <span class='ocrx_word' id='word_1_58' title='bbox 225 1095 368 1158; x_wconf 80' lang='lat' dir='ltr'>Messinm</span> <span class='ocrx_word' id='word_1_59' title='bbox 396 1097 521 1171; x_wconf 80' lang='lat' dir='ltr'>miserit,</span> <span class='ocrx_word' id='word_1_60' title='bbox 552 1103 586 1156; x_wconf 89' lang='lat' dir='ltr'>ut</span> <span class='ocrx_word' id='word_1_61' title='bbox 606 1095 664 1157; x_wconf 88' lang='lat' dir='ltr'>boc</span> <span class='ocrx_word' id='word_1_62' title='bbox 691 1104 777 1174; x_wconf 89' lang='lat' dir='ltr'>pacto</span> <span class='ocrx_word' id='word_1_63' title='bbox 799 1097 963 1175; x_wconf 82' lang='lat' dir='ltr'>Magorum,</span> <span class='ocrx_word' id='word_1_64' title='bbox 986 1097 1140 1158; x_wconf 74' lang='lat' dir='ltr'>Persarum</span> <span class='ocrx_word' id='word_1_65' title='bbox 1169 1099 1265 1174; x_wconf 85' lang='lat' dir='ltr'>gentle</span> <span class='ocrx_word' id='word_1_66' title='bbox 1291 1100 1419 1158; x_wconf 89' lang='lat' dir='ltr'>animam</span> <span class='ocrx_word' id='word_1_67' title='bbox 1448 1099 1486 1159; x_wconf 88' lang='lat' dir='ltr'>ad</span> 
     </span>
     <span class='ocr_line' id='line_1_8' title="bbox 138 1181 1486 1263; baseline 0.002 -19"><span class='ocrx_word' id='word_1_68' title='bbox 138 1185 338 1262; x_wconf 83' lang='lat' dir='ltr'>cognitionem</span> <span class='ocrx_word' id='word_1_69' title='bbox 368 1182 496 1245; x_wconf 73' lang='lat' dir='ltr'>Messias</span> <span class='ocrx_word' id='word_1_70' title='bbox 523 1181 694 1262; x_wconf 86' lang='lat' dir='ltr'>perduceret</span> <span class='ocrx_word' id='word_1_71' title='bbox 720 1202 831 1263; x_wconf 87' lang='lat' dir='ltr'>perque</span> <span class='ocrx_word' id='word_1_72' title='bbox 850 1184 926 1245; x_wconf 89' lang='lat' dir='ltr'>illos</span> <span class='ocrx_word' id='word_1_73' title='bbox 950 1184 1062 1245; x_wconf 56' lang='lat' dir='ltr'>&#39;lamam</span> <span class='ocrx_word' id='word_1_74' title='bbox 1091 1184 1219 1246; x_wconf 77' lang='lat' dir='ltr'>Messias</span> <span class='ocrx_word' id='word_1_75' title='bbox 1252 1187 1327 1244; x_wconf 87' lang='lat' dir='ltr'>iuter</span> <span class='ocrx_word' id='word_1_76' title='bbox 1353 1185 1486 1247; x_wconf 85' lang='lat' dir='ltr'>homines</span> 
     </span>
     <span class='ocr_line' id='line_1_9' title="bbox 138 1270 1487 1351; baseline 0.001 -19"><span class='ocrx_word' id='word_1_77' title='bbox 138 1270 299 1350; x_wconf 70' lang='lat' dir='ltr'>vulgaret?</span> <span class='ocrx_word' id='word_1_78' title='bbox 322 1288 359 1332; x_wconf 92' lang='lat' dir='ltr'>an</span> <span class='ocrx_word' id='word_1_79' title='bbox 381 1273 478 1351; x_wconf 87' lang='lat' dir='ltr'>potius</span> <span class='ocrx_word' id='word_1_80' title='bbox 500 1270 646 1345; x_wconf 88' lang='lat' dir='ltr'>dicemus,</span> <span class='ocrx_word' id='word_1_81' title='bbox 669 1271 766 1333; x_wconf 91' lang='lat' dir='ltr'>Deum</span> <span class='ocrx_word' id='word_1_82' title='bbox 786 1274 881 1351; x_wconf 89' lang='lat' dir='ltr'>ipsum</span> <span class='ocrx_word' id='word_1_83' title='bbox 904 1290 982 1347; x_wconf 86' lang='lat' dir='ltr'>esse,</span> <span class='ocrx_word' id='word_1_84' title='bbox 1016 1274 1067 1349; x_wconf 91' lang='lat' dir='ltr'>qui</span> <span class='ocrx_word' id='word_1_85' title='bbox 1088 1289 1153 1334; x_wconf 90' lang='lat' dir='ltr'>cum</span> <span class='ocrx_word' id='word_1_86' title='bbox 1175 1273 1273 1333; x_wconf 89' lang='lat' dir='ltr'>omnia</span> <span class='ocrx_word' id='word_1_87' title='bbox 1295 1271 1394 1333; x_wconf 90' lang='lat' dir='ltr'>ordine</span> <span class='ocrx_word' id='word_1_88' title='bbox 1417 1282 1487 1350; x_wconf 86' lang='lat' dir='ltr'>agat</span> 
     </span>
     <span class='ocr_line' id='line_1_10' title="bbox 140 1356 1487 1438; baseline -0.001 -16"><span class='ocrx_word' id='word_1_89' title='bbox 140 1377 267 1437; x_wconf 85' lang='lat' dir='ltr'>eumque</span> <span class='ocrx_word' id='word_1_90' title='bbox 289 1356 429 1419; x_wconf 85' lang='lat' dir='ltr'>muudum</span> <span class='ocrx_word' id='word_1_91' title='bbox 450 1358 529 1420; x_wconf 91' lang='lat' dir='ltr'>buno</span> <span class='ocrx_word' id='word_1_92' title='bbox 549 1358 695 1435; x_wconf 83' lang='lat' dir='ltr'>mobilem,</span> <span class='ocrx_word' id='word_1_93' title='bbox 717 1359 749 1419; x_wconf 92' lang='lat' dir='ltr'>id</span> <span class='ocrx_word' id='word_1_94' title='bbox 770 1366 816 1421; x_wconf 90' lang='lat' dir='ltr'>eet</span> <span class='ocrx_word' id='word_1_95' title='bbox 836 1360 971 1438; x_wconf 83' lang='lat' dir='ltr'>planetas</span> <span class='ocrx_word' id='word_1_96' title='bbox 993 1362 1125 1437; x_wconf 90' lang='lat' dir='ltr'>interque</span> <span class='ocrx_word' id='word_1_97' title='bbox 1143 1375 1194 1420; x_wconf 89' lang='lat' dir='ltr'>eos</span> <span class='ocrx_word' id='word_1_98' title='bbox 1209 1360 1326 1421; x_wconf 80' lang='lat' dir='ltr'>Terram</span> <span class='ocrx_word' id='word_1_99' title='bbox 1348 1360 1487 1437; x_wconf 86' lang='lat' dir='ltr'>pulcher·</span> 
     </span>
     <span class='ocr_line' id='line_1_11' title="bbox 138 1444 1486 1524; baseline -0.001 -15"><span class='ocrx_word' id='word_1_100' title='bbox 138 1449 213 1509; x_wconf 88' lang='lat' dir='ltr'>rimo</span> <span class='ocrx_word' id='word_1_101' title='bbox 237 1445 339 1508; x_wconf 89' lang='lat' dir='ltr'>ordine</span> <span class='ocrx_word' id='word_1_102' title='bbox 362 1444 538 1523; x_wconf 80' lang='lat' dir='ltr'>condiderit,</span> <span class='ocrx_word' id='word_1_103' title='bbox 568 1447 635 1524; x_wconf 90' lang='lat' dir='ltr'>qui,</span> <span class='ocrx_word' id='word_1_104' title='bbox 666 1448 800 1524; x_wconf 87' lang='lat' dir='ltr'>iuquam,</span> <span class='ocrx_word' id='word_1_105' title='bbox 833 1447 929 1509; x_wconf 89' lang='lat' dir='ltr'>adbuc</span> <span class='ocrx_word' id='word_1_106' title='bbox 958 1447 1089 1524; x_wconf 84' lang='lat' dir='ltr'>ejusdem</span> <span class='ocrx_word' id='word_1_107' title='bbox 1118 1449 1213 1523; x_wconf 89' lang='lat' dir='ltr'>operis</span> <span class='ocrx_word' id='word_1_108' title='bbox 1240 1449 1286 1507; x_wconf 90' lang='lat' dir='ltr'>eui</span> <span class='ocrx_word' id='word_1_109' title='bbox 1309 1448 1427 1508; x_wconf 81' lang='lat' dir='ltr'>eliacim</span> <span class='ocrx_word' id='word_1_110' title='bbox 1457 1457 1486 1508; x_wconf 91' lang='grc' dir='ltr'>ππ</span> 
     </span>
     <span class='ocr_line' id='line_1_12' title="bbox 140 1533 1485 1613; baseline -0.002 -16"><span class='ocrx_word' id='word_1_111' title='bbox 140 1533 367 1609; x_wconf 71' lang='lat' dir='ltr'>datorationem</span> <span class='ocrx_word' id='word_1_112' title='bbox 396 1533 530 1612; x_wconf 74' lang='lat' dir='ltr'>dignetur</span> <span class='ocrx_word' id='word_1_113' title='bbox 562 1533 831 1598; x_wconf 83' lang='lat' dir='ltr'>accommodatione</span> <span class='ocrx_word' id='word_1_114' title='bbox 868 1535 990 1596; x_wconf 88' lang='lat' dir='ltr'>aliorum</span> <span class='ocrx_word' id='word_1_115' title='bbox 1017 1533 1220 1613; x_wconf 86' lang='lat' dir='ltr'>providentiae</span> <span class='ocrx_word' id='word_1_116' title='bbox 1247 1551 1319 1595; x_wconf 90' lang='lat' dir='ltr'>suae</span> <span class='ocrx_word' id='word_1_117' title='bbox 1342 1536 1485 1612; x_wconf 77' lang='lat' dir='ltr'>operum?</span> 
     </span>
     <span class='ocr_line' id='line_1_13' title="bbox 139 1620 1485 1700; baseline -0.002 -15"><span class='ocrx_word' id='word_1_118' title='bbox 139 1623 218 1685; x_wconf 81' lang='lat' dir='ltr'>Ecce</span> <span class='ocrx_word' id='word_1_119' title='bbox 239 1622 319 1683; x_wconf 89' lang='lat' dir='ltr'>enim</span> <span class='ocrx_word' id='word_1_120' title='bbox 333 1620 479 1682; x_wconf 79' lang='lat' dir='ltr'>Christum</span> <span class='ocrx_word' id='word_1_121' title='bbox 504 1622 586 1683; x_wconf 88' lang='lat' dir='ltr'>nasei</span> <span class='ocrx_word' id='word_1_122' title='bbox 616 1621 709 1683; x_wconf 85' lang='lat' dir='ltr'>voluit</span> <span class='ocrx_word' id='word_1_123' title='bbox 739 1623 795 1699; x_wconf 80' lang='lat' dir='ltr'>sub</span> <span class='ocrx_word' id='word_1_124' title='bbox 817 1623 1048 1700; x_wconf 86' lang='lat' dir='ltr'>conjunctionem</span> <span class='ocrx_word' id='word_1_125' title='bbox 1075 1624 1246 1698; x_wconf 84' lang='lat' dir='ltr'>maximam,</span> <span class='ocrx_word' id='word_1_126' title='bbox 1278 1638 1336 1682; x_wconf 92' lang='grc' dir='ltr'>ποπ</span> <span class='ocrx_word' id='word_1_127' title='bbox 1365 1624 1485 1699; x_wconf 88' lang='lat' dir='ltr'>ignarus</span> 
     </span>
     <span class='ocr_line' id='line_1_14' title="bbox 139 1704 1484 1788; baseline -0.001 -17"><span class='ocrx_word' id='word_1_128' title='bbox 139 1712 244 1788; x_wconf 90' lang='lat' dir='ltr'>ntique</span> <span class='ocrx_word' id='word_1_129' title='bbox 265 1715 443 1788; x_wconf 89' lang='lat' dir='ltr'>temporum,</span> <span class='ocrx_word' id='word_1_130' title='bbox 475 1726 529 1770; x_wconf 90' lang='lat' dir='ltr'>nec</span> <span class='ocrx_word' id='word_1_131' title='bbox 549 1704 702 1787; x_wconf 80' lang='lat' dir='ltr'>negligens</span> <span class='ocrx_word' id='word_1_132' title='bbox 730 1712 777 1770; x_wconf 91' lang='lat' dir='ltr'>sui</span> <span class='ocrx_word' id='word_1_133' title='bbox 799 1709 916 1772; x_wconf 82' lang='lat' dir='ltr'>ordinis</span> <span class='ocrx_word' id='word_1_134' title='bbox 960 1708 1001 1772; x_wconf 91' lang='lat' dir='ltr'>Ut</span> <span class='ocrx_word' id='word_1_135' title='bbox 1028 1710 1071 1770; x_wconf 91' lang='lat' dir='ltr'>ita</span> <span class='ocrx_word' id='word_1_136' title='bbox 1091 1710 1173 1770; x_wconf 90' lang='lat' dir='ltr'>Deus</span> <span class='ocrx_word' id='word_1_137' title='bbox 1200 1726 1260 1770; x_wconf 90' lang='lat' dir='ltr'>non</span> <span class='ocrx_word' id='word_1_138' title='bbox 1280 1709 1347 1770; x_wconf 89' lang='lat' dir='ltr'>ideo</span> <span class='ocrx_word' id='word_1_139' title='bbox 1368 1716 1484 1786; x_wconf 89' lang='lat' dir='ltr'>tempus</span> 
     </span>
     <span class='ocr_line' id='line_1_15' title="bbox 138 1796 1572 1878; baseline 0 -20"><span class='ocrx_word' id='word_1_140' title='bbox 138 1799 197 1859; x_wconf 90' lang='lat' dir='ltr'>boc</span> <span class='ocrx_word' id='word_1_141' title='bbox 220 1797 434 1878; x_wconf 79' lang='lat' dir='ltr'>observaverit,</span> <span class='ocrx_word' id='word_1_142' title='bbox 456 1798 525 1873; x_wconf 91' lang='lat' dir='ltr'>quia</span> <span class='ocrx_word' id='word_1_143' title='bbox 545 1797 678 1858; x_wconf 88' lang='lat' dir='ltr'>homines</span> <span class='ocrx_word' id='word_1_144' title='bbox 700 1796 739 1858; x_wconf 89' lang='lat' dir='ltr'>ad</span> <span class='ocrx_word' id='word_1_145' title='bbox 760 1815 796 1858; x_wconf 92' lang='lat' dir='ltr'>ea</span> <span class='ocrx_word' id='word_1_146' title='bbox 816 1800 900 1860; x_wconf 84' lang='lat' dir='ltr'>veria</span> <span class='ocrx_word' id='word_1_147' title='bbox 920 1798 1126 1877; x_wconf 88' lang='lat' dir='ltr'>superstitione</span> <span class='ocrx_word' id='word_1_148' title='bbox 1150 1799 1321 1874; x_wconf 88' lang='lat' dir='ltr'>respiciunt,</span> <span class='ocrx_word' id='word_1_149' title='bbox 1345 1796 1396 1857; x_wconf 90' lang='lat' dir='ltr'>sed</span> <span class='ocrx_word' id='word_1_150' title='bbox 1417 1796 1484 1858; x_wconf 90' lang='lat' dir='ltr'>ideo</span> <span class='ocrx_word' id='word_1_151' title='bbox 1568 1808 1572 1817; x_wconf 78' lang='grc'><strong>“</strong></span> 
     </span>
     <span class='ocr_line' id='line_1_16' title="bbox 139 1883 1485 1964; baseline -0.003 -17"><span class='ocrx_word' id='word_1_152' title='bbox 139 1886 292 1947; x_wconf 89' lang='lat' dir='ltr'>bominum</span> <span class='ocrx_word' id='word_1_153' title='bbox 314 1885 428 1945; x_wconf 90' lang='lat' dir='ltr'>animos</span> <span class='ocrx_word' id='word_1_154' title='bbox 449 1884 524 1946; x_wconf 89' lang='lat' dir='ltr'>tales</span> <span class='ocrx_word' id='word_1_155' title='bbox 546 1883 707 1946; x_wconf 88' lang='lat' dir='ltr'>condiderit</span> <span class='ocrx_word' id='word_1_156' title='bbox 727 1884 884 1964; x_wconf 79' lang='lat' dir='ltr'>taliterque</span> <span class='ocrx_word' id='word_1_157' title='bbox 904 1892 1031 1961; x_wconf 87' lang='lat' dir='ltr'>moveat,</span> <span class='ocrx_word' id='word_1_158' title='bbox 1054 1886 1124 1962; x_wconf 89' lang='lat' dir='ltr'>quia</span> <span class='ocrx_word' id='word_1_159' title='bbox 1139 1890 1169 1945; x_wconf 93' lang='grc' dir='ltr'>ππ</span> <span class='ocrx_word' id='word_1_160' title='bbox 1191 1887 1254 1962; x_wconf 89' lang='lat' dir='ltr'>ipse</span> <span class='ocrx_word' id='word_1_161' title='bbox 1276 1884 1314 1944; x_wconf 88' lang='lat' dir='ltr'>ad</span> <span class='ocrx_word' id='word_1_162' title='bbox 1331 1883 1386 1945; x_wconf 90' lang='lat' dir='ltr'>bas</span> <span class='ocrx_word' id='word_1_163' title='bbox 1407 1890 1485 1945; x_wconf 89' lang='lat' dir='ltr'>tem·</span> 
     </span>
     <span class='ocr_line' id='line_1_17' title="bbox 140 1970 1486 2052; baseline -0.003 -17"><span class='ocrx_word' id='word_1_164' title='bbox 140 1990 249 2052; x_wconf 88' lang='lat' dir='ltr'>porum</span> <span class='ocrx_word' id='word_1_165' title='bbox 271 1979 357 2034; x_wconf 81' lang='lat' dir='ltr'>notas</span> <span class='ocrx_word' id='word_1_166' title='bbox 378 1973 507 2049; x_wconf 89' lang='lat' dir='ltr'>respicit.</span> <span class='ocrx_word' id='word_1_167' title='bbox 551 1971 620 2031; x_wconf 81' lang='lat' dir='ltr'>Alia</span> <span class='ocrx_word' id='word_1_168' title='bbox 641 1973 679 2033; x_wconf 91' lang='lat' dir='ltr'>ab</span> <span class='ocrx_word' id='word_1_169' title='bbox 701 1972 757 2032; x_wconf 92' lang='lat' dir='ltr'>bac</span> <span class='ocrx_word' id='word_1_170' title='bbox 784 1980 814 2034; x_wconf 89' lang='lat' dir='ltr'>et</span> <span class='ocrx_word' id='word_1_171' title='bbox 834 1994 933 2051; x_wconf 74' lang='grc' dir='ltr'>μπρικη</span> <span class='ocrx_word' id='word_1_172' title='bbox 954 1974 1050 2049; x_wconf 88' lang='lat' dir='ltr'>magis</span> <span class='ocrx_word' id='word_1_173' title='bbox 1072 1979 1116 2032; x_wconf 90' lang='lat' dir='ltr'>est</span> <span class='ocrx_word' id='word_1_174' title='bbox 1132 1974 1280 2049; x_wconf 86' lang='lat' dir='ltr'>quaestio:</span> <span class='ocrx_word' id='word_1_175' title='bbox 1304 1988 1351 2046; x_wconf 88' lang='lat' dir='ltr'>au,</span> <span class='ocrx_word' id='word_1_176' title='bbox 1375 1970 1486 2048; x_wconf 88' lang='lat' dir='ltr'>siquid</span> 
     </span>
     <span class='ocr_line' id='line_1_18' title="bbox 139 2059 1486 2137; baseline -0.003 -15"><span class='ocrx_word' id='word_1_177' title='bbox 139 2062 224 2122; x_wconf 86' lang='lat' dir='ltr'>Deus</span> <span class='ocrx_word' id='word_1_178' title='bbox 246 2059 321 2122; x_wconf 81' lang='lat' dir='ltr'>velit</span> <span class='ocrx_word' id='word_1_179' title='bbox 341 2059 508 2120; x_wconf 86' lang='lat' dir='ltr'>bominibus</span> <span class='ocrx_word' id='word_1_180' title='bbox 529 2059 693 2137; x_wconf 78' lang='lat' dir='ltr'>significare</span> <span class='ocrx_word' id='word_1_181' title='bbox 713 2076 767 2137; x_wconf 90' lang='lat' dir='ltr'>per</span> <span class='ocrx_word' id='word_1_182' title='bbox 789 2066 882 2122; x_wconf 91' lang='lat' dir='ltr'>certos</span> <span class='ocrx_word' id='word_1_183' title='bbox 905 2061 1053 2134; x_wconf 89' lang='lat' dir='ltr'>homines,</span> <span class='ocrx_word' id='word_1_184' title='bbox 1082 2075 1182 2121; x_wconf 90' lang='lat' dir='ltr'>eorum</span> <span class='ocrx_word' id='word_1_185' title='bbox 1204 2066 1273 2120; x_wconf 91' lang='grc' dir='ltr'>ππππ</span> <span class='ocrx_word' id='word_1_186' title='bbox 1295 2059 1406 2119; x_wconf 85' lang='lat' dir='ltr'>artibus</span> <span class='ocrx_word' id='word_1_187' title='bbox 1428 2078 1486 2118; x_wconf 84' lang='lat' dir='ltr'>va·</span> 
     </span>
     <span class='ocr_line' id='line_1_19' title="bbox 140 2145 1486 2226; baseline -0.003 -17"><span class='ocrx_word' id='word_1_188' title='bbox 140 2151 248 2226; x_wconf 68' lang='lat' dir='ltr'>unque</span> <span class='ocrx_word' id='word_1_189' title='bbox 281 2147 534 2209; x_wconf 84' lang='lat' dir='ltr'>observationibus</span> <span class='ocrx_word' id='word_1_190' title='bbox 555 2145 593 2207; x_wconf 86' lang='lat' dir='ltr'>ad</span> <span class='ocrx_word' id='word_1_191' title='bbox 609 2146 770 2208; x_wconf 80' lang='lat' dir='ltr'>monmdos</span> <span class='ocrx_word' id='word_1_192' title='bbox 791 2147 871 2226; x_wconf 91' lang='lat' dir='ltr'>ipsos</span> <span class='ocrx_word' id='word_1_193' title='bbox 901 2146 1024 2209; x_wconf 79' lang='lat' dir='ltr'>untur?</span> <span class='ocrx_word' id='word_1_194' title='bbox 1067 2146 1117 2207; x_wconf 79' lang='lat' dir='ltr'>Sic</span> <span class='ocrx_word' id='word_1_195' title='bbox 1130 2146 1270 2207; x_wconf 85' lang='lat' dir='ltr'>Riislinus</span> <span class='ocrx_word' id='word_1_196' title='bbox 1291 2145 1385 2205; x_wconf 85' lang='lat' dir='ltr'>multu</span> <span class='ocrx_word' id='word_1_197' title='bbox 1414 2162 1486 2207; x_wconf 88' lang='lat' dir='ltr'>con·</span> 
     </span>
     <span class='ocr_line' id='line_1_20' title="bbox 139 2232 1486 2315; baseline -0.001 -20"><span class='ocrx_word' id='word_1_198' title='bbox 139 2237 222 2315; x_wconf 68' lang='lat' dir='ltr'>iecit,</span> <span class='ocrx_word' id='word_1_199' title='bbox 245 2252 324 2312; x_wconf 87' lang='lat' dir='ltr'>quae</span> <span class='ocrx_word' id='word_1_200' title='bbox 344 2234 481 2312; x_wconf 79' lang='lat' dir='ltr'>probarit</span> <span class='ocrx_word' id='word_1_201' title='bbox 502 2240 635 2310; x_wconf 75' lang='lat' dir='ltr'>eronus,</span> <span class='ocrx_word' id='word_1_202' title='bbox 657 2251 730 2303; x_wconf 85' lang='lat' dir='ltr'>usus</span> <span class='ocrx_word' id='word_1_203' title='bbox 752 2236 918 2297; x_wconf 82' lang='lat' dir='ltr'>rmissimis</span> <span class='ocrx_word' id='word_1_204' title='bbox 940 2235 1069 2296; x_wconf 81' lang='lat' dir='ltr'>Arabum</span> <span class='ocrx_word' id='word_1_205' title='bbox 1091 2233 1218 2311; x_wconf 77' lang='lat' dir='ltr'>regulis3</span> <span class='ocrx_word' id='word_1_206' title='bbox 1247 2232 1486 2310; x_wconf 85' lang='lat' dir='ltr'>Licbteuborgiue</span> 
     </span>
     <span class='ocr_line' id='line_1_21' title="bbox 142 2319 1487 2400; baseline -0.004 -15"><span class='ocrx_word' id='word_1_207' title='bbox 142 2341 214 2385; x_wconf 78' lang='lat' dir='ltr'>vcro</span> <span class='ocrx_word' id='word_1_208' title='bbox 235 2322 364 2400; x_wconf 88' lang='lat' dir='ltr'>plurima</span> <span class='ocrx_word' id='word_1_209' title='bbox 384 2321 472 2399; x_wconf 71' lang='lat' dir='ltr'>huius</span> <span class='ocrx_word' id='word_1_210' title='bbox 493 2323 608 2399; x_wconf 86' lang='lat' dir='ltr'>generis</span> <span class='ocrx_word' id='word_1_211' title='bbox 629 2322 732 2397; x_wconf 91' lang='lat' dir='ltr'>babet,</span> <span class='ocrx_word' id='word_1_212' title='bbox 766 2324 822 2383; x_wconf 91' lang='lat' dir='ltr'>niel</span> <span class='ocrx_word' id='word_1_213' title='bbox 844 2322 931 2384; x_wconf 82' lang='lat' dir='ltr'>fallor</span> <span class='ocrx_word' id='word_1_214' title='bbox 960 2330 990 2384; x_wconf 92' lang='grc' dir='ltr'>ππ</span> <span class='ocrx_word' id='word_1_215' title='bbox 1012 2324 1040 2381; x_wconf 89' lang='lat' dir='ltr'>in</span> <span class='ocrx_word' id='word_1_216' title='bbox 1063 2323 1191 2396; x_wconf 83' lang='lat' dir='ltr'>antiquie</span> <span class='ocrx_word' id='word_1_217' title='bbox 1211 2320 1374 2399; x_wconf 78' lang='lat' dir='ltr'>prophetie,</span> <span class='ocrx_word' id='word_1_218' title='bbox 1402 2321 1433 2380; x_wconf 90' lang='lat' dir='ltr'>iu</span> <span class='ocrx_word' id='word_1_219' title='bbox 1455 2319 1487 2382; x_wconf 77' lang='grc' dir='ltr'>Β.</span> 
     </span>
     <span class='ocr_line' id='line_1_22' title="bbox 143 2406 1487 2488; baseline -0.001 -18"><span class='ocrx_word' id='word_1_220' title='bbox 143 2411 281 2488; x_wconf 63' lang='lat' dir='ltr'>Brigina</span> <span class='ocrx_word' id='word_1_221' title='bbox 303 2409 459 2470; x_wconf 85' lang='lat' dir='ltr'>Joaelrimc</span> <span class='ocrx_word' id='word_1_222' title='bbox 481 2416 535 2471; x_wconf 88' lang='lat' dir='ltr'>etc.</span> <span class='ocrx_word' id='word_1_223' title='bbox 557 2408 629 2470; x_wconf 85' lang='lat' dir='ltr'>talia</span> <span class='ocrx_word' id='word_1_224' title='bbox 649 2412 758 2469; x_wconf 80' lang='lat' dir='ltr'>insunt.</span> <span class='ocrx_word' id='word_1_225' title='bbox 804 2410 910 2470; x_wconf 80' lang='lat' dir='ltr'>Daniel</span> <span class='ocrx_word' id='word_1_226' title='bbox 939 2410 1083 2487; x_wconf 90' lang='lat' dir='ltr'>propbeta</span> <span class='ocrx_word' id='word_1_227' title='bbox 1110 2408 1166 2468; x_wconf 85' lang='lat' dir='ltr'>tuit</span> <span class='ocrx_word' id='word_1_228' title='bbox 1186 2409 1336 2469; x_wconf 86' lang='lat' dir='ltr'>institutus</span> <span class='ocrx_word' id='word_1_229' title='bbox 1362 2410 1392 2466; x_wconf 88' lang='lat' dir='ltr'>in</span> <span class='ocrx_word' id='word_1_230' title='bbox 1415 2406 1487 2468; x_wconf 86' lang='lat' dir='ltr'>doe·</span> 
     </span>
    </p>
   </div>
   <div class='ocr_carea' id='block_1_3' title="bbox 143 2494 1605 2577">
    <p class='ocr_par' dir='ltr' id='par_1_3' title="bbox 143 2494 1605 2577">
     <span class='ocr_line' id='line_1_23' title="bbox 143 2494 1605 2577; baseline -0.003 -19"><span class='ocrx_word' id='word_1_231' title='bbox 143 2499 222 2558; x_wconf 72' lang='lat' dir='ltr'>uina</span> <span class='ocrx_word' id='word_1_232' title='bbox 244 2495 473 2569; x_wconf 79' lang='lat' dir='ltr'>Chaldaeorum,</span> <span class='ocrx_word' id='word_1_233' title='bbox 504 2497 587 2574; x_wconf 88' lang='lat' dir='ltr'>cujus</span> <span class='ocrx_word' id='word_1_234' title='bbox 610 2514 677 2575; x_wconf 90' lang='lat' dir='ltr'>pare</span> <span class='ocrx_word' id='word_1_235' title='bbox 698 2502 744 2558; x_wconf 87' lang='lat' dir='ltr'>eet</span> <span class='ocrx_word' id='word_1_236' title='bbox 765 2497 802 2559; x_wconf 90' lang='lat' dir='ltr'>de</span> <span class='ocrx_word' id='word_1_237' title='bbox 824 2499 1004 2576; x_wconf 75' lang='lat' dir='ltr'>ingressibus</span> <span class='ocrx_word' id='word_1_238' title='bbox 1026 2513 1182 2571; x_wconf 88' lang='lat' dir='ltr'>annorum,</span> <span class='ocrx_word' id='word_1_239' title='bbox 1211 2494 1248 2557; x_wconf 91' lang='lat' dir='ltr'>de</span> <span class='ocrx_word' id='word_1_240' title='bbox 1267 2497 1358 2555; x_wconf 90' lang='lat' dir='ltr'>initiis</span> <span class='ocrx_word' id='word_1_241' title='bbox 1379 2510 1488 2573; x_wconf 84' lang='lat' dir='ltr'>reguo·</span> <span class='ocrx_word' id='word_1_242' title='bbox 1602 2566 1605 2577; x_wconf 30' lang='grc'>1</span> 
     </span>
    </p>
   </div>
   <div class='ocr_carea' id='block_1_4' title="bbox 142 2581 1490 3625">
    <p class='ocr_par' dir='ltr' id='par_1_4' title="bbox 142 2581 1490 3625">
     <span class='ocr_line' id='line_1_24' title="bbox 142 2581 1488 2665; baseline -0.002 -20"><span class='ocrx_word' id='word_1_243' title='bbox 142 2602 228 2665; x_wconf 89' lang='lat' dir='ltr'>rum,</span> <span class='ocrx_word' id='word_1_244' title='bbox 250 2583 288 2645; x_wconf 90' lang='lat' dir='ltr'>de</span> <span class='ocrx_word' id='word_1_245' title='bbox 310 2582 527 2661; x_wconf 73' lang='lat' dir='ltr'>quadrangulis,</span> <span class='ocrx_word' id='word_1_246' title='bbox 551 2582 587 2644; x_wconf 91' lang='lat' dir='ltr'>de</span> <span class='ocrx_word' id='word_1_247' title='bbox 611 2582 796 2662; x_wconf 79' lang='lat' dir='ltr'>Capricorno,</span> <span class='ocrx_word' id='word_1_248' title='bbox 820 2584 929 2646; x_wconf 79' lang='lat' dir='ltr'>Ariete.</span> <span class='ocrx_word' id='word_1_249' title='bbox 973 2585 1011 2644; x_wconf 86' lang='lat' dir='ltr'>lit</span> <span class='ocrx_word' id='word_1_250' title='bbox 1032 2600 1099 2645; x_wconf 87' lang='lat' dir='ltr'>ecee</span> <span class='ocrx_word' id='word_1_251' title='bbox 1121 2599 1197 2644; x_wconf 91' lang='lat' dir='ltr'>anno</span> <span class='ocrx_word' id='word_1_252' title='bbox 1218 2585 1311 2661; x_wconf 91' lang='lat' dir='ltr'>primo</span> <span class='ocrx_word' id='word_1_253' title='bbox 1334 2581 1416 2643; x_wconf 85' lang='lat' dir='ltr'>Darii</span> <span class='ocrx_word' id='word_1_254' title='bbox 1439 2584 1488 2642; x_wconf 88' lang='lat' dir='ltr'>ri·</span> 
     </span>
     <span class='ocr_line' id='line_1_25' title="bbox 144 2669 1488 2750; baseline -0.003 -16"><span class='ocrx_word' id='word_1_255' title='bbox 144 2671 196 2734; x_wconf 87' lang='lat' dir='ltr'>det</span> <span class='ocrx_word' id='word_1_256' title='bbox 217 2672 349 2733; x_wconf 77' lang='lat' dir='ltr'>Arietem</span> <span class='ocrx_word' id='word_1_257' title='bbox 371 2677 401 2732; x_wconf 90' lang='lat' dir='ltr'>et</span> <span class='ocrx_word' id='word_1_258' title='bbox 421 2669 540 2731; x_wconf 87' lang='lat' dir='ltr'>Hircum</span> <span class='ocrx_word' id='word_1_259' title='bbox 561 2678 758 2749; x_wconf 76' lang='lat' dir='ltr'>pugnantem:</span> <span class='ocrx_word' id='word_1_260' title='bbox 788 2672 859 2750; x_wconf 91' lang='lat' dir='ltr'>qnid</span> <span class='ocrx_word' id='word_1_261' title='bbox 881 2674 906 2732; x_wconf 89' lang='lat' dir='ltr'>si</span> <span class='ocrx_word' id='word_1_262' title='bbox 933 2689 969 2732; x_wconf 86' lang='lat' dir='ltr'>ex</span> <span class='ocrx_word' id='word_1_263' title='bbox 991 2673 1168 2732; x_wconf 77' lang='lat' dir='ltr'>asbouomia</span> <span class='ocrx_word' id='word_1_264' title='bbox 1197 2673 1261 2747; x_wconf 89' lang='lat' dir='ltr'>quie</span> <span class='ocrx_word' id='word_1_265' title='bbox 1286 2677 1369 2732; x_wconf 90' lang='lat' dir='ltr'>eruat</span> <span class='ocrx_word' id='word_1_266' title='bbox 1389 2670 1488 2730; x_wconf 88' lang='lat' dir='ltr'>thema</span> 
     </span>
     <span class='ocr_line' id='line_1_26' title="bbox 144 2755 1488 2838; baseline -0.004 -17"><span class='ocrx_word' id='word_1_267' title='bbox 144 2758 275 2821; x_wconf 73' lang='lat' dir='ltr'>andeste</span> <span class='ocrx_word' id='word_1_268' title='bbox 295 2761 328 2818; x_wconf 89' lang='lat' dir='ltr'>in</span> <span class='ocrx_word' id='word_1_269' title='bbox 348 2758 468 2818; x_wconf 90' lang='lat' dir='ltr'>introitu</span> <span class='ocrx_word' id='word_1_270' title='bbox 489 2760 568 2838; x_wconf 89' lang='lat' dir='ltr'>anni,</span> <span class='ocrx_word' id='word_1_271' title='bbox 589 2758 640 2819; x_wconf 90' lang='lat' dir='ltr'>ubi</span> <span class='ocrx_word' id='word_1_272' title='bbox 662 2761 842 2836; x_wconf 85' lang='lat' dir='ltr'>superiorum</span> <span class='ocrx_word' id='word_1_273' title='bbox 864 2777 939 2820; x_wconf 86' lang='lat' dir='ltr'>unus</span> <span class='ocrx_word' id='word_1_274' title='bbox 960 2762 990 2818; x_wconf 87' lang='lat' dir='ltr'>in</span> <span class='ocrx_word' id='word_1_275' title='bbox 1013 2757 1198 2837; x_wconf 79' lang='lat' dir='ltr'>capricorno,</span> <span class='ocrx_word' id='word_1_276' title='bbox 1221 2756 1294 2818; x_wconf 86' lang='lat' dir='ltr'>alter</span> <span class='ocrx_word' id='word_1_277' title='bbox 1314 2759 1344 2815; x_wconf 92' lang='lat' dir='ltr'>in</span> <span class='ocrx_word' id='word_1_278' title='bbox 1364 2755 1488 2818; x_wconf 79' lang='lat' dir='ltr'>Ariete?</span> 
     </span>
     <span class='ocr_line' id='line_1_27' title="bbox 144 2844 1489 2925; baseline -0.005 -17"><span class='ocrx_word' id='word_1_279' title='bbox 144 2846 208 2908; x_wconf 79' lang='lat' dir='ltr'>bled</span> <span class='ocrx_word' id='word_1_280' title='bbox 227 2847 270 2907; x_wconf 85' lang='lat' dir='ltr'>sti</span> <span class='ocrx_word' id='word_1_281' title='bbox 292 2845 335 2906; x_wconf 89' lang='lat' dir='ltr'>eti</span> <span class='ocrx_word' id='word_1_282' title='bbox 356 2862 395 2906; x_wconf 94' lang='lat' dir='ltr'>ne</span> <span class='ocrx_word' id='word_1_283' title='bbox 417 2847 482 2923; x_wconf 85' lang='lat' dir='ltr'>quis</span> <span class='ocrx_word' id='word_1_284' title='bbox 497 2845 750 2925; x_wconf 87' lang='lat' dir='ltr'>superciliosorum</span> <span class='ocrx_word' id='word_1_285' title='bbox 765 2848 874 2909; x_wconf 88' lang='lat' dir='ltr'>nudam</span> <span class='ocrx_word' id='word_1_286' title='bbox 890 2847 1085 2925; x_wconf 76' lang='lat' dir='ltr'>dmourrprrin</span> <span class='ocrx_word' id='word_1_287' title='bbox 1101 2847 1206 2905; x_wconf 88' lang='lat' dir='ltr'>crimen</span> <span class='ocrx_word' id='word_1_288' title='bbox 1221 2844 1404 2904; x_wconf 78' lang='lat' dir='ltr'>manifestum</span> <span class='ocrx_word' id='word_1_289' title='bbox 1425 2849 1489 2902; x_wconf 89' lang='lat' dir='ltr'>tra·</span> 
     </span>
     <span class='ocr_line' id='line_1_28' title="bbox 143 2930 1486 3011; baseline -0.004 -15"><span class='ocrx_word' id='word_1_290' title='bbox 143 2935 207 2996; x_wconf 86' lang='lat' dir='ltr'>bat.</span> <span class='ocrx_word' id='word_1_291' title='bbox 252 2932 311 2994; x_wconf 89' lang='grc' dir='ltr'>Η1π</span> <span class='ocrx_word' id='word_1_292' title='bbox 332 2933 420 3009; x_wconf 84' lang='lat' dir='ltr'>igitur</span> <span class='ocrx_word' id='word_1_293' title='bbox 440 2930 523 2993; x_wconf 87' lang='lat' dir='ltr'>soleo</span> <span class='ocrx_word' id='word_1_294' title='bbox 545 2950 616 2993; x_wconf 88' lang='lat' dir='ltr'>sanc</span> <span class='ocrx_word' id='word_1_295' title='bbox 638 2932 750 3011; x_wconf 89' lang='lat' dir='ltr'>aliquid</span> <span class='ocrx_word' id='word_1_296' title='bbox 771 2936 897 2996; x_wconf 88' lang='lat' dir='ltr'>tribuere</span> <span class='ocrx_word' id='word_1_297' title='bbox 919 2935 1038 2995; x_wconf 85' lang='lat' dir='ltr'>eventui</span> <span class='ocrx_word' id='word_1_298' title='bbox 1051 2931 1290 3011; x_wconf 81' lang='lat' dir='ltr'>praedictionum,</span> <span class='ocrx_word' id='word_1_299' title='bbox 1312 2936 1346 2990; x_wconf 92' lang='grc' dir='ltr'>ππ</span> <span class='ocrx_word' id='word_1_300' title='bbox 1365 2933 1396 2989; x_wconf 92' lang='lat' dir='ltr'>iu</span> <span class='ocrx_word' id='word_1_301' title='bbox 1411 2930 1486 2992; x_wconf 90' lang='lat' dir='ltr'>libro</span> 
     </span>
     <span class='ocr_line' id='line_1_29' title="bbox 145 3017 1486 3105; baseline -0.003 -22"><span class='ocrx_word' id='word_1_302' title='bbox 145 3021 182 3083; x_wconf 88' lang='lat' dir='ltr'>de</span> <span class='ocrx_word' id='word_1_303' title='bbox 204 3018 301 3082; x_wconf 76' lang='lat' dir='ltr'>Stella</span> <span class='ocrx_word' id='word_1_304' title='bbox 323 3026 352 3081; x_wconf 90' lang='lat' dir='ltr'>at</span> <span class='ocrx_word' id='word_1_305' title='bbox 373 3025 474 3080; x_wconf 89' lang='lat' dir='ltr'>contra</span> <span class='ocrx_word' id='word_1_306' title='bbox 495 3019 656 3105; x_wconf 77' lang='lat' dir='ltr'>Riislinum</span> <span class='ocrx_word' id='word_1_307' title='bbox 701 3018 743 3081; x_wconf 86' lang='lat' dir='ltr'>At</span> <span class='ocrx_word' id='word_1_308' title='bbox 764 3024 906 3097; x_wconf 84' lang='lat' dir='ltr'>existimo,</span> <span class='ocrx_word' id='word_1_309' title='bbox 929 3021 1090 3098; x_wconf 86' lang='lat' dir='ltr'>legitimum</span> <span class='ocrx_word' id='word_1_310' title='bbox 1112 3036 1177 3081; x_wconf 87' lang='lat' dir='ltr'>esse</span> <span class='ocrx_word' id='word_1_311' title='bbox 1197 3019 1324 3080; x_wconf 89' lang='lat' dir='ltr'>medium</span> <span class='ocrx_word' id='word_1_312' title='bbox 1349 3017 1486 3095; x_wconf 81' lang='lat' dir='ltr'>negando</span> 
     </span>
     <span class='ocr_line' id='line_1_30' title="bbox 145 3103 1486 3187; baseline -0.004 -16"><span class='ocrx_word' id='word_1_313' title='bbox 145 3110 270 3171; x_wconf 66' lang='lat' dir='ltr'>mamati</span> <span class='ocrx_word' id='word_1_314' title='bbox 290 3114 405 3185; x_wconf 82' lang='lat' dir='ltr'>praeter</span> <span class='ocrx_word' id='word_1_315' title='bbox 426 3124 476 3183; x_wconf 90' lang='lat' dir='ltr'>ea,</span> <span class='ocrx_word' id='word_1_316' title='bbox 506 3124 582 3184; x_wconf 90' lang='lat' dir='ltr'>quae</span> <span class='ocrx_word' id='word_1_317' title='bbox 603 3114 637 3167; x_wconf 91' lang='lat' dir='ltr'>tu</span> <span class='ocrx_word' id='word_1_318' title='bbox 658 3109 820 3187; x_wconf 84' lang='lat' dir='ltr'>sapienter,</span> <span class='ocrx_word' id='word_1_319' title='bbox 850 3113 890 3184; x_wconf 90' lang='lat' dir='ltr'>ei,</span> <span class='ocrx_word' id='word_1_320' title='bbox 913 3110 963 3186; x_wconf 91' lang='lat' dir='ltr'>qui</span> <span class='ocrx_word' id='word_1_321' title='bbox 986 3109 1099 3183; x_wconf 87' lang='lat' dir='ltr'>scribit,</span> <span class='ocrx_word' id='word_1_322' title='bbox 1125 3106 1196 3168; x_wconf 92' lang='lat' dir='ltr'>mali</span> <span class='ocrx_word' id='word_1_323' title='bbox 1217 3107 1306 3167; x_wconf 87' lang='lat' dir='ltr'>moris</span> <span class='ocrx_word' id='word_1_324' title='bbox 1328 3103 1416 3166; x_wconf 91' lang='lat' dir='ltr'>homo</span> <span class='ocrx_word' id='word_1_325' title='bbox 1438 3107 1486 3177; x_wconf 91' lang='lat' dir='ltr'>sit,</span> 
     </span>
     <span class='ocr_line' id='line_1_31' title="bbox 145 3193 1486 3274; baseline -0.005 -15"><span class='ocrx_word' id='word_1_326' title='bbox 145 3196 301 3259; x_wconf 73' lang='lat' dir='ltr'>affectius</span> <span class='ocrx_word' id='word_1_327' title='bbox 320 3195 459 3273; x_wconf 90' lang='lat' dir='ltr'>rapiatur,</span> <span class='ocrx_word' id='word_1_328' title='bbox 480 3194 511 3252; x_wconf 91' lang='lat' dir='ltr'>in</span> <span class='ocrx_word' id='word_1_329' title='bbox 531 3212 592 3255; x_wconf 91' lang='lat' dir='ltr'>rem</span> <span class='ocrx_word' id='word_1_330' title='bbox 614 3211 697 3255; x_wconf 89' lang='lat' dir='ltr'>suam</span> <span class='ocrx_word' id='word_1_331' title='bbox 719 3204 805 3274; x_wconf 87' lang='lat' dir='ltr'>agat,</span> <span class='ocrx_word' id='word_1_332' title='bbox 827 3203 963 3259; x_wconf 81' lang='lat' dir='ltr'>votorum</span> <span class='ocrx_word' id='word_1_333' title='bbox 984 3209 1102 3257; x_wconf 89' lang='lat' dir='ltr'>sucrum</span> <span class='ocrx_word' id='word_1_334' title='bbox 1123 3194 1298 3274; x_wconf 70' lang='grc' dir='ltr'>προξπφηπης</span> <span class='ocrx_word' id='word_1_335' title='bbox 1320 3195 1366 3253; x_wconf 84' lang='lat' dir='ltr'>sit</span> <span class='ocrx_word' id='word_1_336' title='bbox 1409 3193 1486 3253; x_wconf 87' lang='lat' dir='ltr'>Nam</span> 
     </span>
     <span class='ocr_line' id='line_1_32' title="bbox 145 3280 1487 3361; baseline -0.002 -18"><span class='ocrx_word' id='word_1_337' title='bbox 145 3301 206 3361; x_wconf 73' lang='lat' dir='ltr'>qno</span> <span class='ocrx_word' id='word_1_338' title='bbox 227 3282 297 3361; x_wconf 88' lang='lat' dir='ltr'>plue</span> <span class='ocrx_word' id='word_1_339' title='bbox 317 3281 452 3355; x_wconf 87' lang='lat' dir='ltr'>bominis,</span> <span class='ocrx_word' id='word_1_340' title='bbox 476 3280 532 3342; x_wconf 89' lang='lat' dir='ltr'>boc</span> <span class='ocrx_word' id='word_1_341' title='bbox 553 3283 649 3342; x_wconf 89' lang='lat' dir='ltr'>minus</span> <span class='ocrx_word' id='word_1_342' title='bbox 671 3282 728 3343; x_wconf 89' lang='lat' dir='ltr'>Dei</span> <span class='ocrx_word' id='word_1_343' title='bbox 750 3292 797 3344; x_wconf 87' lang='lat' dir='ltr'>est</span> <span class='ocrx_word' id='word_1_344' title='bbox 816 3286 846 3343; x_wconf 92' lang='lat' dir='ltr'>iu</span> <span class='ocrx_word' id='word_1_345' title='bbox 868 3285 994 3345; x_wconf 88' lang='lat' dir='ltr'>bomine.</span> <span class='ocrx_word' id='word_1_346' title='bbox 1036 3283 1192 3345; x_wconf 89' lang='lat' dir='ltr'>Praeterea</span> <span class='ocrx_word' id='word_1_347' title='bbox 1214 3290 1244 3343; x_wconf 89' lang='lat' dir='ltr'>et</span> <span class='ocrx_word' id='word_1_348' title='bbox 1264 3281 1321 3343; x_wconf 90' lang='lat' dir='ltr'>boc</span> <span class='ocrx_word' id='word_1_349' title='bbox 1343 3280 1413 3340; x_wconf 87' lang='lat' dir='ltr'>mibi</span> <span class='ocrx_word' id='word_1_350' title='bbox 1435 3297 1487 3340; x_wconf 92' lang='lat' dir='ltr'>ca-</span> 
     </span>
     <span class='ocr_line' id='line_1_33' title="bbox 145 3367 1488 3447; baseline -0.001 -16"><span class='ocrx_word' id='word_1_351' title='bbox 145 3370 291 3443; x_wconf 86' lang='lat' dir='ltr'>rendum,</span> <span class='ocrx_word' id='word_1_352' title='bbox 313 3386 369 3444; x_wconf 91' lang='lat' dir='ltr'>ne,</span> <span class='ocrx_word' id='word_1_353' title='bbox 391 3370 441 3447; x_wconf 89' lang='lat' dir='ltr'>qui</span> <span class='ocrx_word' id='word_1_354' title='bbox 461 3367 617 3447; x_wconf 88' lang='lat' dir='ltr'>plurimum</span> <span class='ocrx_word' id='word_1_355' title='bbox 638 3370 735 3431; x_wconf 86' lang='lat' dir='ltr'>tribuo</span> <span class='ocrx_word' id='word_1_356' title='bbox 757 3371 1022 3447; x_wconf 85' lang='lat' dir='ltr'>characterieationi</span> <span class='ocrx_word' id='word_1_357' title='bbox 1050 3374 1154 3432; x_wconf 89' lang='lat' dir='ltr'>mentis</span> <span class='ocrx_word' id='word_1_358' title='bbox 1176 3370 1320 3430; x_wconf 88' lang='lat' dir='ltr'>hnmanae</span> <span class='ocrx_word' id='word_1_359' title='bbox 1351 3376 1488 3430; x_wconf 91' lang='lat' dir='ltr'>emente</span> 
     </span>
     <span class='ocr_line' id='line_1_34' title="bbox 147 3455 1487 3537; baseline -0.005 -17"><span class='ocrx_word' id='word_1_360' title='bbox 147 3459 287 3520; x_wconf 73' lang='grc' dir='ltr'>πππππππππ</span> <span class='ocrx_word' id='word_1_361' title='bbox 308 3458 339 3516; x_wconf 91' lang='lat' dir='ltr'>in</span> <span class='ocrx_word' id='word_1_362' title='bbox 360 3455 550 3531; x_wconf 75' lang='lat' dir='ltr'>animalibus,</span> <span class='ocrx_word' id='word_1_363' title='bbox 573 3456 651 3516; x_wconf 88' lang='lat' dir='ltr'>idem</span> <span class='ocrx_word' id='word_1_364' title='bbox 672 3475 727 3534; x_wconf 91' lang='lat' dir='ltr'>ego</span> <span class='ocrx_word' id='word_1_365' title='bbox 748 3467 915 3537; x_wconf 89' lang='lat' dir='ltr'>suspectum</span> <span class='ocrx_word' id='word_1_366' title='bbox 929 3460 1035 3520; x_wconf 64' lang='lat' dir='ltr'>lacum</span> <span class='ocrx_word' id='word_1_367' title='bbox 1056 3459 1115 3519; x_wconf 89' lang='lat' dir='ltr'>boc</span> <span class='ocrx_word' id='word_1_368' title='bbox 1129 3460 1278 3536; x_wconf 77' lang='lat' dir='ltr'>negotium</span> <span class='ocrx_word' id='word_1_369' title='bbox 1301 3455 1487 3531; x_wconf 79' lang='lat' dir='ltr'>adjunctione</span> 
     </span>
     <span class='ocr_line' id='line_1_35' title="bbox 145 3543 1490 3625; baseline -0.002 -20"><span class='ocrx_word' id='word_1_370' title='bbox 145 3546 228 3605; x_wconf 86' lang='lat' dir='ltr'>illius</span> <span class='ocrx_word' id='word_1_371' title='bbox 251 3543 505 3605; x_wconf 85' lang='lat' dir='ltr'>condescensionis</span> <span class='ocrx_word' id='word_1_372' title='bbox 536 3546 566 3602; x_wconf 92' lang='lat' dir='ltr'>in</span> <span class='ocrx_word' id='word_1_373' title='bbox 588 3544 676 3605; x_wconf 88' lang='lat' dir='ltr'>rebus</span> <span class='ocrx_word' id='word_1_374' title='bbox 698 3546 873 3625; x_wconf 68' lang='lat' dir='ltr'>orbiculis,</span> <span class='ocrx_word' id='word_1_375' title='bbox 906 3548 990 3623; x_wconf 90' lang='lat' dir='ltr'>quasi</span> <span class='ocrx_word' id='word_1_376' title='bbox 1017 3548 1153 3622; x_wconf 88' lang='lat' dir='ltr'>utrinque</span> <span class='ocrx_word' id='word_1_377' title='bbox 1183 3544 1260 3606; x_wconf 90' lang='lat' dir='ltr'>idom</span> <span class='ocrx_word' id='word_1_378' title='bbox 1288 3560 1374 3620; x_wconf 66' lang='grc' dir='ltr'>πςπππ</span> <span class='ocrx_word' id='word_1_379' title='bbox 1395 3559 1490 3619; x_wconf 90' lang='lat' dir='ltr'>aeque</span> 
     </span>
    </p>
   </div>
   <div class='ocr_carea' id='block_1_5' title="bbox 26 3629 1489 3713">
    <p class='ocr_par' dir='ltr' id='par_1_5' title="bbox 26 3629 1489 3713">
     <span class='ocr_line' id='line_1_36' title="bbox 26 3629 1489 3713; baseline -0.002 -22"><span class='ocrx_word' id='word_1_380' title='bbox 26 3686 27 3713; x_wconf 68' lang='lat'>,</span> <span class='ocrx_word' id='word_1_381' title='bbox 147 3649 227 3694; x_wconf 82' lang='lat' dir='ltr'>rano</span> <span class='ocrx_word' id='word_1_382' title='bbox 249 3637 366 3692; x_wconf 87' lang='lat' dir='ltr'>conatu.</span> <span class='ocrx_word' id='word_1_383' title='bbox 411 3630 478 3706; x_wconf 89' lang='lat' dir='ltr'>Qua</span> <span class='ocrx_word' id='word_1_384' title='bbox 500 3629 618 3707; x_wconf 90' lang='lat' dir='ltr'>quidem</span> <span class='ocrx_word' id='word_1_385' title='bbox 639 3634 786 3693; x_wconf 80' lang='grc' dir='ltr'>ιππππποππ</span> <span class='ocrx_word' id='word_1_386' title='bbox 806 3634 920 3712; x_wconf 75' lang='lat' dir='ltr'>aufugit</span> <span class='ocrx_word' id='word_1_387' title='bbox 940 3633 1012 3692; x_wconf 91' lang='lat' dir='ltr'>mihi</span> <span class='ocrx_word' id='word_1_388' title='bbox 1034 3635 1148 3693; x_wconf 85' lang='lat' dir='ltr'>animus</span> <span class='ocrx_word' id='word_1_389' title='bbox 1172 3632 1210 3692; x_wconf 91' lang='lat' dir='ltr'>ab</span> <span class='ocrx_word' id='word_1_390' title='bbox 1232 3633 1289 3691; x_wconf 88' lang='lat' dir='ltr'>hac</span> <span class='ocrx_word' id='word_1_391' title='bbox 1311 3629 1489 3691; x_wconf 87' lang='lat' dir='ltr'>condescen-</span> 
     </span>
    </p>
   </div>
   <div class='ocr_carea' id='block_1_6' title="bbox 146 3714 1492 4060">
    <p class='ocr_par' dir='ltr' id='par_1_6' title="bbox 146 3714 1492 4060">
     <span class='ocr_line' id='line_1_37' title="bbox 146 3714 1490 3797; baseline -0.004 -17"><span class='ocrx_word' id='word_1_392' title='bbox 146 3721 231 3782; x_wconf 88' lang='lat' dir='ltr'>sione</span> <span class='ocrx_word' id='word_1_393' title='bbox 262 3725 292 3780; x_wconf 75' lang='grc' dir='ltr'>ππ</span> <span class='ocrx_word' id='word_1_394' title='bbox 319 3716 521 3797; x_wconf 85' lang='lat' dir='ltr'>providentiae</span> <span class='ocrx_word' id='word_1_395' title='bbox 549 3718 685 3796; x_wconf 89' lang='lat' dir='ltr'>operibus</span> <span class='ocrx_word' id='word_1_396' title='bbox 706 3719 745 3780; x_wconf 91' lang='lat' dir='ltr'>ad</span> <span class='ocrx_word' id='word_1_397' title='bbox 772 3719 852 3781; x_wconf 88' lang='lat' dir='ltr'>illam</span> <span class='ocrx_word' id='word_1_398' title='bbox 881 3721 1181 3781; x_wconf 86' lang='lat' dir='ltr'>characterieationem</span> <span class='ocrx_word' id='word_1_399' title='bbox 1212 3725 1241 3779; x_wconf 88' lang='grc' dir='ltr'>ππ</span> <span class='ocrx_word' id='word_1_400' title='bbox 1269 3723 1422 3797; x_wconf 87' lang='lat' dir='ltr'>naturam,</span> <span class='ocrx_word' id='word_1_401' title='bbox 1451 3714 1490 3777; x_wconf 89' lang='lat' dir='ltr'>ad</span> 
     </span>
     <span class='ocr_line' id='line_1_38' title="bbox 148 3804 1489 3884; baseline -0.004 -17"><span class='ocrx_word' id='word_1_402' title='bbox 148 3825 239 3884; x_wconf 84' lang='lat' dir='ltr'>quam</span> <span class='ocrx_word' id='word_1_403' title='bbox 261 3806 428 3882; x_wconf 74' lang='lat' dir='ltr'>comaglum</span> <span class='ocrx_word' id='word_1_404' title='bbox 448 3804 539 3865; x_wconf 91' lang='lat' dir='ltr'>babet</span> <span class='ocrx_word' id='word_1_405' title='bbox 559 3807 708 3866; x_wconf 88' lang='lat' dir='ltr'>usitatum.</span> <span class='ocrx_word' id='word_1_406' title='bbox 751 3805 852 3869; x_wconf 90' lang='lat' dir='ltr'>Jocari</span> <span class='ocrx_word' id='word_1_407' title='bbox 874 3815 912 3884; x_wconf 91' lang='lat' dir='ltr'>te,</span> <span class='ocrx_word' id='word_1_408' title='bbox 935 3810 993 3879; x_wconf 88' lang='lat' dir='ltr'>aie,</span> <span class='ocrx_word' id='word_1_409' title='bbox 1016 3808 1047 3865; x_wconf 90' lang='lat' dir='ltr'>in</span> <span class='ocrx_word' id='word_1_410' title='bbox 1068 3808 1213 3867; x_wconf 88' lang='lat' dir='ltr'>mentione</span> <span class='ocrx_word' id='word_1_411' title='bbox 1235 3805 1489 3884; x_wconf 88' lang='lat' dir='ltr'>protoplastorum,</span> 
     </span>
     <span class='ocr_line' id='line_1_39' title="bbox 148 3881 1490 3974; baseline -0.005 -19"><span class='ocrx_word' id='word_1_412' title='bbox 148 3902 210 3955; x_wconf 86' lang='lat' dir='ltr'>tarn</span> <span class='ocrx_word' id='word_1_413' title='bbox 230 3893 399 3966; x_wconf 88' lang='lat' dir='ltr'>bominum,</span> <span class='ocrx_word' id='word_1_414' title='bbox 430 3909 518 3969; x_wconf 90' lang='lat' dir='ltr'>quam</span> <span class='ocrx_word' id='word_1_415' title='bbox 535 3881 712 3971; x_wconf 69' lang='lat' dir='ltr'>&#39;figurarum</span> <span class='ocrx_word' id='word_1_416' title='bbox 742 3897 841 3957; x_wconf 90' lang='lat' dir='ltr'>neseio</span> <span class='ocrx_word' id='word_1_417' title='bbox 871 3914 909 3956; x_wconf 90' lang='lat' dir='ltr'>an</span> <span class='ocrx_word' id='word_1_418' title='bbox 932 3895 1045 3974; x_wconf 73' lang='lat' dir='ltr'>iocanti</span> <span class='ocrx_word' id='word_1_419' title='bbox 1067 3893 1170 3955; x_wconf 91' lang='lat' dir='ltr'>deceat</span> <span class='ocrx_word' id='word_1_420' title='bbox 1195 3893 1421 3954; x_wconf 89' lang='lat' dir='ltr'>admonitionem</span> <span class='ocrx_word' id='word_1_421' title='bbox 1443 3893 1490 3948; x_wconf 91' lang='lat' dir='ltr'>in-</span> 
     </span>
     <span class='ocr_line' id='line_1_40' title="bbox 148 3978 1492 4060; baseline -0.002 -20"><span class='ocrx_word' id='word_1_422' title='bbox 148 3998 259 4060; x_wconf 85' lang='lat' dir='ltr'>gerere.</span> <span class='ocrx_word' id='word_1_423' title='bbox 303 3979 370 4040; x_wconf 83' lang='lat' dir='ltr'>Non</span> <span class='ocrx_word' id='word_1_424' title='bbox 392 3979 527 4056; x_wconf 88' lang='lat' dir='ltr'>equidem</span> <span class='ocrx_word' id='word_1_425' title='bbox 547 3978 707 4059; x_wconf 86' lang='lat' dir='ltr'>probandi,</span> <span class='ocrx_word' id='word_1_426' title='bbox 737 3981 789 4042; x_wconf 93' lang='lat' dir='ltr'>sed</span> <span class='ocrx_word' id='word_1_427' title='bbox 818 3982 982 4043; x_wconf 82' lang='lat' dir='ltr'>illmtraudi</span> <span class='ocrx_word' id='word_1_428' title='bbox 1010 3982 1107 4042; x_wconf 87' lang='lat' dir='ltr'>animo</span> <span class='ocrx_word' id='word_1_429' title='bbox 1134 3982 1301 4059; x_wconf 82' lang='lat' dir='ltr'>comparari</span> <span class='ocrx_word' id='word_1_430' title='bbox 1322 3981 1396 4055; x_wconf 89' lang='lat' dir='ltr'>iste;</span> <span class='ocrx_word' id='word_1_431' title='bbox 1426 3979 1492 4037; x_wconf 80' lang='lat' dir='ltr'>risa</span> 
     </span>
    </p>
   </div>
   <div class='ocr_carea' id='block_1_7' title="bbox 27 4064 1491 4146">
    <p class='ocr_par' dir='ltr' id='par_1_7' title="bbox 27 4064 1491 4146">
     <span class='ocr_line' id='line_1_41' title="bbox 27 4064 1491 4146; baseline -0.005 -13"><span class='ocrx_word' id='word_1_432' title='bbox 27 4130 28 4133; x_wconf 74' lang='grc'>,</span> <span class='ocrx_word' id='word_1_433' title='bbox 149 4071 226 4130; x_wconf 90' lang='lat' dir='ltr'>enim</span> <span class='ocrx_word' id='word_1_434' title='bbox 248 4073 296 4129; x_wconf 85' lang='lat' dir='ltr'>est</span> <span class='ocrx_word' id='word_1_435' title='bbox 315 4068 418 4127; x_wconf 89' lang='lat' dir='ltr'>miram</span> <span class='ocrx_word' id='word_1_436' title='bbox 440 4065 604 4128; x_wconf 82' lang='lat' dir='ltr'>exhibitura</span> <span class='ocrx_word' id='word_1_437' title='bbox 627 4067 848 4131; x_wconf 87' lang='lat' dir='ltr'>delectationem</span> <span class='ocrx_word' id='word_1_438' title='bbox 871 4078 901 4131; x_wconf 88' lang='lat' dir='ltr'>et</span> <span class='ocrx_word' id='word_1_439' title='bbox 916 4071 1033 4131; x_wconf 86' lang='lat' dir='ltr'>omnino</span> <span class='ocrx_word' id='word_1_440' title='bbox 1055 4069 1139 4146; x_wconf 89' lang='lat' dir='ltr'>quasi</span> <span class='ocrx_word' id='word_1_441' title='bbox 1155 4071 1248 4131; x_wconf 81' lang='lat' dir='ltr'>invito</span> <span class='ocrx_word' id='word_1_442' title='bbox 1270 4083 1369 4128; x_wconf 88' lang='lat' dir='ltr'>aurem</span> <span class='ocrx_word' id='word_1_443' title='bbox 1383 4064 1491 4125; x_wconf 84' lang='lat' dir='ltr'>vellere</span> 
     </span>
    </p>
   </div>
   <div class='ocr_carea' id='block_1_8' title="bbox 150 4151 1492 4323">
    <p class='ocr_par' dir='ltr' id='par_1_8' title="bbox 150 4151 1492 4323">
     <span class='ocr_line' id='line_1_42' title="bbox 150 4151 1491 4233; baseline -0.007 -14"><span class='ocrx_word' id='word_1_444' title='bbox 150 4156 189 4219; x_wconf 89' lang='lat' dir='ltr'>ad</span> <span class='ocrx_word' id='word_1_445' title='bbox 208 4152 400 4233; x_wconf 80' lang='lat' dir='ltr'>cogitandum</span> <span class='ocrx_word' id='word_1_446' title='bbox 421 4151 456 4214; x_wconf 88' lang='lat' dir='ltr'>de</span> <span class='ocrx_word' id='word_1_447' title='bbox 478 4154 684 4216; x_wconf 87' lang='lat' dir='ltr'>occultioribus</span> <span class='ocrx_word' id='word_1_448' title='bbox 706 4163 737 4216; x_wconf 90' lang='lat' dir='ltr'>et</span> <span class='ocrx_word' id='word_1_449' title='bbox 756 4152 912 4219; x_wconf 89' lang='lat' dir='ltr'>reconditis</span> <span class='ocrx_word' id='word_1_450' title='bbox 934 4157 1084 4232; x_wconf 68' lang='lat' dir='ltr'>sensibus·</span> <span class='ocrx_word' id='word_1_451' title='bbox 1099 4153 1151 4216; x_wconf 90' lang='lat' dir='ltr'>sed</span> <span class='ocrx_word' id='word_1_452' title='bbox 1173 4156 1265 4232; x_wconf 85' lang='lat' dir='ltr'>male;</span> <span class='ocrx_word' id='word_1_453' title='bbox 1292 4172 1357 4216; x_wconf 88' lang='lat' dir='ltr'>cum</span> <span class='ocrx_word' id='word_1_454' title='bbox 1380 4151 1491 4213; x_wconf 88' lang='lat' dir='ltr'>oderim</span> 
     </span>
     <span class='ocr_line' id='line_1_43' title="bbox 151 4239 1492 4323; baseline -0.004 -18"><span class='ocrx_word' id='word_1_455' title='bbox 151 4260 254 4305; x_wconf 85' lang='lat' dir='ltr'>ornnes</span> <span class='ocrx_word' id='word_1_456' title='bbox 276 4241 444 4315; x_wconf 86' lang='lat' dir='ltr'>cabalistas,</span> <span class='ocrx_word' id='word_1_457' title='bbox 466 4245 626 4319; x_wconf 87' lang='lat' dir='ltr'>temperavi</span> <span class='ocrx_word' id='word_1_458' title='bbox 648 4243 719 4302; x_wconf 91' lang='lat' dir='ltr'>mibi</span> <span class='ocrx_word' id='word_1_459' title='bbox 742 4244 791 4305; x_wconf 92' lang='lat' dir='ltr'>bic</span> <span class='ocrx_word' id='word_1_460' title='bbox 812 4263 944 4323; x_wconf 86' lang='lat' dir='ltr'>quoque,</span> <span class='ocrx_word' id='word_1_461' title='bbox 969 4262 1007 4306; x_wconf 92' lang='lat' dir='ltr'>ne</span> <span class='ocrx_word' id='word_1_462' title='bbox 1029 4261 1145 4305; x_wconf 85' lang='lat' dir='ltr'>aeneum</span> <span class='ocrx_word' id='word_1_463' title='bbox 1168 4246 1327 4321; x_wconf 86' lang='lat' dir='ltr'>scripturae</span> <span class='ocrx_word' id='word_1_464' title='bbox 1349 4239 1492 4301; x_wconf 89' lang='lat' dir='ltr'>literalem</span> 
     </span>
    </p>
   </div>
   <div class='ocr_carea' id='block_1_9' title="bbox 26 4324 1493 4499">
    <p class='ocr_par' dir='ltr' id='par_1_9' title="bbox 26 4324 1493 4499">
     <span class='ocr_line' id='line_1_44' title="bbox 26 4324 1493 4410; baseline -0.003 -17"><span class='ocrx_word' id='word_1_465' title='bbox 26 4324 28 4331; x_wconf 77' lang='grc'><strong>’</strong></span> <span class='ocrx_word' id='word_1_466' title='bbox 151 4332 182 4391; x_wconf 91' lang='lat' dir='ltr'>in</span> <span class='ocrx_word' id='word_1_467' title='bbox 202 4330 326 4392; x_wconf 91' lang='lat' dir='ltr'>dubium</span> <span class='ocrx_word' id='word_1_468' title='bbox 347 4345 491 4403; x_wconf 85' lang='lat' dir='ltr'>vocarem,</span> <span class='ocrx_word' id='word_1_469' title='bbox 514 4337 567 4389; x_wconf 87' lang='lat' dir='ltr'>aut</span> <span class='ocrx_word' id='word_1_470' title='bbox 588 4332 658 4391; x_wconf 88' lang='lat' dir='ltr'>certi</span> <span class='ocrx_word' id='word_1_471' title='bbox 682 4331 752 4407; x_wconf 91' lang='lat' dir='ltr'>quid</span> <span class='ocrx_word' id='word_1_472' title='bbox 774 4338 946 4408; x_wconf 76' lang='lat' dir='ltr'>statumem,</span> <span class='ocrx_word' id='word_1_473' title='bbox 979 4333 1064 4410; x_wconf 89' lang='lat' dir='ltr'>quasi</span> <span class='ocrx_word' id='word_1_474' title='bbox 1086 4331 1221 4392; x_wconf 88' lang='lat' dir='ltr'>homines</span> <span class='ocrx_word' id='word_1_475' title='bbox 1240 4331 1309 4391; x_wconf 87' lang='lat' dir='ltr'>iacti</span> <span class='ocrx_word' id='word_1_476' title='bbox 1332 4327 1370 4389; x_wconf 89' lang='lat' dir='ltr'>ad</span> <span class='ocrx_word' id='word_1_477' title='bbox 1392 4345 1493 4389; x_wconf 86' lang='lat' dir='ltr'>erem·</span> 
     </span>
     <span class='ocr_line' id='line_1_45' title="bbox 26 4416 1493 4499; baseline -0.005 -17"><span class='ocrx_word' id='word_1_478' title='bbox 26 4432 27 4441; x_wconf 76' lang='grc'>’</span> <span class='ocrx_word' id='word_1_479' title='bbox 150 4418 230 4496; x_wconf 85' lang='lat' dir='ltr'>plum</span> <span class='ocrx_word' id='word_1_480' title='bbox 252 4416 419 4494; x_wconf 78' lang='lat' dir='ltr'>figurarum,</span> <span class='ocrx_word' id='word_1_481' title='bbox 441 4418 612 4495; x_wconf 87' lang='lat' dir='ltr'>praesertim</span> <span class='ocrx_word' id='word_1_482' title='bbox 633 4434 700 4477; x_wconf 90' lang='lat' dir='ltr'>cum</span> <span class='ocrx_word' id='word_1_483' title='bbox 721 4418 816 4482; x_wconf 80' lang='lat' dir='ltr'>Adam</span> <span class='ocrx_word' id='word_1_484' title='bbox 838 4437 897 4482; x_wconf 88' lang='lat' dir='ltr'>non</span> <span class='ocrx_word' id='word_1_485' title='bbox 918 4422 1005 4481; x_wconf 86' lang='lat' dir='ltr'>luerit</span> <span class='ocrx_word' id='word_1_486' title='bbox 1026 4425 1155 4499; x_wconf 76' lang='grc' dir='ltr'>διγπμος,</span> <span class='ocrx_word' id='word_1_487' title='bbox 1176 4425 1211 4479; x_wconf 92' lang='grc' dir='ltr'>ππ</span> <span class='ocrx_word' id='word_1_488' title='bbox 1231 4420 1287 4478; x_wconf 90' lang='lat' dir='ltr'>ieie</span> <span class='ocrx_word' id='word_1_489' title='bbox 1309 4416 1415 4489; x_wconf 89' lang='lat' dir='ltr'>cubus,</span> <span class='ocrx_word' id='word_1_490' title='bbox 1438 4432 1493 4475; x_wconf 90' lang='lat' dir='ltr'>nec</span> 
     </span>
    </p>
   </div>
   <div class='ocr_carea' id='block_1_10' title="bbox 151 4501 1495 4670">
    <p class='ocr_par' dir='ltr' id='par_1_10' title="bbox 151 4501 1495 4670">
     <span class='ocr_line' id='line_1_46' title="bbox 153 4501 1492 4583; baseline -0.003 -18"><span class='ocrx_word' id='word_1_491' title='bbox 153 4508 279 4568; x_wconf 75' lang='lat' dir='ltr'>mssrtus</span> <span class='ocrx_word' id='word_1_492' title='bbox 301 4510 331 4565; x_wconf 92' lang='lat' dir='ltr'>et</span> <span class='ocrx_word' id='word_1_493' title='bbox 353 4505 480 4571; x_wconf 63' lang='lat' dir='ltr'>inbuere</span> <span class='ocrx_word' id='word_1_494' title='bbox 502 4505 541 4563; x_wconf 91' lang='lat' dir='ltr'>sit</span> <span class='ocrx_word' id='word_1_495' title='bbox 570 4506 599 4562; x_wconf 86' lang='lat' dir='ltr'>in</span> <span class='ocrx_word' id='word_1_496' title='bbox 622 4503 751 4583; x_wconf 88' lang='lat' dir='ltr'>aliquam</span> <span class='ocrx_word' id='word_1_497' title='bbox 780 4506 868 4568; x_wconf 88' lang='lat' dir='ltr'>uliam</span> <span class='ocrx_word' id='word_1_498' title='bbox 891 4506 1020 4579; x_wconf 85' lang='lat' dir='ltr'>Herem,</span> <span class='ocrx_word' id='word_1_499' title='bbox 1049 4513 1082 4566; x_wconf 89' lang='lat' dir='ltr'>ut</span> <span class='ocrx_word' id='word_1_500' title='bbox 1105 4506 1196 4566; x_wconf 84' lang='lat' dir='ltr'>cubus</span> <span class='ocrx_word' id='word_1_501' title='bbox 1227 4507 1255 4563; x_wconf 90' lang='lat' dir='ltr'>in</span> <span class='ocrx_word' id='word_1_502' title='bbox 1281 4501 1492 4578; x_wconf 78' lang='lat' dir='ltr'>dodecaddron,</span> 
     </span>
     <span class='ocr_line' id='line_1_47' title="bbox 151 4590 1495 4670; baseline -0.002 -17"><span class='ocrx_word' id='word_1_503' title='bbox 151 4593 208 4653; x_wconf 88' lang='lat' dir='ltr'>nisi</span> <span class='ocrx_word' id='word_1_504' title='bbox 227 4593 304 4653; x_wconf 78' lang='lat' dir='ltr'>torte</span> <span class='ocrx_word' id='word_1_505' title='bbox 330 4592 361 4650; x_wconf 89' lang='lat' dir='ltr'>in</span> <span class='ocrx_word' id='word_1_506' title='bbox 384 4590 583 4668; x_wconf 87' lang='lat' dir='ltr'>sepulchrum,</span> <span class='ocrx_word' id='word_1_507' title='bbox 615 4608 680 4651; x_wconf 91' lang='lat' dir='ltr'>cum</span> <span class='ocrx_word' id='word_1_508' title='bbox 707 4610 766 4670; x_wconf 91' lang='lat' dir='ltr'>quc</span> <span class='ocrx_word' id='word_1_509' title='bbox 792 4611 846 4655; x_wconf 88' lang='lat' dir='ltr'>sno</span> <span class='ocrx_word' id='word_1_510' title='bbox 870 4595 1039 4655; x_wconf 90' lang='lat' dir='ltr'>indumento</span> <span class='ocrx_word' id='word_1_511' title='bbox 1066 4595 1167 4670; x_wconf 86' lang='lat' dir='ltr'>genuit</span> <span class='ocrx_word' id='word_1_512' title='bbox 1190 4608 1303 4652; x_wconf 82' lang='lat' dir='ltr'>uermes</span> <span class='ocrx_word' id='word_1_513' title='bbox 1325 4593 1495 4660; x_wconf 66' lang='lat' dir='ltr'>asturcone</span> 
     </span>
    </p>
   </div>
   <div class='ocr_carea' id='block_1_11' title="bbox 151 4670 1494 4844">
    <p class='ocr_par' dir='ltr' id='par_1_11' title="bbox 151 4670 1494 4844">
     <span class='ocr_line' id='line_1_48' title="bbox 151 4670 1492 4757; baseline -0.003 -16"><span class='ocrx_word' id='word_1_514' title='bbox 151 4678 217 4741; x_wconf 88' lang='lat' dir='ltr'>loco</span> <span class='ocrx_word' id='word_1_515' title='bbox 244 4679 419 4757; x_wconf 61' lang='grc' dir='ltr'>κολυππροπς</span> <span class='ocrx_word' id='word_1_516' title='bbox 463 4677 510 4738; x_wconf 88' lang='lat' dir='ltr'>Ita</span> <span class='ocrx_word' id='word_1_517' title='bbox 538 4677 699 4755; x_wconf 86' lang='lat' dir='ltr'>quaedam,</span> <span class='ocrx_word' id='word_1_518' title='bbox 740 4682 827 4741; x_wconf 88' lang='lat' dir='ltr'>ctiam</span> <span class='ocrx_word' id='word_1_519' title='bbox 855 4670 1093 4753; x_wconf 84' lang='lat' dir='ltr'>conciuniestma,</span> <span class='ocrx_word' id='word_1_520' title='bbox 1132 4686 1200 4739; x_wconf 88' lang='lat' dir='ltr'>eunt</span> <span class='ocrx_word' id='word_1_521' title='bbox 1227 4686 1323 4739; x_wconf 87' lang='lat' dir='ltr'>tamen</span> <span class='ocrx_word' id='word_1_522' title='bbox 1355 4677 1492 4751; x_wconf 75' lang='lat' dir='ltr'>ionmta3</span> 
     </span>
     <span class='ocr_line' id='line_1_49' title="bbox 153 4765 1494 4844; baseline -0.003 -17"><span class='ocrx_word' id='word_1_523' title='bbox 153 4784 229 4844; x_wconf 88' lang='lat' dir='ltr'>quae</span> <span class='ocrx_word' id='word_1_524' title='bbox 250 4773 349 4827; x_wconf 85' lang='lat' dir='ltr'>tamen</span> <span class='ocrx_word' id='word_1_525' title='bbox 375 4765 495 4826; x_wconf 73' lang='lat' dir='ltr'>innuite</span> <span class='ocrx_word' id='word_1_526' title='bbox 519 4782 579 4827; x_wconf 87' lang='lat' dir='ltr'>non</span> <span class='ocrx_word' id='word_1_527' title='bbox 600 4766 737 4828; x_wconf 90' lang='lat' dir='ltr'>auderem</span> <span class='ocrx_word' id='word_1_528' title='bbox 765 4767 876 4843; x_wconf 89' lang='lat' dir='ltr'>dicere,</span> <span class='ocrx_word' id='word_1_529' title='bbox 906 4770 945 4830; x_wconf 88' lang='lat' dir='ltr'>ob</span> <span class='ocrx_word' id='word_1_530' title='bbox 968 4767 1184 4844; x_wconf 84' lang='lat' dir='ltr'>congruentiam</span> <span class='ocrx_word' id='word_1_531' title='bbox 1206 4771 1266 4826; x_wconf 86' lang='lat' dir='ltr'>tam</span> <span class='ocrx_word' id='word_1_532' title='bbox 1287 4768 1407 4840; x_wconf 90' lang='lat' dir='ltr'>miram,</span> <span class='ocrx_word' id='word_1_533' title='bbox 1437 4766 1494 4823; x_wconf 91' lang='lat' dir='ltr'>nisi</span> 
     </span>
    </p>
   </div>
   <div class='ocr_carea' id='block_1_12' title="bbox 26 4853 1052 4933">
    <p class='ocr_par' dir='ltr' id='par_1_12' title="bbox 26 4853 1052 4933">
     <span class='ocr_line' id='line_1_50' title="bbox 26 4853 1052 4933; baseline -0.004 -14"><span class='ocrx_word' id='word_1_534' title='bbox 26 4896 28 4919; x_wconf 83' lang='lat'>.</span> <span class='ocrx_word' id='word_1_535' title='bbox 154 4853 364 4931; x_wconf 78' lang='lat' dir='ltr'>discepautiae</span> <span class='ocrx_word' id='word_1_536' title='bbox 386 4868 503 4929; x_wconf 89' lang='lat' dir='ltr'>quoque</span> <span class='ocrx_word' id='word_1_537' title='bbox 526 4855 555 4912; x_wconf 90' lang='lat' dir='ltr'>in</span> <span class='ocrx_word' id='word_1_538' title='bbox 577 4856 696 4932; x_wconf 85' lang='lat' dir='ltr'>reipsa</span> <span class='ocrx_word' id='word_1_539' title='bbox 716 4864 898 4918; x_wconf 83' lang='grc' dir='ltr'>ππππππππππ</span> <span class='ocrx_word' id='word_1_540' title='bbox 918 4857 1052 4933; x_wconf 77' lang='lat' dir='ltr'>vestigia</span> 
     </span>
    </p>
   </div>
   <div class='ocr_carea' id='block_1_13' title="bbox 239 4937 1496 5031">
    <p class='ocr_par' dir='ltr' id='par_1_13' title="bbox 239 4937 1496 5031">
     <span class='ocr_line' id='line_1_51' title="bbox 239 4937 1496 5031; baseline -0.004 -30"><span class='ocrx_word' id='word_1_541' title='bbox 239 4938 275 5024; x_wconf 74' lang='grc' dir='ltr'>π)</span> <span class='ocrx_word' id='word_1_542' title='bbox 290 4942 337 5001; x_wconf 91' lang='lat' dir='ltr'>De</span> <span class='ocrx_word' id='word_1_543' title='bbox 351 4941 585 5031; x_wconf 84' lang='lat' dir='ltr'>proportionibus</span> <span class='ocrx_word' id='word_1_544' title='bbox 595 4958 722 5019; x_wconf 88' lang='lat' dir='ltr'>aequum</span> <span class='ocrx_word' id='word_1_545' title='bbox 736 4940 877 5023; x_wconf 85' lang='lat' dir='ltr'>postulas,</span> <span class='ocrx_word' id='word_1_546' title='bbox 891 4951 925 5004; x_wconf 91' lang='lat' dir='ltr'>ut</span> <span class='ocrx_word' id='word_1_547' title='bbox 939 4945 992 5005; x_wconf 90' lang='lat' dir='ltr'>tibi</span> <span class='ocrx_word' id='word_1_548' title='bbox 1005 4941 1229 5005; x_wconf 84' lang='lat' dir='ltr'>mathematicus</span> <span class='ocrx_word' id='word_1_549' title='bbox 1242 4957 1297 5017; x_wconf 90' lang='lat' dir='ltr'>ego</span> <span class='ocrx_word' id='word_1_550' title='bbox 1314 4937 1496 4998; x_wconf 82' lang='lat' dir='ltr'>exercitatior</span> 
     </span>
    </p>
   </div>
   <div class='ocr_carea' id='block_1_14' title="bbox 0 0 1936 5854">
    <p class='ocr_par' dir='ltr' id='par_1_14' title="bbox 0 0 1936 5854">
     <span class='ocr_line' id='line_1_52' title="bbox 0 0 1936 5854; baseline 0 0"><span class='ocrx_word' id='word_1_551' title='bbox 0 0 1936 5854; x_wconf 95' lang='lat' dir='ltr'> </span> 
     </span>
    </p>
   </div>
  </div>
 </body>
</html>
