3940 5856
407 382 472 443 364
664 401 668 411 ·
923 375 1073 433 Ptolemaei
1085 375 1241 432 Harmonia.

403 553 512 624 quidem
530 552 647 622 partium
665 550 759 607 circuli
783 550 953 628 per-figuras
971 552 1135 620 geometrice
1153 550 1246 619 divisi3
1271 549 1353 606 animi
1371 558 1435 603 sero
1459 554 1523 602 sunt
1548 563 1601 602 non
1626 547 1692 603 nudi
1710 565 1760 604 nu·

402 635 483 700 meri,
509 632 558 687 sed
576 631 669 686 circuli
688 630 797 698 qnidam
814 631 993 701 potentiales,
1016 631 1099 701 idque
1118 631 1283 699 formaliter,
1308 644 1358 686 seu
1379 627 1471 698 potius
1492 627 1624 698 imagines
1643 627 1707 696 Dei,
1732 626 1761 681 in

404 728 458 782 quo
477 710 572 768 chcrffl
588 709 650 765 idea
668 714 787 766 aemrua.
822 711 892 767 Vide
912 710 957 767 lib.
977 711 1022 766 lv.
1040 727 1099 780 cap.
1117 712 1143 768 8.

925 996 1082 1077 4οΑΡυτ
1110 994 1225 1101 uulua

466 1169 513 1225 De
536 1169 767 1226 similitudine
791 1172 940 1242 perlecti
963 1169 1160 1241 systematis
1174 1171 1211 1236 11)
1233 1185 1304 1224 cum
1326 1167 1459 1225 circulo
1481 1182 1541 1237 per
1562 1165 1727 1229 medium.

952 1312 957 1324 ,
995 1272 1170 1331 signorum.

501 1420 732 1482 Familiaritates
761 1424 850 1498 igitur
880 1423 1046 1481 animorum
1073 1417 1267 1482 humanorum
1295 1436 1361 1479 cum
1392 1418 1567 1478 harmonicis
1603 1436 1656 1495 per
1685 1419 1759 1479 bac·

405 1517 490 1569 tanus
514 1510 592 1569 dicta
614 1510 700 1569 uobis
724 1512 761 1569 ob
785 1510 889 1569 oculos
908 1511 1026 1585 positae
1048 1505 1204 1584 contemp
1234 1500 1371 1569 iuventae
1401 1514 1470 1565 sunt
1492 1507 1587 1578 euim,
1618 1514 1650 1566 ut
1674 1523 1758 1567 com-

406 1596 512 1673 peudio
535 1598 714 1676 complectar
736 1600 843 1670 omnia,
868 1598 1115 1657 identisouantiae
1138 1602 1169 1654 et
1183 1597 1393 1655 consonantiae
1407 1611 1460 1671 per
1474 1595 1626 1670 primarias
1643 1596 1758 1654 animae

406 1691 504 1762 partes
527 1684 713 1759 distributae,
738 1685 849 1745 formae
872 1701 941 1744 vero
965 1690 1104 1743 cantuum
1127 1699 1178 1760 per
1200 1683 1307 1741 formas
1324 1677 1533 1758 virtutum¹V);
1556 1683 1598 1740 sie
1622 1680 1760 1741 differen-

408 1773 466 1830 tiae
490 1774 567 1831 ciroa
589 1772 847 1853 tetrachordorum¹
862 1789 971 1848 genera
993 1771 1151 1845 generibus
1174 1771 1313 1828 virtutum
1337 1767 1479 1846 dignitate
1494 1776 1534 1827 ·et
1555 1767 1770 1848 magnitudine¹

407 1857 665 1934 differentibusV),
698 1868 727 1919 et
748 1860 955 1920 translationes
988 1857 1023 1916 de
1048 1865 1118 1916 tono
1146 1858 1175 1914 in
1206 1865 1319 1915 tonum·
1340 1855 1552 1915 mutationibus
1583 1872 1695 1915 morum
1727 1858 1758 1915 in

407 1949 624 2007 occurrentibus
658 1949 738 2007 vitae
766 1946 1000 2029 circumstantiis
1024 1952 1092 2003 sunt
1122 1954 1319 2021 comparatae.
1369 1943 1488 2015 Restat,
1518 1950 1551 2000 ut
1579 1941 1637 2002 hoe
1666 1945 1757 2004 etiam

407 2034 622 2108 confirmemus,
654 2034 824 2097 coelestium
846 2036 1065 2111 suppositiones
1093 2032 1131 2091 ad
1157 2034 1361 2109 proportiones
1385 2031 1568 2091 harmonicas
1598 2048 1662 2090 esse
1685 2049 1758 2091 con-

341 2182 344 2191 ,
406 2120 607 2199 formatasV1).
652 2120 710 2183 Ubi
733 2125 850 2198 gemina
874 2125 923 2180 vie
947 2119 1123 2194 incedemus,
1147 2136 1207 2179 una
1223 2120 1377 2189 communi,
1400 2117 1436 2179 de
1452 2119 1587 2178 omnibus
1602 2125 1655 2177 aut
1669 2137 1758 2195 quam

406 2210 556 2289 plurimis3
580 2209 673 2270 altera
695 2210 851 2286 singulari,
876 2209 912 2269 de
935 2207 1059 2284 singulis
1082 2224 1198 2278 eorum,
1228 2208 1304 2283 quae'
1325 2206 1524 2282 particulatim
1547 2206 1759 2281 comprehensa

407 2295 551 2376 suntin).
597 2297 727 2357 Priorem
758 2305 787 2357 et
809 2313 992 2356 communem
1015 2296 1083 2354 binc
1106 2294 1267 2368 ordiemnr3
1298 2293 1477 2371 quodecim
1507 2295 1590 2352 initio
1613 2293 1758 2368 videmus,

407 2386 471 2446 sola
499 2384 679 2447 intervallari
707 2388 837 2444 motione
867 2392 896 2444 ei
923 2399 1013 2442 sonos
1043 2384 1211 2459 pertransiri
1233 2381 1410 2456 absolviqne
1442 2388 1471 2441 et
1500 2379 1633 2439 similiter
1659 2382 1758 2440 motha

295 2480 301 2483 “
407 2472 550 2534 coelestes
571 2471 691 2546 locales,
716 2473 758 2531 sic
780 2481 814 2530 nt
833 2470 947 2530 nullam
970 2469 1022 2530 illa
1043 2469 1228 2545 alterauvam
1251 2471 1442 2529 mutationem
1457 2470 1639 2528 substantiae
1659 2486 1757 2529 secum

407 2560 513 2631 trabat,
538 2577 574 2620 ea
596 2562 664 2637 ipsa
688 2577 718 2621 re
742 2560 886 2619 evincitur
908 2555 1124 2635 quodammodo
1147 2552 1413 2636 propositurum),

496 2647 628 2707 Alterum
651 2653 856 2723 argumentum
873 2644 935 2706 boe
958 2655 1011 2720 est,
1035 2645 1113 2720 quod
1138 2653 1166 2704 et
1189 2645 1359 2704 coelestium
1384 2660 1536 2720 corporum
1559 2642 1759 2703 revolutiones

409 2752 509 2795 omnes
532 2734 687 2795 circulares
710 2742 778 2794 sunt
800 2742 830 2794 et
852 2733 1004 2794 ordinatae
1027 2731 1244 2810 regularesque,
1267 2739 1297 2790 et
1319 2738 1511 2811 systematum
1525 2730 1758 2791 harmonicorum

408 2822 610 2883 absolutiones
640 2823 963 2900 redintegrationesque
993 2820 1126 2881 similiter
1148 2815 1318 2897 babentss).
1363 2818 1439 2877 Nam
1466 2821 1521 2878 etsi
1548 2821 1680 2878 extensio
1709 2836 1759 2877 or·

409 2910 579 2988 dinatioque
602 2928 740 2972 sonorum
764 2913 793 2968 iu
816 2917 897 2970 recta
918 2911 999 2968 linea
1023 2908 1114 2968 veluti
1137 2906 1294 2967 succedere
1317 2905 1432 2966 videtur
1446 2903 1494 2986 X),
1526 2914 1558 2965 at
1579 2907 1705 2966 facultas
1729 2912 1788 2966 et*

408 2998 486 3076 quod
509 3000 575 3059 soni
598 3007 676 3059 certo
697 2998 786 3060 modo
809 3005 878 3057 sunt
905 3001 981 3057 inter
1003 3014 1034 3056 se
1057 2997 1217 3071 comparati
1241 2991 1308 3077 (qni
1331 2993 1435 3053 modus
1465 2996 1596 3070 ipsorum
1625 2996 1759 3071 proprius

408 3089 468 3166 ast)
491 3084 699 3147 determinatur
720 3098 750 3148 et
772 3088 979 3163 constringitur
1006 3086 1037 3142 in
1060 3100 1150 3143 unum
1173 3082 1356 3158 eundemque
1380 3082 1532 3141 circuitum
1547 3079 1601 3139 ‘ad
1625 3099 1757 3141 normam

407 3176 546 3236 motionis
569 3172 783 3253 circularis¹1);
815 3174 877 3232 acsi
898 3190 936 3233 nc
966 3174 1012 3231 aui
1041 3170 1159 3248 qnidam
1181 3172 1355 3248 principium
1386 3164 1506 3245 aliquod
1528 3176 1635 3228 natura
1665 3168 1759 3243 detur,

408 3262 460 3324 sed
483 3263 628 3338 positione
651 3261 746 3321 solum
769 3267 935 3320 assumatur
957 3259 1032 3319 alias
1054 3256 1151 3333 aliud,
1182 3261 1212 3315 in
1235 3257 1316 3318 locos
1346 3256 1446 3317 ordine
1476 3256 1666 3316 succedentes
1689 3273 1760 3333 pro-

408 3351 561 3426 grassaris.
606 3348 676 3410 Sive
707 3364 777 3425 argo
800 3349 876 3424 ,quis
907 3347 1046 3407 circulum
1076 3349 1226 3422 signorum
1255 3345 1360 3404 mentis
1388 3346 1597 3419 imaginatione
1627 3351 1707 3404 secet
1729 3346 1759 3401 in

409 3436 547 3496 alterutro
570 3445 744 3512 punctorum
775 3434 1035 3510 aequinoctialium
1062 3439 1092 3493 et
1113 3431 1206 3492 veluti
1229 3433 1406 3510 explicatum
1438 3434 1526 3506 inque
1554 3432 1675 3506 longum
1706 3450 1759 3491 er-

384 3534 525 3604 ‚tensum
548 3524 677 3601 applicet
698 3522 852 3601 systemati
875 3522 1004 3598 perlecto
1027 3519 1215 3597 disdiapason
1244 3519 1406 3579 secuudum
1429 3516 1569 3594 aequales
1595 3518 1759 3594 longitudi-

409 3629 477 3685 nes,
500 3620 641 3688 punctum
663 3612 787 3671 alterum
811 3609 1043 3685 aequinoctiale,
1072 3609 1101 3664 in
1125 3624 1184 3683 quo
1207 3610 1298 3666 sectio
1327 3613 1385 3664 nort
1409 3614 1454 3665 est
1476 3607 1571 3678 iacta,
1599 3606 1707 3667 incidet
1730 3608 1759 3663 iu

320 3772 323 3777 Ι
410 3716 525 3772 mesen3
555 3706 586 3757 at
615 3699 715 3759 circuli
743 3700 814 3758 secti
838 3701 979 3758 terminus
1009 3696 1082 3756 alter
1104 3696 1134 3752 in
1153 3694 1484 3771 proslambanomenon,
1513 3692 1587 3753 alter
1614 3694 1643 3755 in
1671 3703 1758 3754 neten

410 3785 646 3865 hyperbolaeon3
673 3789 737 3846 sive
760 3804 776 3845 e
800 3788 945 3845 contrario
974 3790 1102 3862 systema
1125 3780 1313 3859 disdiapason
1345 3784 1374 3840 in
1397 3781 1535 3841 circulum
1565 3787 1759 3858 contorqueas

412 3880 568 3952 potestate,
593 3883 624 3934 et
645 3876 790 3952 coaptatis
814 3874 942 3934 inuicem
964 3879 1031 3931 nete
1054 3869 1271 3946 hyperbolaeon
1296 3877 1326 3930 et
1346 3867 1663 3947 proslambanomenon
1686 3867 1760 3928 dnos

409 3964 523 4022 sonltns
538 3963 569 4018 iu
583 3979 673 4022 unum
688 3961 845 4038 redegeris,
869 3963 940 4020 unio
961 3959 1036 4018 baec
1059 3957 1266 4016 diametraliter
1282 3956 1400 4033 quidem
1415 3962 1579 4033 opponetur
1598 3956 1657 4032 ipsi
1670 3973 1759 4028 mese,

410 4066 503 4110 uerus
525 4050 580 4108 iste
609 4053 663 4110 erit
686 4065 757 4109 vero
781 4047 937 4125 adipeam
965 4044 1145 4106 concordans
1175 4047 1204 4102 iu
1227 4040 1392 4104 identisono
1416 4037 1637 4124 diapasou’ffl).
1682 4042 1760 4117 Quin

411 4139 499 4198 etiem
521 4135 577 4196 hac
599 4139 650 4196 via
671 4136 868 4213 probabilitas
889 4135 978 4210 hujus
1002 4133 1228 4208 comparationis
1251 4133 1406 4204 stabilitur,
1429 4129 1509 4207 quod
1531 4147 1590 4189 non
1614 4130 1762 4189 absimilia

299 4228 309 4243 ‘
411 4225 584 4300 coritingunt
606 4225 787 4302 oppositioni
811 4220 975 4285 diametrali
999 4222 1029 4279 in
1053 4217 1159 4278 cuculo
1182 4220 1233 4293 iis,
1264 4236 1339 4295 quae
1362 4220 1439 4277 cium
1461 4216 1602 4294 diapason
1630 4216 1762 4277 neddere

410 4309 764 4385 demonstravimusffl).
808 4309 884 4369 Nam
912 4314 943 4368 in
967 4308 1152 4384 oppositione
1182 4305 1436 4383 comprehenditur
1463 4307 1540 4364 ratio
1567 4302 1659 4381 dupla
1688 4307 1763 4364 inter

408 4407 504 4460 totum
534 4399 674 4459 circulum
705 4405 736 4458 et
767 4397 980 4457 semicirculum
990 4390 1071 4471 m),
1108 4393 1324 4471 plurimumque
1356 4390 1543 4466 aequalitatis
1576 4409 1646 4469 prae
1681 4400 1763 4453 cete·

409 4483 529 4562 risXV),
564 4496 593 4545 et
623 4484 703 4562 quod
738 4500 791 4561 per
821 4492 950 4543 centrum
982 4482 1081 4541 circuli
1111 4499 1170 4540 una
1192 4481 1256 4541 sola
1285 4480 1426 4541 diameter
1453 4480 1618 4543 necessario
1642 4480 1762 4553 incedit,

412 4591 490 4652 quaa
511 4575 606 4652 prima
629 4591 720 4633 causa
742 4579 787 4632 est
809 4571 997 4649 aequalitatis
1021 4564 1219 4645 figuraeffl),
1244 4567 1381 4645 quodque
1405 4584 1480 4643 qnae
1502 4567 1587 4627 aliter
1603 4565 1763 4628 traducun-

410 4670 473 4735 tur,
503 4662 557 4721 etsi
581 4661 844 4722 circumferentiam
872 4666 964 4719 totam
993 4658 1023 4713 in
1045 4664 1233 4732 quotcunque
1257 4663 1356 4732 partes
1386 4652 1526 4731 aequales
1550 4653 1699 4728 dividant,
1732 4661 1765 4715 at

410 4766 469 4808 non
499 4750 542 4809 sic
564 4757 594 4809 et
616 4756 711 4809 totum
742 4746 880 4824 planum,
914 4745 1055 4806 diameter
1085 4759 1154 4802 vero
1182 4750 1212 4803 et
1233 4742 1495 4803 micumterentiam
1526 4749 1556 4802 et
1576 4741 1698 4819 planum
1720 4744 1764 4801 si·

410 4833 615 4918 militerXVfl).
660 4836 738 4895 Hine
760 4845 814 4912 est,
838 4833 918 4913 quod
941 4831 1187 4909 configurationes
1201 4837 1346 4891 astrorum
1359 4830 1473 4892 zodiaci
1488 4828 1674 4892 diametrales
1689 4832 1765 4890 iuter
