3872 5846
360 355 425 414 264
774 343 817 397 Dc
835 338 1101 410 Conlignretionibns
1120 339 1299 395 Harmonicis.

360 527 451 588 animi
479 518 640 602 vinutibus
669 518 805 598 praediti.
850 519 939 579 Beier
968 518 1026 578 hue
1048 517 1176 594 reliqna,
1208 538 1285 596 qnae
1314 539 1403 600 supra
1430 522 1467 583 de
1488 524 1716 602 physiognomia

361 615 422 674 dixi
445 612 562 689 dicique
585 608 711 685 amplius
733 615 863 685 possent.

448 701 495 760 De
526 700 613 775 genio
644 694 761 755 tutelari
793 702 938 755 testantur
960 692 1062 752 divina
1086 693 1206 752 oracula
1231 698 1300 769 (iob.
1319 698 1362 755 33.
1381 699 1479 755 Mattb.
1498 703 1541 756 ts.
1565 702 1633 757 Lao.
1653 704 1715 771 lh),

361 787 487 865 siugulis
515 790 551 846 iis
580 783 760 859 singulorum
787 782 938 841 hominnm
967 778 1115 838 custodias
1145 797 1210 840 esse
1239 782 1396 840 attributas
1428 782 1585 860 datamque
1608 791 1638 844 et
1660 785 1715 843 ad·

362 878 551 953 monitionem
575 880 604 932 et
627 871 864 930 intercessionem
888 868 925 928 ad
949 866 1077 927 tribuual
1099 867 1303 944 providentiae
1322 868 1389 927 Dei.
1433 870 1549 931 Nullam
1573 873 1621 931 hic
1642 889 1715 949 pos·

361 966 523 1025 sessionem
545 961 636 1019 hahet
658 965 764 1016 natura
785 975 881 1016 rerum
904 954 1075 1037 sensilium3
1105 957 1130 1011 si
1151 961 1251 1015 tamen
1282 955 1423 1031 astrologi
1452 976 1488 1017 ex
1511 960 1638 1019 themate
1661 976 1716 1035 ge·

360 1050 509 1112 nethliaco
539 1049 750 1125 praenunciare
777 1053 900 1122 possunt
930 1060 1016 1101 casus
1046 1041 1133 1118 plane
1163 1042 1298 1102 fortuitos
1327 1045 1513 1118 (naturaliter
1540 1042 1713 1127 loquendo),

361 1140 417 1199 hoc
441 1144 486 1197 est
508 1135 593 1207 tales,
617 1136 666 1208 qui
691 1149 786 1207 neque
811 1150 846 1191 ex
868 1130 955 1189 malis
977 1130 1104 1187 hominis
1127 1132 1271 1203 moribus,
1295 1147 1331 1188 ex
1354 1135 1526 1207 temeritate,
1550 1151 1586 1194 ex
1609 1137 1715 1193 intem-

361 1226 495 1305 perantia
518 1226 579 1282 irae
608 1220 776 1280 libidinisre
799 1219 984 1291 acciderunt,
1015 1233 1111 1293 neque
1141 1218 1282 1285 arcitus
1305 1217 1512 1294 dedignatione
1541 1221 1715 1298 dependent,

362 1330 438 1391 quae
470 1311 528 1370 duo
558 1311 692 1369 fortunae
724 1306 915 1366 fundamenta
945 1306 1085 1365 hactenus
1108 1303 1255 1382 explicata
1277 1313 1360 1377 sunt,
1390 1315 1422 1364 ut
1445 1308 1523 1382 quod
1554 1307 1654 1385 tegula
1677 1309 1714 1368 de

361 1409 440 1461 tecto
465 1397 588 1475 delapsa
617 1397 682 1454 ierit
711 1404 958 1470 praetereuntem,
989 1392 1068 1468 quod
1091 1401 1255 1467 reptantem
1284 1392 1419 1451 insiliis
1448 1396 1514 1453 ierit
1536 1395 1642 1472 globus
1665 1403 1716 1455 aut

341 1491 473 1563 -sagitta
501 1485 677 1562 improvisa,
708 1482 787 1558 quod
818 1485 903 1541 navis
935 1482 1067 1539 demersa
1094 1481 1216 1539 miseros
1241 1487 1374 1539 vectores
1397 1480 1501 1541 mediis
1534 1487 1655 1560 exponit
1685 1486 1716 1540 in

363 1574 459 1646 nudis,
484 1572 565 1649 qnod
587 1571 712 1630 flammis
735 1569 783 1628 bic
806 1572 982 1646 interceptos
1006 1569 1209 1642 exstinguitur,
1232 1567 1283 1626 ille
1306 1570 1390 1626 ruina
1411 1567 1521 1628 domus·
1538 1570 1585 1630 rel
1609 1574 1717 1629 monde

364 1663 556 1739 opprimitur,
585 1666 616 1717 et
646 1659 674 1714 ln
708 1659 899 1731 eontrarium,
931 1655 1010 1732 quod
1039 1657 1219 1728 insperatam
1250 1654 1298 1713 hic
1327 1654 1536 1715 haereditatem
1566 1656 1642 1730 adit,
1665 1657 1716 1716 ille

270 1748 277 1761 ‘
362 1750 532 1810 thesaurum
562 1746 681 1803 fortuito
712 1746 838 1817 invenit,
876 1747 900 1802 si
930 1747 1050 1820 inquam
1079 1742 1178 1800 thema
1208 1741 1425 1819 genethliacum
1454 1746 1584 1804 eontinet
1611 1745 1715 1803 hornm

363 1853 485 1897 caenum
506 1835 629 1904 indicia,
662 1833 713 1907 qui
735 1834 881 1908 pertinent
909 1830 945 1889 ad
969 1830 1066 1905 angeli
1096 1829 1225 1889 custodis
1249 1832 1350 1887 munia
1381 1831 1453 1889 citra
1475 1834 1714 1905 conboversiam,

364 1932 482 2002 oportet
512 1931 543 1981 et
571 1922 641 1979 huic
667 1918 818 1978 custodiae
846 1919 1054 1995 impedimenta
1085 1933 1121 1975 ex
1151 1927 1230 1976 astro
1252 1916 1439 1992 genethliaco
1461 1921 1616 1995 provenire
1645 1936 1716 1996 pro·

363 2013 569 2085 motionesque
593 2008 767 2080 contraries3
798 2007 875 2081 qood
899 2024 968 2064 num
991 2005 1110 2082 impiam
1133 2007 1310 2063 seutentiam
1332 2007 1361 2061 in
1385 2021 1417 2063 sc
1439 2010 1603 2080 contineat,
1631 2005 1717 2065 vide·

364 2102 422 2157 riut
443 2096 588 2175 theologi,
612 2095 782 2172 praesertim
807 2096 836 2166 ii,
861 2097 911 2169 qui
934 2109 1041 2169 magno
1057 2107 1176 2150 numero
1193 2093 1324 2152 scribunt
1337 2108 1459 2167 geneses
1475 2104 1504 2153 et
1519 2096 1714 2171 prognostica.

365 2188 580 2263 Experientiam
605 2197 660 2259 ego
683 2181 794 2252 babeo,
826 2181 942 2256 qrralem
966 2182 1060 2240 dicam
1084 2181 1201 2252 nescio,
1234 2179 1357 2238 duorum
1381 2180 1546 2253 hominum,
1576 2185 1626 2257 qui
1649 2198 1716 2240 cnm

365 2280 463 2333 essent
485 2275 547 2330 natl
571 2271 625 2328 snb
649 2267 921 2327 constellationibus
944 2269 1164 2328 violentissimis
1194 2284 1348 2342 moresque
1371 2278 1560 2341 sequerentur
1589 2287 1647 2327 non
1670 2267 1718 2326 di-

366 2362 453 2433 versi,
477 2358 551 2418 adeo
567 2366 598 2416 ut
614 2356 700 2414 alteri
723 2372 824 2414 eorum
839 2355 926 2414 ludus
942 2365 1027 2429 esset,
1051 2352 1129 2413 saltu
1150 2373 1200 2430 per
1215 2355 1387 2431 praecipitia
1401 2354 1467 2412 ierri
1483 2355 1638 2431 medioque
1661 2372 1719 2415 so·

365 2448 429 2506 latu
452 2445 549 2509 sunem
573 2445 716 2519 arripere,
748 2461 768 2500 a
797 2461 855 2517 quo
884 2445 910 2500 si
932 2445 1111 2514 aberrasset,
1140 2442 1203 2517 jam
1235 2451 1333 2500 actum
1364 2440 1399 2500 de
1429 2442 1492 2518 ejus
1514 2447 1577 2502 vita
1604 2445 1716 2516 luisset,

366 2535 524 2612 perniciem
555 2540 652 2609 tameo
681 2529 737 2587 sihi
769 2532 929 2603 temeritate
958 2548 1013 2591 soa
1041 2546 1099 2588 non
1131 2531 1320 2588 accmsivisse
1349 2536 1419 2587 sunt
1441 2532 1513 2606 risi3
1545 2548 1613 2589 nam
1643 2529 1717 2589 alter

367 2637 467 2681 eorum
490 2619 628 2697 fulmine,
659 2616 732 2676 alter
754 2616 843 2692 globo
866 2617 1005 2693 plumbeo
1029 2626 1208 2675 coenatore
1232 2619 1307 2675 ictus
1329 2623 1390 2689 est,
1417 2634 1482 2675 cum
1505 2620 1530 2675 is
1553 2619 1622 2676 ieris
1644 2620 1719 2675 iusi-

367 2708 566 2767 diatuslrisu
596 2713 624 2764 et
654 2704 775 2763 auribus
804 2706 978 2764 aberrasset.
1029 2705 1092 2764 Nec
1122 2703 1225 2777 video,
1254 2705 1305 2778 qui
1334 2701 1449 2761 coelum
1480 2707 1536 2762 ista
1565 2708 1660 2781 possit
1689 2708 1719 2762 in

367 2795 516 2854 hominem
539 2796 612 2853 citra
634 2793 754 2867 genios,
778 2792 858 2866 quod
881 2782 991 2865 ceter‘a,
1015 2808 1092 2867 quae
1115 2799 1222 2867 potest,
1245 2793 1344 2848 omnia
1368 2808 1420 2866 per
1442 2792 1567 2850 bominis
1589 2795 1720 2851 animum

368 2899 513 2958 corpusve
536 2877 655 2960 (quibus
678 2878 715 2936 ed
738 2881 796 2937 ista
819 2879 901 2939 nulla
916 2882 961 2939 vis
984 2877 1072 2957 inest)
1093 2896 1181 2955 posse
1198 2877 1430 2955 deprehenditur.
1475 2878 1553 2938 Illud
1575 2880 1645 2937 mihi
1660 2896 1719 2938 non

368 2969 459 3030 semel
490 2966 615 3041 accidit,
645 2965 723 3041 quod
753 2984 819 3025 eum
851 2966 899 3024 diu
928 2966 1109 3042 multumque
1142 2984 1187 3024 me
1220 2969 1433 3025 excruciassem
1464 2969 1718 3026 commiseratione

369 3055 553 3133 quorundam
576 3056 695 3112 lortuito
718 3056 915 3129 pereuntium,
939 3056 989 3130 qui
1011 3053 1082 3111 mihi
1106 3056 1162 3111 visi
1185 3059 1253 3112 sont
1275 3054 1514 3125 innocentissimi,
1545 3054 1661 3113 tandem
1684 3071 1720 3112 ex

367 3143 426 3203 lide
449 3142 545 3218 dignis
567 3130 690 3211 rescisi‘,
722 3142 812 3199 vitam
836 3140 949 3198 illorum
973 3159 1042 3216 prae
1066 3144 1169 3199 ceteris
1192 3139 1281 3199 talem
1304 3140 1407 3213 luisse,
1437 3159 1496 3216 qua
1517 3141 1603 3201 lacile
1623 3142 1720 3200 bonus
1765 3136 1773 3143 ’

368 3231 502 3306 augelus,
527 3238 559 3287 ut
581 3245 652 3304 apes
675 3227 763 3299 inmo,
787 3227 934 3306 abigatur,
957 3237 986 3284 ct
1008 3229 1095 3286 homo
1117 3230 1214 3286 caeeis
1237 3227 1363 3300 casibus,
1387 3236 1420 3286 ut
1441 3231 1504 3288 sinc
1519 3236 1631 3288 rectore
1653 3245 1721 3287 cor-

371 3335 435 3390 rus,
464 3317 592 3394 permitti
616 3313 725 3386 soleat,
755 3312 837 3372 velut
867 3318 1068 3391 emancipatus
1096 3317 1232 3392 apatria
1254 3315 1311 3374 Dei
1340 3317 1477 3375 creatoris
1500 3319 1546 3374 sui
1574 3323 1721 3391 potestate

370 3422 484 3480 suoque
517 3403 676 3481 permissus
706 3400 845 3473 arbitrio,
876 3403 934 3460 imo
963 3402 1107 3479 tyrannidi
1132 3402 1270 3460 Satanae.
1314 3403 1487 3478 CrrJrrsmodi
1517 3404 1629 3479 aliquid
1651 3420 1722 3460 num

373 3495 461 3553 etiam
485 3490 522 3549 de
544 3492 627 3567 prius
650 3488 755 3564 positis
779 3488 920 3564 exemplis
949 3492 986 3547 sit
1008 3489 1194 3548 statuendum
1225 3488 1326 3564 illique
1357 3507 1442 3548 casus
1469 3493 1580 3549 nemesi
1604 3491 1722 3550 divinas

293 3628 300 3641 ,
371 3578 528 3651 tribuendi,
552 3576 634 3637 solus
658 3577 684 3633 is
706 3577 807 3646 novit,
832 3578 882 3650 qui
906 3575 994 3636 corda
1016 3584 1174 3646 scrutatur,
1204 3579 1255 3653 qui
1277 3578 1379 3635 visitat
1402 3580 1584 3652 iniquitatem
1607 3585 1723 3654 patrum

269 3728 271 3737 ,
372 3669 402 3724 ln
430 3666 506 3725 filios
535 3668 564 3724 in
593 3666 707 3723 tertiam
738 3669 767 3721 et
794 3671 928 3738 quartam
957 3666 1183 3739 generationem.
1229 3664 1337 3722 Verum
1371 3664 1407 3724 de
1437 3667 1573 3724 omnibus
1603 3665 1722 3724 lortnito

373 3753 563 3832 pereuntibus
585 3751 665 3809 absit
692 3755 724 3807 ut
747 3750 870 3809 eandem
893 3752 983 3810 ieram
1006 3754 1190 3810 sententiam.
1237 3750 1294 3810 Sed
1317 3753 1397 3811 vitae
1428 3753 1516 3811 talem
1543 3754 1723 3831 impietatem

373 3840 554 3916 conjectores
579 3856 613 3896 ex
638 3840 724 3895 astris
747 3837 846 3895 videre
869 3856 927 3897 nou
951 3842 1092 3915 possunt,
1123 3856 1178 3897 nec
1200 3840 1276 3898 enim
1304 3840 1334 3895 in
1357 3828 1432 3898 coeli
1456 3839 1549 3916 ligura
1578 3839 1723 3916 descripte

373 3934 442 3987 suut
464 3925 565 3985 divina
588 3923 699 3983 surrilis
727 3934 828 3982 contra
850 3944 956 4001 pravas
980 3929 1143 3985 animorum
1174 3926 1392 3999 inclinationes,
1423 3929 1452 3983 io
1476 3945 1550 4004 quas
1579 3927 1653 3987 coeli
1675 3929 1723 3984 in·

372 4016 469 4074 fluxus
491 4020 559 4090 post
581 4011 697 4087 lapsum
721 4009 891 4085 degenerat,
921 4029 979 4071 non
1004 4030 1204 4090 corrumpens,
1236 4013 1293 4071 scd*
1315 4023 1482 4090 corruptum
1510 4016 1634 4073 incitans
1656 4015 1723 4071 ani-

374 4119 469 4174 mum3
500 4100 714 4159 multominus
738 4101 766 4155 in
791 4096 907 4157 Saturni
932 4099 1043 4172 livore,
1072 4100 1177 4158 Martis
1199 4101 1304 4160 rubore
1329 4108 1396 4159 sunt
1418 4103 1557 4176 inscripta
1588 4100 1722 4160 velutin

372 4186 525 4267 pandectis
558 4202 718 4263 poenarum
741 4202 867 4260 genere,
898 4189 1026 4260 peccatis
1049 4188 1171 4263 singulis
1203 4186 1310 4247 debita
1355 4188 1459 4262 Itaque
1489 4205 1554 4246 cum
1582 4191 1723 4248 connexio

373 4274 516 4334 naturalis
538 4274 641 4332 harum
664 4290 759 4331 rerum
783 4289 848 4331 cum
865 4273 948 4332 coelo
971 4272 1140 4332 immediata
1162 4273 1245 4333 nulla
1265 4277 1311 4347 sit,
1332 4275 1394 4349 jam
1411 4274 1501 4332 semel
1515 4283 1603 4351 atque
1618 4278 1723 4335 iterum

373 4380 426 4440 per
448 4362 502 4421 bos
525 4362 567 4420 20
583 4377 683 4419 <anuos
706 4359 773 4419 dedi
795 4358 913 4436 publice
937 4360 1196 4431 considerandum,
1225 4379 1261 4419 an
1288 4363 1364 4420 sicut
1392 4363 1560 4437 spirituales
1587 4361 1631 4421 illi
1653 4381 1724 4438 pro-

373 4449 538 4508 vinciarum
559 4446 794 4524 populorumque
810 4446 959 4523 praesides
975 4466 993 4505 a
1008 4449 1158 4522 spiritibus
1175 4448 1395 4507 insidiatoribus
1411 4448 1543 4524 impediri
1560 4467 1591 4509 se
1612 4468 1675 4526 cop.
1694 4452 1722 4509 9.

377 4535 510 4595 Danielis
532 4542 703 4610 queruntur,
726 4538 768 4592 sic
791 4536 879 4592 etiam
903 4535 1083 4609 singulorum
1107 4535 1258 4602 honrjnum
1281 4538 1358 4611 genii
1383 4537 1420 4595 ah
1443 4538 1529 4594 astris
1552 4537 1724 4596 naturaliter

378 4622 495 4699 quidem
518 4621 723 4698 impediantur,
746 4639 804 4696 qrro
827 4623 924 4679 minus
947 4621 1099 4680 commode
1121 4626 1255 4681 resistcre
1278 4624 1392 4698 possint
1418 4625 1613 4700 potestatibus
1635 4626 1722 4697 airis,

376 4716 516 4786 narbona
538 4710 624 4768 nobis
646 4708 868 4781 insidiantibus,
898 4707 1008 4785 illeque
1035 4708 1245 4786 impedimenta
1273 4709 1503 4786 praevideantur
1529 4729 1564 4770 ex
1594 4711 1721 4772 themate

373 4797 453 4870 uati,
482 4796 561 4878 quod
586 4797 707 4855 sortasse
730 4797 821 4859 etiem
843 4798 871 4857 in
894 4799 1013 4873 genium
1035 4798 1165 4873 influxit,
1194 4813 1253 4855 oon
1275 4799 1372 4857 minus
1402 4817 1491 4875 qnam
1517 4801 1549 4857 in
1572 4801 1719 4859 nascentis
