3840 5854
754 392 788 451 de
804 392 961 453 Harmonia.
1027 472 1034 485 ι
1425 485 1428 489 ’
1488 402 1530 467 aa

179 575 222 639 ult,
238 572 307 625 malo
329 571 455 625 Gnaeum
476 577 585 625 ultorem
602 587 704 642 masos,
728 587 805 639 quem
827 587 955 639 perpenna
977 576 1006 625 lu
1032 573 1139 625 latinum
1161 587 1300 627 sermonem
1326 588 1470 629 conuersum
1494 576 1530 625 ls-

180 644 229 695 ΜΘ
246 644 362 761 affin
387 714 550 763 ilberschiche
573 716 615 764 ioh
639 715 680 763 die
703 714 863 763 Harmoniam
879 714 1016 764 Ptolemaei
1037 728 1123 777 gruem
1146 714 1198 764 und
1224 715 1265 765 die
1287 715 1450 766 Harmoniam
1467 716 1529 766 Por·

178 784 258 846 phyrli
281 797 369 843 macca
390 788 417 832 et
439 784 531 849 latine,
558 799 613 834 cunr
631 785 711 834 tertiis
728 784 888 835 Hermonlcls
914 786 1038 847 anonymi.
1074 785 1135 834 wilt
1160 801 1220 847 geru
1238 787 1282 836 des
1301 786 1383 836 Herrn
1401 787 1530 837 Judicium

178 854 282 904 dabber
299 855 463 916 rernehmen,
485 855 611 904 viellelcht
627 855 677 904 hab
695 855 736 904 ich
754 870 781 903 ee
798 855 876 904 selbst
893 856 995 904 vertiert
1013 856 1072 905 oder
1089 857 1211 905 vertieren
1233 857 1323 909 lassen.
1359 858 1404 907 Ich
1421 859 1466 907 hin
1484 860 1530 907 sti·

177 925 260 973 mulirt
277 923 397 985 worden,
422 924 502 973 dieses
520 939 660 974 zusammen
682 924 791 974 druclen
816 940 846 974 su
872 925 969 986 lassen,
996 925 1102 975 dariiher
1127 927 1169 975 ich
1186 929 1238 975 sein
1258 926 1397 975 Gutachten
1420 928 1529 977 subbren

177 993 507 1129 iffloe⁸163{⁰)flum⁰m
523 994 655 1060 Porphyrii
676 1009 733 1059 says
756 1000 825 1045 sonet
849 996 890 1045 nie
914 1010 945 1045 zu
963 995 1044 1045 Truck
1069 995 1191 1047 lsommcu.
1227 997 1528 1060 (exspirantem.

258 1222 281 1273 E
302 1222 406 1286 Ksplsrl
423 1223 583 1286 responsione
601 1219 640 1289 (d.
658 1236 743 1273 menas
761 1224 820 1287 Aps.
840 1221 914 1277 teca
935 1223 979 1278 cfr.
992 1225 1036 1274 Ill
1053 1237 1071 1286 p
1093 1222 1157 1289 dbd)
1175 1225 1237 1275 baso
1251 1224 1300 1274 huc
1319 1221 1446 1275 referende
1458 1228 1527 1275 eunt:

256 1451 377 1513 Literna
400 1459 484 1527 tuas,
513 1451 671 1529 Magnifice
690 1460 723 1513 st
743 1450 932 1514 Nobilissime
955 1452 1025 1527 Vir,
1057 1470 1124 1513 cum
1148 1451 1288 1512 librorum
1315 1451 1456 1513 lancicula
1482 1453 1528 1513 bie

174 1540 276 1601 diebus
303 1557 412 1617 mue
432 1540 546 1600 laetius
567 1541 678 1617 accepi.
712 1540 807 1617 Igitur
828 1543 927 1600 statim
950 1539 988 1601 ad
1003 1539 1237 1618 respondendnm
1258 1556 1425 1615 conuersus,
1449 1541 1528 1618 quod

174 1627 379 1704 magnitudine
410 1624 587 1687 officiorum
603 1644 662 1688 nou
690 1645 828 1706 mesum,
854 1628 1071 1704 promtitudine
1101 1636 1131 1688 et
1155 1628 1299 1706 obsequio
1322 1630 1423 1688 testari
1446 1627 1529 1690 volui

172 1733 267 1777 meam
290 1715 509 1795 gratitudinem.

258 1802 406 1864 Exordiar
436 1819 542 1863 amco
569 1802 700 1864 discursu
728 1803 912 1877 harmonico,
942 1804 1115 1880 quaestione
1143 1819 1215 1862 usus
1238 1802 1389 1881 ambigue,
1420 1803 1528 1880 quibus

174 1892 398 1953 exauctoribus
414 1891 557 1952 elementa
570 1890 659 1968 hujus
675 1892 822 1952 doctrinae
837 1890 945 1951 hauriri
961 1893 1085 1968 possint
1118 1889 1309 1964 Dubitabam,
1332 1907 1428 1949 meam
1441 1892 1529 1950 istam

174 1982 328 2053 muneres,
359 1996 398 2038 an
427 1978 509 2038 illam
539 1986 680 2042 ramnum.
725 1979 756 2039 Si
786 1985 928 2039 vetemm:
960 1978 1052 2038 edidit
1074 1977 1264 2058 Dasypodiue
1282 1976 1412 2037 Euclidis
1435 1976 1529 2039 Elem.

174 2066 273 2129 Harm-
303 2064 418 2127 Graeea
441 2068 513 2127 citra
535 2066 807 2131 demonstrationes.
852 2063 924 2125 lude
948 2066 1130 2126 definitiones
1157 2066 1347 2126 terminorum
1374 2067 1435 2142 peti
1457 2081 1530 2141 pos·

174 2160 247 2214 aaut
294 2152 342 2213 Ad
364 2152 642 2214 demonstrationum
664 2153 843 2214 intellectum
866 2152 1022 2229 requiritur
1036 2155 1164 2231 cognitio
1186 2154 1416 2230 proportionum,
1440 2169 1529 2228 quam

175 2240 335 2315 Boethius,
354 2239 545 2317 domandus,
568 2240 634 2302 Jac.
654 2241 751 2303 Faber
773 2242 802 2298 in
825 2242 886 2299 suis
910 2240 1125 2317 Arithmeticis,
1149 2239 1224 2301 alius
1252 2258 1288 2300 ex
1310 2237 1370 2299 alio
1392 2242 1529 2315 mutuati,

174 2327 339 2405 badidere3
369 2326 546 2389 Glareanum
575 2328 625 2388 diu
654 2337 699 2389 est
731 2346 767 2389 ex
790 2344 848 2405 qno
870 2345 929 2388 non
954 2328 1031 2402 ridi,
1059 2328 1139 2390 huuc
1160 2329 1261 2389 crebro
1284 2326 1395 2402 allegat
1416 2326 1529 2386 Arthu·

173 2418 232 2476 eiua
252 2416 370 2488 Italus,
401 2415 518 2493 dequo
547 2434 656 2494 nuper,
685 2424 758 2493 puto
785 2416 863 2476 bunc
888 2419 1111 2493 epitomatorem
1142 2416 1231 2491 bujns
1254 2414 1403 2475 doctrinae
1425 2414 1529 2475 haberi
1656 2458 1663 2471 ,

173 2519 270 2580 posse.
318 2501 390 2564 Vidi
411 2503 512 2579 aliqua
533 2510 563 2563 et
585 2507 615 2564 in
639 2502 838 2582 Cyclopaedie
860 2502 910 2563 Jo.
934 2503 1065 2564 Thomas
1088 2504 1206 2580 Freigii.
1243 2502 1295 2562 Sin
1319 2502 1354 2562 de
1376 2519 1443 2563 meo
1466 2501 1529 2561 dis·

175 2607 257 2652 ereren
285 2591 419 2667 qnaeris:
449 2599 521 2667 puto
544 2608 590 2651 me
612 2593 643 2648 in
665 2591 757 2651 literis
785 2591 884 2651 omnia
906 2592 1051 2668 tetigisse,
1083 2607 1159 2667 quae
1181 2595 1297 2668 praeter
1318 2591 1369 2650 lib.
1392 2588 1434 2649 X.
1457 2589 1529 2650 Ele·

175 2688 341 2739 mentorum
363 2677 493 2738 Euclidis
515 2685 584 2739 sunt
604 2680 780 2739 necessaria.
825 2677 962 2738 Omnium
990 2695 1060 2739 uero
1084 2679 1225 2755 optimum
1254 2684 1327 2755 puto
1355 2679 1528 2754 magistrum

176 2768 405 2844 emanantium,
436 2769 464 2825 ei
492 2783 580 2843 super
610 2769 738 2827 multata
768 2764 883 2843 aliqua,
913 2782 990 2843 quae
1013 2765 1084 2827 iacit
1108 2767 1322 2839 resonantiam,
1355 2764 1527 2826 extendatur

176 2853 287 2914 chorda
308 2870 410 2928 aenea,
433 2861 465 2915 et
485 2856 639 2931 supposito
656 2846 802 2931 mugadio',
825 2870 887 2926 een,
910 2860 944 2913 ut
958 2853 1151 2931 appellamus,
1175 2854 1314 2930 ephippio
1329 2852 1431 2912 mobili
1453 2849 1527 2932 (sui-

174 2939 233 3000 iria
252 2941 353 3019 stylum
375 2939 423 3001 rel
445 2941 569 3018 ligneus,
592 2941 630 3002 ed
653 2941 791 3001 chordam
814 2940 980 3018 applicatae
1002 2942 1161 3016 levissime,
1183 2944 1226 3001 sic
1247 2947 1281 2999 ut
1294 2955 1431 2999 mucrone
1453 2940 1527 2999 sub-

170 3027 285 3102 jectum
313 3026 434 3104 plenum
462 3031 604 3107 attingere
633 3031 728 3106 possit
756 3025 795 3087 ed
823 3027 988 3088 iaciendum
1017 3029 1133 3105 signum
1159 3030 1188 3085 in
1211 3043 1246 3088 eo
1268 3027 1349 3101 loeo,
1381 3027 1433 3086 ubi
1462 3043 1528 3086 cum

174 3116 316 3193 ephippio
339 3112 536 3196 consistimus)
559 3117 725 3177 oberramus
747 3114 786 3176 ad
801 3113 916 3176 dextrae
941 3125 971 3177 st
985 3117 1118 3176 sinistrae
1133 3114 1259 3176 chordae
1273 3122 1381 3192 partes,
1405 3114 1529 3174 subinde

174 3211 466 3280 utramquepartem
487 3202 631 3278 chordae,
654 3204 692 3264 ab
716 3203 855 3280 ephippio
877 3206 963 3279 qnasi
986 3198 1109 3279 divisae,
1132 3202 1298 3281 pulsantes,
1323 3219 1418 3280 eaque
1440 3203 1530 3262 missa

172 3289 284 3366 bbere,
313 3298 407 3351 totam
429 3305 547 3367 quoque
575 3291 664 3368 pulsu
686 3298 842 3352 teumntee.
886 3290 1014 3368 Reliqua
1041 3294 1247 3368 permittuntur
1267 3292 1382 3351 aurium
1406 3288 1528 3367 Jndioio.

173 3378 248 3438 Nam
272 3378 520 3454 sijudtcarorint
540 3395 635 3451 auree,
659 3395 821 3439 consonare
843 3386 956 3455 partem
979 3387 1133 3456 utramque
1156 3396 1221 3439 cum
1243 3384 1315 3454 tota,
1338 3378 1391 3437 fiat
1412 3380 1530 3455 signum

172 3466 202 3523 in
224 3466 297 3527 loco
321 3465 473 3529 diuuionis
496 3465 709 3545 superplena,
733 3474 762 3526 ct
785 3473 967 3528 mensuretur
990 3474 1113 3543 unaque
1136 3465 1290 3544 longitudo
1315 3473 1454 3526 extensas
1477 3466 1531 3525 de·

172 3570 260 3631 super
283 3548 383 3632 partie‘
399 3551 539 3615 chordae:
567 3562 637 3614 tnnc
659 3555 831 3632 apparebit,
859 3552 962 3629 quales
985 3557 1200 3614 mnantuantur
1221 3554 1434 3631 proportiones.
1478 3551 1531 3611 ln·

172 3641 289 3701 tardum
312 3648 411 3718 partes
433 3642 508 3701 inter
535 3658 568 3702 se
591 3643 796 3704 consonabunt
824 3646 855 3702 et
877 3646 981 3702 neutra
1011 3658 1075 3701 eum
1099 3647 1179 3717 tota3
1210 3640 1355 3702 interdum
1381 3655 1450 3717 pars
1473 3656 1532 3699 une

172 3729 350 3789 consonabit
372 3744 437 3788 cum
459 3734 532 3802 tota,
554 3728 668 3806 reliqua
690 3736 720 3790 et
742 3729 780 3789 ab
803 3729 861 3791 hac
883 3735 913 3789 et
936 3745 955 3788 a
977 3734 1041 3789 tota
1060 3728 1238 3789 dissonante.
1275 3728 1344 3787 Fiat
1367 3725 1472 3787 deinde
1495 3744 1532 3786 er

172 3815 301 3877 chordae
324 3812 509 3891 longitudine
531 3814 666 3891 citemus,
690 3817 866 3878 coeuntibus
889 3817 1037 3892 capitibus
1053 3818 1232 3878 extensionis
1248 3814 1416 3876 chordaeiu
1432 3831 1532 3887 unum,

172 3911 201 3962 et
220 3904 411 3964 manentibus
433 3903 526 3979 siguis
543 3903 730 3978 dirisimum,
754 3912 784 3964 et
795 3903 953 3980 judicetur,
977 3921 1015 3964 au
1032 3921 1133 3964 vuum
1156 3903 1286 3976 dixerim,
1310 3918 1412 3962 omnes
1426 3900 1533 3977 hujus-

171 3992 251 4050 modi
276 3997 376 4068 partes
398 3990 499 4051 obtuli
520 4008 585 4052 esse
609 3990 867 4053 demonstrabilem
899 4008 977 4069 quac
999 4008 1070 4052 vero
1098 4008 1157 4051 non
1190 3988 1455 4063 concordaverant,
1485 3991 1533 4048 ln·

174 4075 433 4138 demonstrabiles.
875 4079 880 4087 '

260 4164 336 4225 com
363 4182 456 4242 nuper
478 4165 671 4242 scripsissem,
703 4164 839 4227 amabam
867 4164 965 4227 adhuc
991 4164 1168 4242 supellectili
1196 4164 1323 4224 libraria.
1368 4163 1474 4240 Itaque
1498 4162 1534 4225 de

171 4251 337 4313 Ptolmseei
351 4251 544 4313 'Harmonioia
567 4251 681 4327 latiale,
713 4270 788 4330 quae
811 4254 884 4314 olim
913 4253 1021 4313 adme
1045 4255 1073 4311 in
1098 4252 1226 4329 Styriam
1249 4251 1372 4325 misisti,
1403 4267 1438 4312 er
1462 4249 1533 4311 bibl.

172 4339 320 4401 marnoa
342 4336 489 4413 desumto,
520 4338 686 4416 expressius
718 4341 845 4402 scrihere
874 4357 933 4401 non
962 4342 1055 4417 potui.
1100 4339 1191 4400 Salva
1216 4350 1285 4399 sunt
1307 4344 1348 4417 et,
1378 4339 1403 4397 sl
1433 4339 1536 4398 utilis

171 4428 302 4499 voluerit
324 4426 366 4487 ll.
390 4426 466 4507 lua,
487 4426 668 4504 postliminio
692 4434 882 4490 revertentur.
928 4426 981 4487 Sin
1008 4434 1108 4489 eutem
1131 4425 1243 4503 aliquid
1277 4442 1366 4486 ame
1395 4427 1424 4484 in
1454 4425 1536 4484 libris

171 4533 238 4577 mse.
262 4515 406 4594 praestari
429 4517 527 4590 cupis,
551 4513 590 4575 ad
613 4513 693 4591 quod
715 4514 796 4575 libris
818 4514 920 4575 latinis
942 4516 1092 4592 impressis
1114 4515 1187 4574 mibi
1213 4530 1288 4591 opus
1310 4513 1410 4588 inerit,
1442 4512 1478 4574 de
1501 4529 1536 4573 eo

172 4620 217 4663 me
237 4604 381 4681 proximis
401 4601 494 4662 literis
516 4601 663 4662 moechia.
706 4602 895 4678 Gogarinum
917 4603 1035 4679 ineptae
1058 4602 1202 4662 versionis
1225 4614 1284 4661 uon
1304 4617 1407 4678 arguo,
1430 4606 1462 4660 at
1483 4598 1531 4659 less

171 4693 264 4750 tinum
286 4698 401 4751 testum
424 4689 611 4750 obscuritatis
632 4691 663 4747 iu
678 4692 801 4751 materie
815 4692 912 4751 minos
927 4692 1005 4749 trita.
1043 4689 1086 4746 En
1103 4690 1157 4749 tibi
1174 4687 1355 4765 exemplumr
1378 4690 1422 4747 sic
1443 4688 1534 4745 vertit

173 4776 346 4856 Gogasinus
376 4778 592 4854 inscdptioncsn
615 4779 719 4854 cepitis
749 4775 858 4838 ultimi:
891 4784 944 4856 ,ot
965 4777 1123 4836 errantium
1145 4774 1296 4837 stellarum
1318 4773 1532 4836 iamiliarilatee

172 4872 374 4945 comparentur
403 4866 438 4923 ln
456 4862 660 4942 quas'habent
680 4866 776 4926 aoni.“
823 4863 897 4941 Quis
920 4864 994 4925 hacc
1021 4861 1173 4941 intelligit,
1203 4864 1259 4927 etsi
1289 4863 1411 4924 uerbum
1438 4859 1529 4921 verbo
