3940 5856
396 381 460 443 850
905 373 1055 433 Pmlsruael
1072 371 1227 433 Harmorda

391 551 627 631 aumarosu¹):
650 554 853 631 magnaura,
874 571 951 630 quae
973 554 1151 616 eomistitin
1166 553 1567 629 transmissionesensiliam
1591 556 1743 629 memoria,

395 646 425 701 in
447 646 541 720 prima
562 645 746 719 signatiou03
768 642 984 702 reminiscentia
1000 645 1032 701 in
1048 640 1240 702 observandis
1255 649 1285 701 ιι
1306 641 1502 701 memorandis
1520 644 1565 715 iis,
1589 659 1666 718 quas
1681 644 1745 720 sig·

396 738 467 791 nata
489 737 572 801 sunt3
596 729 745 790 discursus
770 731 799 786 ln
822 728 979 805 cogitando
1001 737 1032 791 et
1053 727 1237 806 quaerend03
1261 732 1362 807 opinio
1382 733 1412 789 in
1420 729 1620 805 conjectando
1635 724 1745 806 obltsr;

352 828 356 849 ¹
395 820 470 878 ratio
493 820 625 878 inrecta
654 816 878 894 dijudicatione,
908 820 1031 878 scientia
1053 819 1082 875 in
1106 818 1238 876 veniatis
1261 817 1519 894 comprehensione
1549 818 1679 897 perlecta
1689 813 1745 901 ¹¹).

289 936 293 941 >
398 904 456 965 Sed
479 906 538 965 alio
560 901 648 965 modo
672 903 812 964 dividitur
836 907 933 965 anima
954 913 1056 965 nostra
1077 907 1108 963 in
1130 904 1380 980 ratiocinativam,
1412 905 1588 965 irascibilem
1612 913 1641 964 et
1664 904 1744 964 desi-

397 991 559 1053 deratiram
587 995 647 1052 vim
660 988 725 1073 ιΠ).
771 991 865 1070 Igitur
887 994 1093 1052 ratiocinativa
1121 998 1237 1070 propter
1266 1008 1371 1052 musas
1398 991 1603 1070 aequalitatis,
1635 992 1746 1052 similes

396 1081 489 1155 dictis,
513 1081 676 1158 comparari
695 1081 761 1157 jure
784 1081 888 1140 merito
912 1098 977 1140 cum
1000 1080 1143 1158 diapason
1166 1081 1289 1157 poterit;
1314 1079 1475 1154 irascibilis,
1501 1098 1576 1156 quae
1599 1078 1643 1138 illi
1666 1097 1743 1157 quo-

396 1167 550 1231 dammodo
573 1186 606 1229 sc
629 1170 759 1247 proxima
781 1171 925 1243 msociat,
947 1169 1157 1233 consonantias
1179 1166 1332 1244 diapente,
1361 1166 1559 1228 desiderativa
1581 1184 1636 1228 seu
1658 1170 1745 1244 cupi·

396 1256 488 1330 deas,
517 1263 551 1317 nt
572 1273 649 1336 quae
671 1253 829 1333 praedietis
849 1255 983 1330 subjecta
1012 1253 1253 1319 stasnbcrdinata
1275 1257 1330 1330 sit,
1361 1256 1570 1317 consonantias
1598 1255 1745 1316 diatessa-

396 1340 536 1423 ron¹¹¹¹l
580 1344 656 1404 Nam
683 1350 713 1404 et
742 1349 857 1403 ceteras
886 1343 1044 1419 dignitates
1075 1350 1105 1402 et
1134 1341 1328 1402 inclusionem
1348 1342 1470 1403 uberius
1499 1344 1529 1401 in
1552 1342 1646 1403 altars
1673 1345 1745 1403 atti·

394 1433 508 1504 nentia,
539 1447 616 1507 qnae
637 1433 776 1507 ubinam
797 1432 984 1507 contingunt,
1017 1428 1121 1490 eodem
1148 1429 1209 1490 iore
1231 1429 1319 1489 modo
1349 1432 1439 1489 edam
1469 1446 1505 1489 aa
1528 1430 1608 1491 hisco
1638 1429 1745 1490 deduci

395 1521 515 1602 patique
536 1526 676 1597 possunt,
688 1528 729 1578 ιι
751 1517 885 1594 singulas
908 1516 1086 1577 differentias
1108 1517 1321 1591 evidentiores,
1344 1520 1486 1577 virtutum
1509 1518 1652 1594 cujusque
1673 1533 1745 1597 pro·

395 1609 538 1686 priorum,
560 1622 675 1665 rursum
697 1606 815 1682 aequali
837 1608 973 1681 utrinque
995 1620 1116 1665 numero
1139 1605 1321 1664 inveniemus
1344 1600 1530 1665 differentiis
1538 1604 1745 1683 persingulas

396 1696 509 1773 species
537 1695 740 1771 primariorum
771 1695 1037 1753 consonantiarum.
1083 1691 1159 1751 Nam
1187 1694 1275 1751 etiam
1305 1692 1437 1751 insonis
1466 1695 1647 1753 concinnitas
1677 1695 1745 1769 qni-

397 1781 462 1841 dam
493 1782 585 1841 rirtus
615 1780 762 1858 quaedam
792 1788 836 1841 est
864 1780 995 1856 illorum,
1026 1781 1230 1841 inconcinnum
1254 1795 1323 1838 vero
1355 1782 1469 1847 vitium
1481 1798 1532 1840 seu
1556 1779 1684 1857 malitia,
1716 1787 1746 1840 at

398 1886 541 1931 conversa
563 1868 600 1929 ad
623 1871 736 1930 animas
759 1870 901 1945 oratioue,
923 1870 1016 1928 virtus
1038 1876 1083 1928 est
1105 1868 1250 1944 quaedam
1273 1866 1388 1926 iliorum
1413 1868 1594 1928 concinnitas
1601 1910 1609 1944 ,
1632 1867 1746 1948 malitia

399 1954 469 2018 r'ero
493 1957 720 2033 inconcinnitas,
743 1958 771 2016 in
795 1964 918 2035 utroque
942 1973 1012 2016 vero
1035 1973 1140 2034 gauere
1163 1972 1258 2015 rerum
1281 1958 1446 2017 commanda
1468 1964 1549 2030 sunt,
1574 1963 1742 2034 contempe-

396 2047 491 2106 rantia
512 2043 632 2121 quidem
653 2044 824 2104 harmonica
845 2060 1000 2120 generum,
1034 2061 1071 2103 ex
1093 2052 1177 2120 parts
1199 2059 1315 2117 eorum,
1347 2060 1424 2120 quae
1447 2051 1515 2103 sunt
1541 2043 1672 2104 alternui
1695 2060 1754 2103 se··

397 2132 524 2207 cundum
545 2141 695 2205 naturam,
720 2134 918 2208 incongruitas
940 2147 1011 2195 vero
1034 2147 1144 2204 corum,
1167 2147 1244 2207 quae
1267 2138 1336 2190 sunt
1358 2130 1461 2190 iisdem
1484 2138 1585 2191 eontra
1601 2140 1744 2190 naturam.

481 2219 587 2280 Essent
614 2227 713 2281 autem
743 2217 979 2295 concupiscibilis
995 2218 1156 2279 ,tacuimus
1184 2227 1243 2277 tres
1266 2219 1382 2277 rimatis
1410 2218 1523 2297 species
1553 2217 1591 2277 sd
1614 2235 1746 2277 normam

395 2310 604 2368 consonantiae
637 2305 818 2366 diatessaron
845 2310 935 2365 istae·
968 2308 1162 2385 temperantia
1184 2304 1317 2381 quidem,
1350 2308 1513 2365 consistens
1544 2307 1572 2363 in
1596 2313 1745 2365 contemtu

399 2394 599 2471 voluptatum,
629 2395 772 2470 patientia
794 2410 865 2453 vero
894 2402 924 2452 et
946 2395 1125 2451 continentia
1156 2392 1333 2451 sustinendis
1356 2391 1539 2469 indigentiis,
1569 2392 1746 2454 verecundia

396 2480 521 2558 darique
544 2483 573 2540 in
597 2479 725 2542 vitandis
746 2482 889 2558 turpibus
934 2479 1094 2539 irascibilis
1119 2495 1188 2540 vero
1209 2479 1359 2539 facultatis
1377 2488 1503 2556 quatuor
1520 2482 1746 2559 virtutumspe·

397 2571 457 2628 cias
469 2557 629 2628 secuudum
639 2571 861 2629 consonantiam
871 2567 1007 2646 diapente
1017 2567 1131 2627 lorent
1122 2577 1211 2627 ratae
1227 2567 1430 2641 mansuetudo,
1447 2578 1552 2628 utnon
1568 2569 1745 2645 perturberis

397 2658 671 2716 commotionibus
663 2674 741 2732 rrae;
762 2656 933 2715 animositas
956 2662 986 2715 et
1007 2662 1086 2715 rnatu
1109 2656 1247 2727 amentia,
1270 2657 1301 2713 in
1316 2658 1533 2733 exspectatione
1555 2658 1747 2733 imperterrita

396 2761 491 2804 rernm
513 2743 710 2819 horribilium,
733 2743 881 2816 tortitudo,
904 2744 935 2801 ia
958 2749 1107 2804 contamtu
1129 2740 1344 2819 periculorum,
1363 2741 1560 2817 tolerantia,
1552 2742 1746 2803 insufficien-

397 2830 442 2891 dis
457 2831 625 2892 laboribus.
671 2831 790 2909 Septim
812 2847 883 2890 voro
911 2831 1025 2907 species
1046 2831 1201 2904 ιὶιιιιιιιιιι,
1232 2845 1309 2905 quae
1337 2837 1506 2906 spectantur
1532 2832 1562 2891 ln
1588 2832 1747 2890 ratiocina-

395 2922 460 2978 tiva
480 2921 596 2980 ammae
619 2922 758 2998 potantia,
782 2918 884 2980 fiarent
906 2917 976 2979 lma·
999 2935 1130 2993 acumen,
1154 2916 1234 2995 qood
1257 2920 1286 2975 in
1300 2934 1335 2977 eo
1357 2919 1499 2990 consistit,
1523 2926 1556 2977 ιιι
1571 2918 1656 2978 lacile
1678 2935 1744 2978 mo·

397 3014 500 3067 raatur
521 3009 636 3067 animus
659 3006 783 3083 objectis
805 3008 948 3081 externis,
971 3005 1100 3080 indoles,
1124 3013 1157 3064 ut
1178 3003 1264 3064 lacilc
1288 3007 1430 3080 attingam
1454 3005 1589 3078 solertia,
1613 3015 1647 3064 ut
1669 3007 1743 3065 banc

396 3093 514 3171 lustret,
541 3093 712 3170 consilium,
743 3103 776 3154 nt
799 3094 873 3155 benc
895 3092 1052 3169 dijudicet3
1084 3095 1243 3173 sapientia,
1270 3100 1302 3151 ιιι
1324 3092 1536 3168 contempletur
1554 3101 1650 3168 secter
1673 3110 1744 3170 pru·

396 3181 510 3255 dantia,
533 3191 567 3240 ιιι
588 3190 658 3260 apte
679 3192 817 3261 paragat3
840 3182 1033 3259 experientia,
1058 3189 1092 3240 ut
1113 3181 1188 3241 bane
1211 3189 1381 3240 exerceatur
1390 3175 1490 3257 ¹¹V)
1645 3184 1658 3201 ·'

482 3268 624 3342 Rarum,
658 3268 904 3346 quemadmodum
926 3270 956 3326 iu
979 3271 1247 3345 contemperatione
1270 3268 1441 3327 harmonica
1470 3268 1616 3343 praemitti
1640 3266 1748 3329 debeat

396 3354 627 3419 Ιᾶοιιιίιιιιιιιιιιι
649 3359 873 3416 comtitutioncs
897 3351 1098 3435 eracleam),
1122 3356 1167 3414 his
1191 3373 1262 3414 vero
1285 3355 1440 3415 succedere
1457 3370 1652 3414 consonarum
1675 3372 1748 3425 con-

399 3447 608 3521 tinuarumque
631 3460 722 3523 prope
744 3460 842 3517 verae,
866 3445 975 3521 quippe
996 3443 1078 3519 quod
1093 3460 1158 3503 non
1182 3452 1295 3502 tantum
1318 3442 1440 3519 impedit
1454 3450 1573 3502 cantum
1591 3443 1625 3500 in
1648 3445 1746 3500 ariao·

397 3532 755 3609 abominationum,
786 3539 928 3608 quantum
951 3534 979 3588 in
1004 3531 1164 3607 majoribus
1187 3540 1216 3591 ιι
1238 3532 1420 3607 praecipuis,
1450 3532 1494 3589 sio
1515 3532 1605 3589 etiam
1627 3532 1657 3587 in
1680 3532 1747 3589 ani-

396 3620 452 3678 aris
473 3627 520 3679 est
540 3618 749 3698 comparatum,
774 3627 806 3678 ut
829 3621 957 3697 praesint
978 3618 1191 3679 intellectuales
1219 3628 1249 3678 et
1271 3619 1493 3678 ratiocinatirae
1517 3617 1672 3677 lacultatea
1695 3634 1746 3678 ea·

396 3708 466 3769 teris
495 3707 550 3766 sibi
581 3706 724 3783 subjectis
751 3705 915 3783 majorique
943 3708 1091 3766 amnestia
1120 3704 1230 3764 babent
1261 3722 1349 3781 opas,
1384 3715 1416 3765 ut
1446 3705 1505 3763 sint
1535 3705 1574 3763 ad
1604 3707 1747 3771 rationem

397 3794 610 3869 catarnaum
640 3801 773 3871 atquae
796 3795 886 3855 etiam
908 3792 1024 3852 illarum
1044 3802 1168 3871 peecata
1192 3787 1396 3874 (peccatorum
1423 3791 1600 3872 remedium)
1622 3808 1658 3851 ea
1681 3808 1747 3852 asse

396 3898 451 3940 neo
473 3888 551 3942 esrte
572 3898 610 3942 en
631 3884 788 3958 potissima
802 3888 891 3958 parte
913 3896 1013 3940 aecum
1037 3882 1108 3957 ipsis
1131 3880 1268 3939 hanani„
1295 3880 1333 3938 Et
1354 3883 1383 3938 in
1407 3898 1529 3955 summa,
1552 3882 1745 3956 praestantis·

398 3970 473 4028 slusa
502 3970 596 4027 animi
623 3968 779 4047 dispositio
802 3965 889 4051 [baec
913 3984 994 4027 vero¹
1014 3976 1059 4027 est
1085 3961 1290 4048 justitia]¹V¹)
1313 3976 1359 4027 eat
1382 3966 1526 4044 quaedam
1560 3967 1651 4026 veluti
1674 3983 1747 4027 con-

395 4058 532 4115 sonantia
552 4059 679 4133 partiam
702 4059 817 4117 animae
839 4056 969 4132 ipsarum
991 4058 1067 4116 inter
1088 4072 1120 4116 se
1143 4056 1233 4131 ipsas,
1257 4054 1417 4114 secundam
1432 4057 1650 4133 proportionem
1666 4057 1746 4133 priua

398 4142 537 4220 alestam,
570 4161 623 4220 pro
654 4143 907 4224 principalioribus
916 4140 1001 4223 ml).
1046 4142 1122 4203 Nam
1154 4145 1290 4214 sirmiae,
1323 4160 1399 4219 qnae
1422 4145 1584 4202 consistunt
1611 4143 1640 4199 iu
1672 4144 1746 4202 bene

395 4230 586 4308 latalligeado
615 4239 645 4291 et
674 4233 749 4293 bens
771 4231 988 4304 ratiocinando,
1018 4231 1180 4307 comparari
1203 4238 1324 4308 possum
1354 4230 1543 4303 identisouis3
1574 4246 1652 4307 quae
1676 4244 1745 4289 vcro

397 4321 430 4376 in
450 4320 524 4380 bans
546 4318 699 4379 sentienda
721 4331 751 4380 et
774 4320 852 4379 bono
875 4318 977 4378 lrebitu
1000 4328 1051 4377 aut
1074 4321 1103 4376 in
1125 4308 1295 4377 tortitudine
1317 4324 1346 4376 ct
1368 4319 1575 4393 temperantia,
1599 4334 1652 4377 aaa
1675 4333 1747 4377 corr·

396 4408 477 4466 sonis
498 4409 741 4484 ιιιιιιῂιιηιιιιιις
764 4424 841 4484 quas
863 4414 961 4466 ιιιιιιιι
984 4408 1013 4463 in
1036 4407 1152 4484 poe'tlca
1174 4407 1493 4481 exercitationemque
1516 4406 1561 4478 iis,
1584 4422 1663 4482 quae
1676 4404 1746 4463 har-

397 4495 514 4554 monias
533 4504 603 4554 aaut
624 4497 787 4573 participia,
811 4493 879 4553 iliae
902 4494 1026 4555 eonlerri
1040 4501 1165 4569 possunt
1184 4509 1251 4553 curn
1266 4491 1420 4570 speciebus
1436 4494 1659 4566 cancianorum,
1682 4500 1746 4552 tota

396 4577 524 4658 &nique
551 4583 641 4641 mant
670 4581 831 4661 saporato
854 4579 1060 4660 philosophica
1087 4588 1179 4641 totam
1207 4579 1328 4659 perlecti
1357 4581 1527 4667 systematis
1556 4578 1744 4640 hammoniaca

395 4676 605 4745 raptam
627 4671 736 4748 quippe
758 4667 951 4747 particulares
974 4669 1208 4746 comparationes
1231 4665 1381 4727 ordinatae
1408 4667 1457 4727 bie
1478 4656 1553 4728 inter
1580 4684 1747 4728 maenaa·

394 4757 452 4816 tias
482 4758 575 4835 ipsas,
610 4757 685 4817 later
714 4759 852 4831 einaim,
886 4755 1098 4832 patientissima
1126 4772 1198 4815 raro
1229 4755 1427 4830 comparatio
1439 4752 1549 4835 (locata
1582 4751 1638 4833 est)
1670 4756 1747 4814 lntor

397 4844 621 4909 mundam
648 4843 741 4906 veluti
770 4841 920 4923 quandam
948 4859 986 4907 aa
1015 4843 1151 4904 amnibus
1182 4843 1396 4917 consonantiis,
1431 4843 1506 4903 later
1538 4843 1678 4904 murtam
1709 4859 1746 4903 sa
