3872 5846
771 382 1089 455 nroerrncipurrn.
1544 388 1606 451 aar

252 558 315 617 sine
336 565 470 634 respectu
494 559 733 633 configurationis
757 578 822 619 cum
845 561 927 635 aliis,
951 563 1032 622 solus
1054 564 1123 623 lacit
1146 562 1268 623 omnia?
1301 581 1395 640 eaque
1418 579 1476 622 non
1500 570 1533 621 ut
1556 579 1607 623 eru

252 647 389 718 rationis,
412 645 464 705 sed
488 658 521 705 ut
543 664 633 719 cauea
654 648 814 722 naturalis,
838 658 982 725 quatenus
1004 667 1046 710 ec.
1069 650 1193 710 intendit
1214 653 1250 709 iis
1274 652 1405 727 partibus
1427 650 1556 710 11111111]
1578 659 1609 709 11

252 740 374 804 aestum,
398 734 490 792 ut‘ad
512 742 610 809 partes
631 738 674 792 slc
697 743 789 794 tostas
805 754 841 795 ex
856 747 949 797 terrae
972 739 1133 801 visceribus
1149 740 1276 813 exspiret
1290 746 1459 799 attenuatus
1482 735 1609 797 humor?

252 818 437 895 Respondet),
462 825 606 880 actionem
629 822 704 881 hanc
726 824 890 883 naturalem
912 824 975 883 Soli
996 842 1056 884 non
1079 843 1143 885 esse
1165 825 1345 900 negandam;
1369 834 1400 886 at
1423 842 1459 885 ea
1481 841 1540 883 non
1563 831 1608 887 est

252 907 342 964 solius
365 924 457 969 nonae
479 907 603 968 torridae
625 911 750 986 propria,
774 911 826 970 sed
849 914 937 973 etiam
959 928 1050 987 penes
1070 929 1125 972 nos
1147 915 1273 988 spectari
1295 920 1402 988 potest.
1440 912 1515 972 Nam
1538 910 1608 971 Sole

252 996 283 1051 in
305 1002 405 1054 nostro
428 996 642 1072 hemisphaerio
666 1014 716 1074 per
738 1007 881 1058 aestatem
897 1000 1081 1074 obversante,
1106 1000 1275 1077 plerumque
1298 1002 1477 1077 copiosiores
1500 1000 1607 1058 imbres

254 1082 406 1155 decidunt,
430 1101 519 1159 quam
541 1101 591 1160 per
612 1083 755 1158 hiemem,
779 1086 900 1145 absente
923 1085 1001 1159 Sole,
1024 1087 1100 1146 solet
1123 1105 1188 1146 esee
1212 1086 1271 1147 ulla
1293 1089 1352 1147 nix.
1399 1086 1487 1160 Quod
1510 1095 1608 1145 autem

253 1171 338 1229 nobis
361 1178 504 1246 augentur
526 1171 646 1229 llumlna
662 1171 889 1247 liquescentibus
905 1175 1033 1247 nivibus,
1057 1192 1132 1251 quae
1157 1175 1298 1233 imbribus
1322 1173 1526 1243 decidentibus
1549 1191 1607 1233 non

253 1256 326 1315 adeo
351 1257 487 1315 videntur
509 1260 618 1333 augeri,
644 1268 720 1317 certc
742 1276 801 1318 non
822 1260 896 1320 adeo
913 1261 1055 1319 diuturnis
1077 1264 1271 1335 incrementis,
1295 1262 1324 1319 id
1347 1264 1453 1337 partim
1476 1260 1543 1318 inde
1566 1260 1607 1333 fit,

253 1347 325 1420 qnia
345 1348 458 1403 nivium
481 1347 646 1404 minutatim
669 1345 864 1407 decidentium
887 1350 1022 1424 singulae
1045 1351 1161 1408 tunicae
1192 1350 1377 1408 cumulantur
1406 1356 1435 1407 et
1457 1352 1486 1406 in
1509 1363 1609 1425 prom-

254 1435 348 1492 tuario
372 1432 551 1509 permultos
574 1450 689 1493 menses
714 1437 743 1492 vi
764 1435 880 1511 frigoris
903 1445 1109 1509 mercantur,
1134 1453 1200 1495 cum
1223 1437 1329 1495 imbres
1353 1437 1493 1507 aestivos,
1517 1437 1607 1496 etiam

209 1576 213 1579 .
254 1521 461 1595 largissimos„
479 1531 556 1581 terra
578 1520 690 1583 solibus
723 1538 808 1581 arene
830 1525 984 1599 potissima
1009 1531 1091 1599 parte
1122 1524 1239 1583 hauriat
1260 1527 1375 1597 statim;
1410 1525 1516 1597 partim
1538 1537 1608 1581 vero

254 1607 322 1667 inde
344 1608 385 1681 lit,
410 1610 480 1684 quia
500 1611 552 1665 nix
575 1610 602 1664 in
626 1607 762 1682 Alpibus,
786 1612 841 1667 nisi
866 1614 987 1669 aestivis
1002 1612 1143 1671 imbribus
1161 1613 1372 1688 copiosissimis
1396 1609 1607 1679 decidentibus,

255 1698 377 1756 dissolvi
400 1713 457 1755 non
481 1703 586 1771 potest,
611 1703 643 1753 ut
666 1698 709 1754 sic
732 1700 871 1756 contin‘ua
887 1699 937 1757 illa
960 1700 1111 1757 fluminum
1134 1701 1311 1758 incrementa
1326 1714 1384 1756 non
1400 1699 1458 1755 sint
1480 1696 1608 1754 solarum

251 1788 373 1857 nivium,
397 1783 448 1842 eed
472 1785 560 1841 etiarn
579 1782 748 1857 junctorum
770 1785 915 1845 imbrium.
961 1784 1059 1861 Quare
1081 1788 1106 1843 si
1130 1788 1230 1845 ornnie
1253 1783 1412 1862 expendas,
1436 1783 1609 1859 1111011111-

252 1876 341 1931 moris
364 1874 450 1947 copia
470 1869 643 1948 plerumque
665 1887 716 1945 per
739 1880 883 1930 aestatem
906 1873 1030 1933 exsudat
1046 1875 1134 1933 etiam
1157 1890 1246 1951 penes
1269 1891 1333 1947 nos,
1357 1888 1446 1947 qnam
1467 1888 1519 1946 per
1542 1869 1608 1927 1111-

252 1956 337 2018 mem'.
382 1958 448 2017 Hoc
475 1960 564 2032 igitur
593 1959 729 2032 impetrat
761 1960 906 2033 objectio,
936 1970 968 2019 ut
994 1963 1034 2019 sit
1064 1977 1223 2019 concursus
1251 1978 1405 2020 causarum
1429 1956 1609 2029 coelestium,

253 2064 375 2123 quarum
397 2050 436 2104 sit
458 2044 519 2104 alia
540 2044 691 2116 naturalis,
716 2044 795 2104 calor
810 2045 897 2120 Solis,
920 2046 981 2108 alia
1003 2047 1165 2121 rationalis,
1189 2056 1341 2123 aspectum
1364 2050 1403 2106 sit
1426 2048 1514 2105 etiam
1538 2061 1609 2104 cou-

254 2152 355 2195 cursus
379 2149 533 2193 causarum
555 2131 771 2204 subluendum,
803 2141 915 2193 utnon
939 2144 1053 2195 tantum
1076 2151 1136 2193 una
1158 2153 1234 2194 aona
1258 2135 1323 2211 plus
1346 2133 1457 2194 babeat
1480 2132 1609 2191 humoris

254 2240 343 2298 quam
365 2220 439 2292 alia,
472 2219 636 2278 sedetiam
665 2220 695 2275 in
718 2218 821 2277 eodem
849 2222 966 2281 climate
990 2240 1049 2281 nna
1075 2225 1157 2296 regio
1180 2222 1247 2298 plus
1270 2240 1358 2297 quam
1382 2221 1457 2294 alia,
1488 2222 1550 2278 suis
1573 2219 1609 2275 de
1639 2278 1653 2293 A

254 2311 361 2368 causis.
405 2307 524 2367 Interim
555 2308 643 2364 etiam
670 2307 700 2362 in
731 2306 840 2366 torrida
868 2309 934 2385 plus
962 2309 1064 2385 pluere
1092 2317 1190 2385 potest
1212 2310 1267 2373 sub
1290 2317 1405 2386 tempus
1429 2315 1609 2385 aspectuum,

255 2414 343 2472 quam
367 2394 471 2454 diebus
494 2394 532 2451 ab
555 2394 724 2469 aspectibus
747 2398 859 2453 vacuis.

339 2477 426 2540 Hanc
449 2497 528 2554 vero,
552 2498 640 2555 quam
656 2479 785 2539 secundo
808 2482 874 2541 loco
898 2482 968 2556 dixi,
992 2483 1297 2543 characterisatlonem
1321 2485 1436 2541 animae
1453 2481 1608 2551 Teneone,

255 2570 363 2629 lectam
385 2588 404 2627 a
425 2568 547 2627 andiaco
569 2567 672 2627 sensili
696 2576 818 2644 totaque
841 2570 916 2630 adeo
940 2569 1065 2646 sphaera
1086 2571 1219 2645 lixarum,
1240 2569 1315 2631 illud
1338 2572 1427 2629 etiem
1450 2568 1610 2640 confirmat,

255 2657 334 2732 quod
357 2672 463 2730 magno
488 2666 650 2729 temporum
673 2658 802 2714 omniurn
825 2674 970 2717 consensu
992 2665 1122 2731 constat,
1156 2661 1181 2716 si
1212 2661 1282 2717 novi
1306 2656 1374 2733 quid
1398 2658 1428 2714 in
1450 2657 1534 2715 coelo
1558 2671 1610 2713 ex-

255 2746 340 2815 istat,
373 2760 425 2803 sou
455 2742 615 2802 secundum
644 2743 820 2801 ordinarium
852 2744 925 2804 coeli
956 2762 1084 2817 cursum,
1117 2754 1149 2804 ut
1182 2754 1250 2803 suut
1281 2745 1405 2804 rariores
1435 2757 1611 2818 congressus

256 2831 381 2908 plurium
404 2829 540 2902 siderum,
564 2837 596 2886 ut
618 2829 743 2906 eclipses
757 2829 943 2891 luminarium
958 2835 1140 2907 insigniores,
1165 2833 1227 2891 sive
1243 2839 1358 2907 praeter
1372 2838 1507 2889 naturam
1530 2840 1612 2887 com-

257 2935 386 2991 munem,
405 2926 438 2975 ut
461 2924 591 2976 comatae
613 2928 667 2974 aut
688 2917 793 2979 mellae
815 2918 892 2978 fixae
914 2936 1026 2979 novae:
1052 2917 1138 2976 simul
1154 2921 1242 2977 etiam
1264 2928 1399 2978 naturam
1422 2916 1612 2976 sublunarem

257 3007 367 3080 turbari
388 3021 447 3063 non
464 3004 579 3063 usimtis
594 3003 756 3079 affectibus,
780 3014 813 3065 ut
835 3008 1019 3081 contingens
1042 3015 1072 3065 et
1088 3007 1226 3064 continua
1250 3008 1295 3063 vis
1316 3004 1483 3081 pluviarum
1500 3011 1613 3079 praeter

257 3091 409 3151 modulum
430 3101 619 3168 aspectuum,
642 3100 694 3149 aut
716 3095 860 3151 contraria
882 3094 999 3154 siccitas
1022 3105 1051 3152 et
1073 3093 1225 3168 squalores
1249 3092 1415 3168 Terraeque
1439 3101 1537 3151 motus
1560 3105 1612 3148 eo-

258 3183 356 3257 mitpsr
385 3179 510 3255 denique
532 3177 666 3236 madores
688 3181 764 3238 adris
787 3181 909 3255 insueti,
937 3185 988 3257 qui
1017 3181 1165 3240 catarrhos
1200 3180 1371 3258 pestilentes
1394 3178 1527 3255 aliasque
1549 3175 1613 3235 lues

259 3260 435 3344 cpidernicas
450 3270 486 3327 iis
510 3267 693 3343 potissimum
708 3266 780 3325 locis
804 3267 939 3343 inierunt,
964 3268 1041 3329 unde
1062 3271 1214 3353 suspirant
1235 3266 1338 3342 majori
1354 3268 1452 3327 vi-eut
1474 3281 1612 3340 quorsum

232 3359 246 3381 '⁵
259 3355 461 3415 crebrioribus·
475 3355 570 3412 ventis
593 3351 767 3414 deseruntur.

348 3441 491 3517 Adeoque
514 3443 602 3500 etiam
632 3439 742 3515 aliquid
773 3440 867 3501 simile
895 3445 1052 3502 memoriae
1079 3442 1250 3501 animalium
1280 3441 1348 3500 huic
1371 3444 1486 3500 animae
1509 3439 1613 3508 inesse,

262 3533 362 3590 monui
385 3532 414 3587 in
437 3528 511 3588 libro
536 3527 571 3585 de
593 3525 686 3586 Stella
707 3527 793 3587 Nova
822 3546 887 3606 cap.
911 3529 953 3589 X.
978 3530 1027 3588 iol.
1051 3532 1103 3590 44.
1131 3534 1258 3604 (11617.)
1298 3528 1373 3587 Nam
1396 3529 1470 3588 liaeo
1493 3534 1538 3584 est
1559 3541 1615 3581 ne-

264 3632 329 3679 tura
350 3634 444 3678 rerum
467 3617 610 3686 omnium,
642 3632 717 3689 quae
745 3615 803 3676 luci
836 3624 904 3676 sunt
933 3624 1090 3693 cognatae,
1122 3625 1154 3676 ut
1184 3619 1296 3677 excitae
1328 3636 1346 3676 a
1373 3616 1439 3675 luce
1462 3612 1540 3672 Solis
1563 3619 1614 3671 aut

263 3707 368 3765 saltem
390 3704 455 3776 diei,
478 3702 661 3762 affectionem
682 3702 811 3777 aliquem
835 3705 1009 3779 concipiant,
1032 3703 1070 3763 ad
1093 3713 1204 3763 certum
1227 3714 1340 3780 tempus
1362 3699 1534 3762 durabilem.
1564 3697 1615 3757 Sic

263 3796 292 3851 in
316 3792 408 3853 oculis
430 3792 550 3866 spiritus
571 3790 690 3867 visorii,
714 3789 788 3849 luols
810 3790 942 3863 soboles,
966 3793 1069 3852 imbuti
1091 3793 1130 3852 ab
1153 3792 1317 3870 improvido
1342 3796 1501 3866 conspectu
1524 3785 1612 3856 Solis,

263 3896 437 3956 quocunque
459 3879 571 3937 aversis
593 3875 698 3954 oculis,
720 3884 825 3952 gerunt
847 3879 1107 3954 circumieruntque
1122 3879 1199 3940 hanc
1218 3881 1383 3955 imaginem,
1407 3879 1495 3935 etiam
1519 3871 1614 3931 inviti.

262 3968 311 4028 Sic
334 3971 408 4027 inter
430 3965 637 4043 chymistarum
663 3980 770 4023 arcana
804 3974 849 4023 est
882 3966 1014 4032 mirabile
1045 3965 1102 4025 boe
1131 3975 1160 4026 et
1191 3969 1332 4043 imprimis
1361 3958 1616 4025 commemorabile

263 4058 507 4133 experimentum,
531 4050 615 4127 quod
632 4068 780 4126 gemmas,
805 4061 837 4111 ut
859 4071 951 4129 nuper
973 4052 1131 4113 admodum
1153 4057 1258 4114 resciri
1281 4072 1300 4114 a
1323 4052 1449 4128 quodam
1473 4045 1614 4125 aaronis.

261 4149 421 4220 apparant,
445 4158 521 4218 quae
545 4157 610 4198 cnm
633 4136 745 4198 lateant
767 4141 796 4196 in
819 4141 963 4219 tenebris,
989 4150 1022 4199 ut
1041 4131 1106 4201 'alis
1127 4140 1237 4201 lumine
1261 4158 1354 4208 cassa,
1378 4141 1404 4198 si
1427 4138 1493 4214 quis
1515 4145 1614 4194 temen

259 4230 328 4290 illas
350 4231 409 4290 luci
430 4229 521 4288 solius
544 4225 601 4284 diei
625 4233 769 4302 exponat,
802 4228 995 4288 incenduntur
1018 4245 1054 4287 ea
1077 4238 1110 4288 ut
1132 4228 1274 4289 candelae
1296 4227 1540 4303 splendoremque
1563 4237 1613 4280 se·

263 4336 327 4383 cnm
352 4321 381 4375 in
404 4317 539 4377 tenebras
563 4316 651 4374 etiam
674 4312 815 4388 deserunt,
846 4316 977 4376 lucentes
1001 4323 1033 4374 ut
1056 4316 1133 4375 oculi
1156 4316 1275 4393 lelium,
1306 4317 1360 4390 qui,
1380 4314 1461 4373 brevi
1484 4318 1615 4385 tempore
1689 4376 1695 4384 ,

262 4408 367 4465 iteruin
390 4403 592 4479 exstinguitur.
638 4399 711 4458 Tale
740 4401 811 4477 quid
833 4403 940 4462 accidit
961 4401 1030 4461 bnio
1052 4406 1184 4476 animae,
1216 4421 1305 4481 quam
1327 4401 1385 4460 luci
1409 4408 1439 4459 et
1461 4399 1521 4474 igni
1544 4412 1616 4471 cog-

253 4503 362 4554 notam
385 4491 464 4565 dixi,
495 4499 527 4550 ut
549 4489 601 4546 illa
622 4486 764 4565 inplaga
790 4490 943 4566 (punctum
967 4491 1044 4549 enirn
1066 4501 1111 4551 est
1134 4491 1199 4561 illa,
1229 4490 1326 4567 plagis
1350 4487 1533 4557 distinctum,
1548 4499 1617 4547 ‚sou

264 4581 388 4640 circulus
410 4579 548 4639 zodiacus
571 4575 766 4654 potentialis),
789 4579 819 4635 in
841 4595 901 4654 qua
924 4580 1073 4653 congressi
1094 4579 1211 4638 luerunt
1224 4578 1389 4654 superiores
1403 4573 1541 4651 planetae
1564 4575 1617 4627 aut

240 4669 380 4747 ,eclipsis
402 4668 551 4747 apparuit,
585 4664 730 4739 concipiat
760 4663 956 4726 characterem
989 4664 1219 4739 conjunctionis,
1251 4662 1412 4723 durabilem
1443 4663 1471 4719 in
1495 4653 1619 4735 aliquod

264 4762 394 4834 tempus,
423 4758 524 4830 itaque
552 4751 666 4825 quoties
687 4751 871 4827 planetarum
900 4752 1023 4828 aliquis,
1053 4758 1212 4831 praecipue
1234 4751 1287 4811 Sol
1317 4750 1364 4809 vel
1388 4748 1487 4821 tans,
1522 4746 1619 4805 locum

264 4848 380 4923 umis,
412 4851 477 4927 ipsa
501 4852 560 4910 vim
582 4854 666 4909 ,uam
688 4838 777 4901 talem
801 4850 933 4918 cremat,
961 4838 1078 4915 qualem
1102 4840 1141 4899 ad
1169 4844 1264 4919 ipsam
1287 4837 1502 4912 conjunctionis
1525 4832 1618 4893 exsti-

254 4982 261 4991 ·
316 4959 410 5010 Inplerl
422 4959 497 5010 opere
509 4960 537 5002 V.
1424 4949 1462 5004 17
