3872 5846
917 959 981 1036 Jn
1006 960 1216 1036 snrsnnr

682 1122 991 1237 lllllllllllllil
1026 1123 1179 1239 lll'llll
1214 1121 1363 1235 lllllll
1396 1122 1442 1233 l'.

389 1346 440 1416 lle
466 1345 645 1416 inarmonia
674 1348 925 1434 perfectissima
954 1356 1110 1419 motuum
1137 1347 1340 1418 coelestium
1367 1352 1519 1436 ortuque
1547 1366 1594 1417 ex
1618 1306 1740 1417 listlem

415 1476 713 1547 eceentricitelnm
741 1477 1149 1568 semidiametrornmqnc
1176 1483 1212 1547 et
1240 1481 1432 1564 temporum
1450 1478 1715 1565 periodicnrnm.

388 1641 434 1702 nd
464 1661 595 1705 normam
625 1643 774 1704 doctrinae
800 1649 1013 1707 astronomicae
1040 1645 1199 1706 hodiernae
1229 1644 1483 1705 emendatissimae
1504 1644 1741 1724 hypothesesque

388 1731 559 1808 Copcmici,
594 1731 646 1792 sed
675 1742 705 1791 et
734 1732 883 1809 Tychonis
915 1735 1038 1807 Brahei,
1077 1752 1200 1809 quarum
1229 1731 1387 1792 alterutrae
1418 1733 1518 1807 hodic,
1552 1734 1742 1794 Ptolemaida

670 1822 847 1896 antiquatis,
878 1830 910 1879 nt
932 1823 1102 1881 verissimae
1123 1822 1242 1897 publice
1263 1823 1452 1897 recipiuntur.

784 1973 935 2029 Galenus
953 1975 988 2029 de
1006 1991 1057 2028 usn
1075 1973 1193 2043 partiam
1210 1972 1280 2027 libro
1298 1973 1347 2027 III.

382 2079 472 2161 ‘lepos
504 2086 587 2163 loyor
619 2082 685 2162 ἐγω,
718 2106 773 2144 ἰον
804 2090 1062 2163 ὅημιουργςσαηος
1091 2079 1164 2161 ἧμας
1197 2079 1285 2158 ὕμνον
1317 2079 1459 2158 ἀληθινον
1492 2089 1658 2162 montosus,
1694 2108 1741 2147 και

388 2167 502 2245 soptim,
524 2167 600 2234 tous’
626 2171 698 2233 εἶναι
718 2193 771 2249 την
793 2170 954 2249 accepimus,
985 2170 1051 2252 οὐχι
1074 2172 1098 2233 εἰ
1119 2194 1237 2248 scopon
1265 2167 1427 2245 ἑκατομβας
1453 2167 1536 2246 alirn)
1564 2174 1742 2243 παμπολλας

387 2264 598 2335 marimens,
629 2283 677 2320 και
698 2281 737 2319 τα
760 2256 840 2321 ἀλλα
861 2284 950 2335 popm
975 2284 1055 2339 μυρα
1088 2266 1261 2333 &comunem
1289 2282 1337 2318 και
1359 2276 1477 2327 sonmo·
1508 2254 1574 2319 ἀλλ’
1601 2259 1625 2320 ei
1651 2283 1743 2337 ymmo

387 2369 439 2420 per
462 2344 568 2417 αὐτος,
598 2344 698 2409 ἔπειτα
728 2353 760 2406 ile
789 2373 835 2409 και
858 2372 917 2417 τοις
939 2345 1041 2418 ἄλλοις
1072 2346 1272 2427 &pygmaeum
1303 2344 1364 2414 οἷος
1393 2368 1446 2419 μεν
1475 2343 1533 2405 ἐστι
1555 2368 1608 2422 την
1633 2368 1741 2423 copias

388 2430 480 2501 oiocre
502 2456 554 2509 rm
575 2439 704 2506 imanis,
732 2429 834 2505 ὁποιος
855 2443 887 2499 δε
909 2459 960 2513 την
981 2459 1175 2516 χρηστοτητα,
1203 2457 1237 2494 το
1260 2456 1314 2511 γαρ
1345 2455 1458 2507 somam
1488 2429 1602 2493 iusim
1622 2428 1739 2495 ἅπαντα

387 2542 438 2582 ‘coo
460 2518 644 2599 ἑνδεχομενον
666 2544 784 2595 annuos,
806 2547 853 2585 και
874 2529 972 2603 μῃὸενι
995 2530 1118 2596 (piorem
1139 2544 1198 2581 raro
1219 2518 1356 2599 ιῖγαθων,
1388 2544 1439 2597 της
1462 2521 1645 2599 τελειοτιιτης
1666 2545 1738 2601 χρῃ-

388 2628 525 2684 στοτητος
546 2603 599 2685 ἐγω
615 2614 715 2686 oesypa
730 2616 866 2684 uticum:
899 2636 946 2671 και
967 2633 1059 2689 ταυτῃ
1073 2632 1125 2682 μεν
1147 2605 1187 2677 ὡς
1201 2605 1314 2686 ἀγαθος
1336 2603 1401 2685 ἧμιν
1421 2602 1580 2687 irenaceo,
1601 2632 1635 2670 w
1659 2606 1681 2670 ci
1699 2605 1739 2679 oie

388 2692 426 2755 ris
446 2697 574 2769 μαλιστα
596 2700 760 2774 conpuncto,
783 2720 840 2757 παν
862 2696 997 2774 inopen,
1020 2694 1115 2774 ἀκρας
1135 2719 1250 2776 σοφιας,
1273 2718 1308 2755 το
1323 2701 1355 2756 δε
1371 2706 1417 2756 rias
1440 2701 1547 2772 ὅρασαι
1570 2693 1658 2757 πανθ’
1683 2692 1739 2757 tina

809 2788 979 2864 nocerino,
1002 2791 1149 2856 bononense
1170 2782 1324 2860 ἀηττητου.

1016 2906 1046 2955 Id
1063 2912 1112 2957 est:

388 2996 500 3055 surum
524 3018 688 3067 sermonem,
713 3004 841 3075 hymnum
864 3004 923 3059 Deo
951 3005 1090 3060 conditori
1111 3004 1280 3059 verissimum
1301 3003 1405 3071 ordior,
1428 3004 1558 3073 pietatem
1582 3005 1652 3060 hanc
1678 3021 1740 3061 esse

387 3083 477 3145 ratus,
507 3097 562 3135 nnn
595 3088 625 3135 ut
659 3082 833 3163 hecatomben
865 3082 903 3134 illi
936 3090 1076 3137 taurorum
1105 3084 1234 3153 plurimas
1265 3083 1415 3150 immolem,
1453 3083 1550 3138 odores
1582 3084 1740 3139 innumeros

388 3153 511 3210 adoleam
530 3166 558 3213 et
575 3161 690 3231 casiam,
710 3163 757 3217 sed
776 3171 807 3217 nt
825 3163 937 3230 primum
956 3163 1016 3231 ipae
1035 3163 1149 3228 discam,
1172 3170 1281 3230 postet
1299 3170 1405 3216 ceteros
1425 3162 1548 3229 doceam,
1574 3170 1603 3215 et
1621 3170 1738 3229 quantus

387 3230 434 3286 ille
452 3234 487 3288 sit
505 3238 647 3307 sapientia,
667 3250 785 3308 quantos
804 3240 934 3309 potentia,
954 3249 982 3295 et
1000 3240 1089 3309 qualis
1102 3241 1231 3299 bonitate.
1258 3241 1335 3296 Velle
1348 3241 1419 3294 enim
1432 3241 1520 3295 omnia
1532 3249 1633 3308 quanto
1646 3248 1740 3308 posset

389 3321 487 3367 ornatu
506 3314 644 3385 decorare,
663 3334 712 3372 nec
731 3319 780 3372 ulli
798 3319 870 3372 bona
888 3334 938 3372 sua
955 3317 1084 3381 invidere,
1101 3319 1130 3374 id
1148 3335 1199 3388 ego
1212 3319 1340 3373 bonitatis
1361 3317 1638 3372 consummatissimae
1656 3317 1738 3371 decu.

388 3400 506 3445 mentum
526 3402 633 3463 statuo,
660 3397 847 3464 hactenusque
872 3396 1019 3451 othonum
1038 3397 1160 3466 celebro;
1188 3397 1277 3452 omnia
1302 3414 1366 3450 vero
1383 3396 1515 3462 invenire,
1540 3395 1738 3464 quibusquam

388 3471 504 3524 maxime
523 3482 730 3544 exemerentur,
754 3476 981 3531 eminentissimae
1000 3478 1162 3546 sapientiam
1186 3478 1276 3531 omnia
1294 3475 1421 3545 deniqne,
1445 3490 1515 3543 qnae
1533 3482 1682 3542 statuerat,
1709 3474 1738 3528 in

750 3571 819 3623 opus
838 3557 999 3623 producere,
1017 3558 1155 3626 potentine
1173 3555 1373 3624 insuperabilis.

668 3706 753 3776 Cum
782 3707 816 3777 S.
845 3708 880 3777 C.
910 3708 949 3777 ll.
979 3708 1163 3795 Privilegio
1191 3706 1236 3777 nd
1264 3725 1371 3777 annos
1397 3704 1464 3776 XV.

448 3914 453 3921 .
562 3888 663 3938 Llliilll
682 3890 854 3942 sosimas.
890 3892 1036 3941 Excudebat
1052 3891 1182 3941 Joirannas
1199 3890 1319 3954 Plancus,
1337 3905 1404 3940 anno
1421 3888 1563 3941 MDGXIX,

892 4145 1217 4308 luttunttltt.

474 4394 560 4471 Quod
584 4405 651 4457 ante
674 4395 748 4460 dnos
770 4410 800 4462 et
822 4402 925 4477 viginti
949 4419 1056 4475 annos,
1088 4406 1212 4478 primum
1233 4410 1322 4478 atque
1344 4402 1452 4477 figuras
1475 4400 1603 4475 quinque
1625 4396 1735 4456 solidas

389 4484 463 4541 inter
486 4485 570 4543 orbes
594 4484 736 4546 coelestes
759 4491 860 4565 reperi,
884 4506 948 4548 sum
964 4497 1134 4563 auguratus,
1160 4491 1239 4567 qnod
1262 4489 1380 4549 fimriter
1395 4488 1492 4545 animo
1513 4487 1645 4564 persuasi
1660 4501 1734 4560 meo,

387 4572 555 4646 priusquam
579 4571 740 4633 Ptolemaei
763 4575 942 4634 Harmonice
965 4575 1114 4648 vidissem,
1139 4578 1217 4653 quod
1236 4572 1322 4637 titulo
1345 4576 1410 4635 libri
1433 4572 1520 4649 hujus
1543 4574 1637 4650 quinti
1659 4588 1737 4629 nun·

387 4666 504 4732 cupato,
527 4661 696 4736 priusquam
719 4660 755 4721 de
777 4681 808 4722 re
831 4665 896 4739 ipss
919 4670 1014 4723 certus
1037 4680 1145 4737 essem,
1168 4665 1318 4741 pollicitus
1340 4682 1406 4723 snm
1427 4663 1539 4735 amicis,
1566 4658 1645 4738 qnod
1667 4666 1734 4718 ante

387 4742 513 4803 sedecim
538 4763 630 4807 annos
653 4748 770 4826 publico
793 4753 902 4827 scripto
925 4749 1123 4827 quaerendum
1146 4753 1309 4826 inculcavi,
1338 4751 1422 4828 enjus
1444 4765 1537 4808 causa
1567 4751 1643 4807 ritae
1665 4762 1735 4823 par·

387 4836 444 4890 tem
477 4835 617 4908 optimam
650 4841 852 4899 astronomicis
886 4838 1182 4916 contemplationibus
1212 4838 1357 4916 impendi,
1391 4835 1562 4914 Tychonem
1589 4833 1734 4893 Braneum
