3940 5856
754 394 839 452 Liber
854 394 904 450 ill.
924 395 1014 465 (lapsi
1033 393 1065 451 V.
1522 401 1582 462 bil

233 575 369 635 omnibus
392 576 559 650 virtutibus,
581 573 664 634 illam
685 573 779 633 veluti
803 591 839 635 er
861 575 1021 635 virtutibus
1045 572 1248 650 cantabilibue,
1272 576 1349 637 hanc
1368 593 1405 637 ex
1421 594 1587 639 consonan-

234 665 282 723 tiis
305 664 485 724 animalibus
507 658 785 743 compositum).
1545 660 1548 667 ’

319 800 394 855 Nota
410 799 432 855 l.
468 801 501 855 ln
524 800 578 859 hoc
602 802 693 870 capite
710 799 883 854 Ptolemaeus
906 799 1094 854 demonstrare
1117 799 1224 860 uidear.
1249 799 1396 854 facultates
1414 800 1520 857 mimae
1538 800 1588 855 hu·

230 893 327 933 manae
354 877 476 945 singulas
501 878 577 949 ipsas
603 895 666 933 cum
691 879 748 931 suls
773 876 892 946 propriis
919 877 1063 944 speciebus
1080 878 1153 932 sarie
1171 877 1354 933 conformatas
1377 887 1405 933 et
1422 879 1589 933 constitutus

233 972 296 1011 esse
313 955 349 1012 ad
365 955 487 1011 rationes
505 957 686 1013 harmonicas.
725 956 785 1027 Ego
804 954 983 1013 Harmonices
1001 953 1047 1008 lib.
1066 955 1112 1010 lv.
1131 971 1191 1024 cap.
1211 957 1241 1025 2,
1262 956 1278 1011 3
1297 964 1325 1011 et
1343 956 1359 1011 7
1378 956 1499 1026 ostendi,
1523 972 1589 1025 qua·
1618 976 1626 993 ⁴

233 1041 317 1089 tenus
332 1033 446 1088 concedi
463 1037 570 1104 possit·
577 1037 665 1106 ipsam
683 1032 970 1111 auimaepsnitiorem
989 1033 1134 1091 essentiam
1152 1034 1304 1089 coudmere
1321 1033 1350 1087 in
1361 1034 1541 1103 geometricis,
1560 1032 1603 1088 iu'
1623 1064 1629 1117 ,Ι-

233 1110 321 1180 figura
339 1128 378 1168 sc.
397 1113 493 1167 circuli
510 1114 585 1168 velut
603 1113 735 1169 abstracti
753 1129 769 1167 a
788 1113 956 1181 quantitate,
982 1114 1065 1181 inque
1082 1112 1305 1182 proportionibus
1322 1113 1499 1183 harmonicis,
1519 1127 1590 1182 quae
1623 1126 1629 1195 j

175 1216 178 1227 ·
234 1198 300 1245 sunt
317 1206 352 1246 ex
364 1189 496 1246 diuisione
514 1191 618 1257 circuli,
636 1200 771 1261 quatenus
789 1208 829 1248 sc.
850 1192 1051 1247 auimanostra
1069 1198 1111 1247 est
1128 1191 1180 1245 Dei
1198 1191 1343 1260 occatoris,
1367 1192 1410 1247 cui
1428 1192 1482 1247 ista
1499 1191 1590 1247 omnia
1625 1210 1632 1267 p

233 1280 380 1329 coaeterua
397 1279 473 1338 suut,
492 1270 591 1340 imago.
627 1274 665 1325 At
681 1271 710 1324 iu
729 1287 759 1324 re
776 1271 895 1327 obscura
919 1284 970 1324 uec
986 1269 1026 1325 ita
1045 1264 1170 1326 sensibus
1194 1271 1295 1327 nostris
1321 1270 1401 1326 obvia
1422 1286 1479 1325 non
1497 1275 1591 1339 potest
1628 1308 1633 1325 .

234 1366 299 1409 esee
315 1349 451 1409 mlacidm
468 1364 518 1418 per
535 1356 628 1417 partes
647 1348 770 1417 amulas
789 1347 952 1418 explicatus.
986 1350 1040 1405 Est
1058 1350 1126 1404 haec
1144 1350 1229 1405 relati
1247 1349 1436 1416 formsanimi,
1455 1354 1590 1417 quatenns
1632 1358 1638 1375 ¹

234 1429 340 1485 animus
359 1429 387 1485 iu
404 1444 514 1498 genere,
531 1443 583 1484 uec
599 1436 716 1497 possunt
735 1429 860 1484 diuersae
871 1429 1062 1498 proportiones
1075 1430 1247 1485 hamonicae
1264 1428 1293 1485 in
1306 1429 1414 1485 dirsrm
1428 1427 1592 1496 ejuamum'a

236 1507 371 1565 distribui.
410 1506 489 1576 Quod
508 1508 580 1563 enirn
595 1507 737 1578 intelligit,
755 1508 785 1563 id
803 1507 878 1578 iacit,
897 1516 929 1563 ιιι
946 1514 990 1564 est
1007 1507 1166 1577 simplicitur
1184 1508 1302 1576 eminus,
1326 1507 1399 1576 quod
1416 1523 1482 1561 vero
1499 1504 1591 1571 seam,

236 1587 302 1643 facit
325 1593 460 1656 quatenus
486 1594 529 1640 est
553 1586 675 1655 comesis
700 1584 801 1652 forma,
829 1594 860 1649 ut
878 1593 906 1641 et
925 1585 999 1656 quod
1017 1586 1176 1642 recordatur
1198 1586 1316 1654 aliisque
1337 1585 1474 1641 habitibus
1492 1598 1591 1655 corpus

227 1666 348 1722 iustruit
369 1676 542 1735 exercetque.
581 1667 648 1721 Cum
670 1667 730 1735 jam
753 1665 966 1722 antecessissent
989 1664 1018 1719 in
1042 1664 1237 1721 constitutione
1261 1663 1378 1719 hominis
1402 1664 1591 1733 periculatus,
1646 1660 1650 1669 “
1699 1692 1708 1713 ι

236 1761 336 1815 corpus
355 1752 383 1801 et
400 1744 502 1814 anima,
527 1745 602 1814 leges
627 1746 710 1814 igitur
727 1746 834 1802 animae
852 1742 1065 1800 conformandae
1087 1742 1116 1798 iu
1128 1742 1177 1797 hia
1196 1742 1264 1811 ipsis
1288 1741 1510 1806 continebantur,
1537 1755 1592 1813 non

237 1825 265 1878 in
284 1824 375 1894 aliquo
393 1823 601 1889 ⁴harmoniarum
627 1825 790 1895 archetyp03
818 1841 880 1881 nam
906 1821 954 1878 ubi
976 1829 1070 1891 partes
1090 1829 1117 1876 ct
1137 1822 1230 1876 munia
1257 1835 1290 1874 ex
1307 1820 1357 1875 tali
1375 1820 1523 1889 archetypo
1548 1819 1592 1877 ds*

238 1910 391 1965 sumuntur,
408 1901 447 1957 ibi
465 1910 573 1972 oportet
592 1917 653 1960 esse
670 1903 824 1960 libertatem
843 1919 961 1971 meram,
985 1918 1037 1957 nee
1053 1901 1238 1971 praescriptas
1255 1915 1316 1955 esse
1334 1899 1409 1969 leges
1427 1898 1592 1967 antiquiores

238 1981 378 2049 magisque
399 1982 576 2037 necemsrias.
613 1983 676 2037 Non
693 1982 778 2052 igitur
795 1983 885 2038 anima
910 1983 1018 2037 diversa
1034 1979 1104 2037 haec
1127 1980 1241 2035 sortitur
1257 1979 1364 2046 munia,
1389 1977 1456 2046 quia
1472 1978 1595 2033 diversae

238 2067 303 2119 sunt
320 2058 489 2127 harmoniae,
518 2058 568 2115 sed
592 2061 657 2130 qnia
680 2060 720 2119 sis
743 2060 859 2129 requirit
884 2059 1008 2128 subjecte
1032 2058 1154 2114 materia.
1191 2058 1248 2113 Nee
1266 2056 1412 2126 quicquam
1439 2056 1548 2113 invenio
1566 2057 1594 2113 in

127 2135 138 2145 ’
239 2140 292 2197 hoc
308 2139 409 2209 capite,
426 2138 500 2208 quod
519 2156 573 2199 nou
592 2139 627 2195 sit
646 2147 784 2209 coactum;
812 2140 902 2195 omnia
920 2144 1089 2208 peraguntur
1107 2136 1239 2204 analogiis
1263 2142 1292 2189 et
1312 2134 1443 2203 jucundis
1461 2133 1534 2190 circa
1549 2149 1595 2191 sas

239 2218 353 2281 lusibus.
369 2272 374 2285 „
390 2219 429 2273 Et
446 2217 518 2287 quod
537 2223 621 2287 caput
638 2225 692 2287 est,
720 2235 775 2273 non
797 2218 947 2285 indicatur,
973 2214 1109 2285 quomodo
1129 2214 1235 2271 animus
1257 2212 1401 2283 participet
1418 2211 1595 2281 longitudine,

239 2306 288 2353 aut
306 2296 457 2353 secundum
480 2313 540 2353 eam
558 2304 649 2365 motu3
673 2306 705 2352 ut
726 2298 816 2367 posito
841 2296 967 2365 subjecto
985 2294 1093 2364 possint
1116 2294 1200 2350 esau
1221 2293 1379 2349 harmoniae
1395 2291 1473 2361 poni,
1495 2291 1597 2361 quippe

240 2374 311 2433 iuter
329 2376 475 2445 terminos,
498 2376 616 2445 subjecti
633 2385 740 2447 partes,
768 2379 918 2435 secundum
936 2393 969 2432 ea
986 2391 1058 2446 quae
1075 2390 1135 2445 cup.
1154 2376 1180 2431 s.
1197 2374 1260 2431 libri
1278 2374 1323 2428 [V.
1350 2373 1492 2443 disputari
1527 2372 1597 2429 llam

241 2453 317 2523 quod
333 2469 385 2523 ego
409 2454 438 2508 iu
457 2456 548 2510 anima
571 2472 644 2525 pono
669 2457 825 2513 harmonias
851 2456 1040 2525 archetypicas
1065 2454 1231 2518 formaliter,
1255 2454 1283 2511 id
1308 2444 1443 2520 camede,
1461 2452 1597 2522 quomodo

240 2534 297 2602 fiat
315 2540 453 2601 quatenus
472 2550 509 2588 sc.
528 2532 621 2590 anima
638 2542 682 2589 est
701 2533 810 2603 quidam
829 2537 909 2605 quasi
928 2535 1061 2602 circulus;
1093 2535 1121 2589 in
1140 2533 1233 2589 circuli
1252 2533 1322 2589 enine
1341 2532 1489 2600 geometria
1505 2532 1598 2589 iusum
1640 2532 1648 2617 l¹

241 2628 335 2669 ornnes
353 2612 473 2667 omniurn
490 2613 691 2669 harmoniarum
711 2614 817 2669 termini
836 2614 996 2670 differentiis
1015 2613 1201 2670 scientialibus
1220 2611 1330 2668 discreti
1353 2611 1436 2679 inque
1457 2625 1522 2666 suas
1539 2609 1598 2669 lou·

241 2690 378 2759 gitudiues
397 2690 521 2750 dimensi.
560 2692 605 2747 Sic
623 2708 687 2747 uero
706 2710 800 2749 omnes
820 2694 929 2748 omnino
947 2693 1105 2751 harmonias
1122 2708 1193 2763 poue
1209 2692 1237 2746 iu
1249 2691 1330 2746 unica
1341 2690 1446 2747 ammae
1458 2688 1596 2757 facultate,

242 2785 280 2825 sc.
298 2769 327 2824 in
344 2768 499 2839 intellectu,
519 2787 578 2825 uon
593 2787 628 2826 ex
646 2771 761 2841 singulis
780 2773 900 2840 singulas
918 2772 1063 2828 facultates
1082 2772 1177 2827 educo.
1214 2772 1317 2827 Demus
1333 2784 1412 2837 sero,
1436 2767 1495 2824 siue
1514 2783 1598 2837 quan-

243 2847 368 2905 titatibus
387 2848 515 2913 conatui
536 2863 618 2918 posse
634 2849 841 2919 proportionum
860 2850 989 2907 terminos
1009 2851 1037 2905 iu
1049 2850 1152 2919 anima3
1172 2851 1300 2918 quisunt
1321 2848 1403 2916 igitur
1420 2864 1477 2911 upn
1492 2849 1600 2908 termini

244 2928 404 2997 quantitatis
430 2927 490 2995 ejus
513 2926 707 2999 intellectualis
733 2930 833 2999 partis,
860 2929 1029 2999 respondent
1053 2928 1176 2985 terminis
1195 2929 1347 2998 diapason?
1383 2928 1425 2981 Aa
1442 2926 1599 2983 intellectus

240 3023 298 3063 nou
316 3022 347 3061 se
364 3007 424 3076 ipso
444 3006 588 3063 subsistit?
623 3008 667 3061 An
686 3007 727 3063 sic
743 3009 903 3077 requiritur„
912 3006 1060 3077 duplicitas
1076 3008 1270 3077 principiorum
1290 3006 1324 3061 ad
1343 3021 1414 3072 euru,
1431 3011 1463 3060 ut
1481 3004 1599 3061 ducier·
1689 3056 1695 3073 ,

242 3084 310 3139 mini
332 3083 368 3140 ad
392 3084 616 3154 proportionem?
654 3085 714 3153 Qus
737 3102 767 3140 re
792 3086 948 3142 substantia
965 3093 1139 3157 comparatur
1156 3087 1301 3142 relationi?
1337 3084 1366 3142 ei
1389 3085 1461 3139 iuter
1477 3082 1599 3141 mesdeo
1689 3076 1696 3125 ἶ

242 3172 300 3218 tum
325 3172 353 3219 et
375 3180 484 3221 sensum
508 3163 608 3219 fuisset
634 3166 784 3220 constituta
807 3165 946 3234 proportio
973 3165 1078 3234 aliqua,
1106 3166 1273 3235 comparatio
1300 3164 1398 3220 fuisset
1425 3161 1600 3219 emendatior.

243 3242 288 3297 Sic
307 3243 381 3296 euim
396 3242 540 3299 Platonem
557 3243 711 3313 accepimus
735 3258 908 3311 comparasse
926 3244 1011 3299 totius
1034 3246 1140 3300 animae
1167 3245 1389 3301 constitutionem
1412 3259 1475 3303 cum
1492 3243 1600 3301 hermo·
1626 3246 1631 3259 ⁸
1657 3278 1660 3283 ,

243 3320 349 3375 uiarum
367 3320 485 3374 maxima
508 3328 537 3375 et
560 3320 772 3389 perfectissima,
801 3336 882 3389 quam
906 3331 1013 3378 veteres
1035 3322 1162 3379 dirarum
1181 3316 1246 3381 'esse
1265 3320 1599 3391 diapason-epidiapeniet

244 3400 394 3456 secundum
413 3400 522 3468 quidem
540 3401 576 3470 id,
596 3402 670 3470 quod
689 3402 779 3457 anima
797 3400 958 3469 quantitatis
976 3402 1064 3476 vicem
1080 3401 1192 3469 obtinet,
1210 3402 1238 3457 id
1257 3411 1308 3471 eet,
1327 3399 1476 3457 secundum
1495 3399 1600 3457 animae

244 3478 405 3535 facultatem
420 3479 450 3534 in
468 3483 602 3550 corpore(
626 3481 696 3535 Nam
714 3481 785 3536 inter
804 3482 896 3539 sedem
915 3482 1004 3551 epatis
1022 3488 1051 3535 et
1069 3481 1161 3537 sedem
1180 3481 1270 3537 cordis
1288 3479 1433 3549 catulique
1451 3484 1526 3535 certa
1543 3476 1601 3533 lou-
1645 3542 1649 3549 ἢ

245 3556 347 3626 gitudo,
366 3555 445 3625 cujus
465 3557 578 3628 duplum
596 3559 703 3614 circiter
720 3567 764 3614 est
781 3559 852 3615 inter
870 3560 963 3615 sedem
982 3561 1071 3616 cordis
1089 3570 1118 3617 et
1135 3562 1228 3617 sedem
1246 3559 1357 3616 cerebri
1395 3559 1469 3625 Ergo
1486 3572 1548 3611 curn
1567 3555 1603 3627 sit

245 3634 385 3691 rationalis
404 3634 509 3691 animae
528 3637 608 3711 seips
626 3637 655 3691 in
674 3637 795 3706 cerebro,
814 3638 958 3695 irascibilis
977 3640 1004 3692 iu
1016 3639 1107 3709 corde,
1125 3639 1364 3709 concupiscentes
1375 3637 1404 3693 in
1415 3633 1601 3705 epate,.Plato
1621 3636 1656 3673 ⁸·

244 3712 340 3767 statuit
357 3714 499 3768 rationalis
512 3715 548 3769 sd
560 3715 799 3793 concupiscibilem
813 3716 974 3772 facultatem
986 3718 1190 3787 proportionem
1201 3732 1263 3773 csse
1274 3715 1384 3787 triplam
1396 3731 1445 3781 seu
1458 3712 1602 3781 diepam

246 3792 433 3862 epidiapente,
461 3793 496 3848 ad
512 3795 678 3851 nascibilem
690 3795 815 3864 ‘duplam
839 3810 888 3851 seu
907 3795 1048 3864 diapason,
1066 3796 1211 3853 irascibilis
1236 3795 1271 3851 ad
1290 3789 1528 3864 concupiscibilem
1547 3788 1602 3843 dia-

245 3878 329 3940 pente
346 3888 397 3927 seu
415 3873 635 3944 sesquialteram,
662 3882 691 3929 et
707 3874 759 3929 nisi
778 3889 821 3931 me
838 3874 909 3931 fallit
926 3878 1046 3945 animus,
1074 3877 1128 3931 hoo
1144 3878 1234 3945 ipsum
1259 3875 1311 3931 sibi
1328 3873 1414 3933 uoluit
1429 3869 1602 3926 Ptolemaeus

246 3950 274 4009 ia
291 3951 417 4009 lemmate
435 3952 516 4021 hujus
535 3950 647 4022 capitis,
670 3953 753 4023 idque
771 3953 870 4010 lemma
888 3954 975 4010 solum
994 3955 1125 4025 scriptum
1142 3953 1268 4022 reliquit,
1294 3966 1445 4023 propereas
1464 3948 1498 4003 ad
1517 3953 1602 4003 astro·

245 4033 353 4089 uomica
371 4033 476 4103 capita,
500 4033 694 4102 superveniens
712 4049 775 4089 uero
794 4031 976 4103 posteriorum
994 4033 1092 4102 aliquis
1117 4042 1221 4091 textum
1240 4033 1338 4101 horum
1355 4028 1473 4098 capricum
1499 4041 1602 4082 01in

247 4119 330 4182 captu
348 4111 528 4168 concinnavit.
565 4109 598 4164 ld
617 4111 689 4166 enirn
706 4112 797 4181 ipsum
815 4113 843 4167 in
860 4111 965 4167 ultimis
983 4110 1173 4171 astronomicis
1184 4112 1318 4182 capitibus
1337 4108 1469 4167 accidisse
1488 4110 1603 4163 commi·

222 4224 227 4239 ι
334 4191 407 4246 Nota
425 4191 460 4246 ll.
504 4188 679 4244 Differentiae
705 4205 774 4259 qaas
798 4191 886 4259 diem,
919 4191 1010 4245 statim
1034 4190 1157 4258 subjicit:
1184 4187 1412 4256 intellectualem,
1438 4184 1603 4253 sensitivam,
1650 4248 1656 4261 ἴ

247 4267 425 4325 habitualem.
462 4268 573 4339 Species
592 4284 656 4324 vero
675 4267 870 4324 intellectualis
888 4256 1010 4339 quit'om:
1034 4270 1213 4335 intellectiva,
1230 4267 1432 4334 ratiocinativa,
1460 4264 1604 4335 opinative,

248 4346 390 4419 creditiva5
410 4350 556 4407 sensitirae
575 4348 666 4404 varim
686 4348 846 4417 semiesas,
866 4358 894 4405 et
912 4351 1062 4408 habitualis
1080 4352 1194 4409 virtutes
1212 4347 1329 4404 morales
1347 4354 1398 4403 etc.

335 4426 408 4483 Nota
424 4427 474 4483 111.
490 4424 495 4434 “
510 4429 656 4487 Primarlas
673 4428 739 4483 facit
757 4427 976 4500 intellectualem,
995 4431 1160 4497 sensitivam,
1178 4428 1316 4495 moralem,
1335 4433 1367 4481 ut
1384 4423 1558 4483 secundariae
1576 4430 1604 4479 et

249 4507 358 4563 uiliores
375 4508 559 4580 intelligamus
578 4511 776 4574 leoomotiram,
804 4508 923 4581 vitalem,
942 4512 1108 4580 mturalem3
1131 4509 1194 4565 illae
1212 4508 1283 4565 sulm
1300 4506 1415 4565 rauoms
1437 4504 1525 4573 magia
1541 4510 1604 4560 aaut

248 4591 397 4661 perticipes
415 4590 483 4660 ejus,
501 4608 573 4660 quae
592 4593 717 4649 discursu
734 4590 820 4645 utitur
837 4589 955 4645 hominis
972 4591 1094 4660 proprie.
1121 4589 1185 4645 ,Nos
1210 4602 1329 4645 summas
1351 4583 1465 4647 femmas
1483 4582 1603 4639 hrtelloe·
1626 4570 1632 4633 l

249 4676 308 4725 tum
330 4675 359 4725 et
380 4669 562 4738 voluntatem,
589 4671 713 4741 proxime
735 4670 891 4725 inferiorem
915 4669 1089 4735 senmurum,
1116 4667 1224 4735 utrique
1249 4663 1433 4723 famulantem.
1472 4646 1636 4730 appellati

248 4750 333 4819 igitur
349 4746 533 4817 habitualem,
558 4765 640 4818 quarn
656 4766 706 4807 uos
724 4747 907 4816 voluntatem,
933 4754 963 4805 et
978 4753 1045 4807 aaut
1068 4745 1108 4802 illi
1132 4744 1185 4801 aad
1204 4745 1294 4813 ιιοκην
1310 4740 1436 4811 habitus,
1461 4740 1507 4811 qrti
1524 4737 1603 4797 uobis

250 4845 348 4887 mores.
385 4828 504 4886 Scisntia
521 4828 567 4884 hic
584 4828 625 4883 iili
642 4846 697 4884 non
715 4834 758 4883 est
774 4826 845 4882 iuter
863 4826 983 4882 habitus.
