3882 5862
434 407 498 467 too
902 407 1068 478 Appendicis
1085 408 1310 465 Harmonicornm
1384 450 1390 459 ,

433 580 581 657 hujusque
613 582 880 659 comprehensionis
899 588 941 660 (si
963 602 1024 662 qua
1051 586 1104 645 tila
1126 588 1155 643 in
1179 587 1317 658 materia,
1348 591 1381 643 ut
1406 591 1451 644 est
1472 582 1655 655 harmonica,
1684 580 1777 640 locnrn

433 670 623 745 nanciscitur)
653 672 859 730 wallonem
889 674 1068 733 decanam.
1117 672 1179 748 ,Qui
1210 690 1277 733 cum
1306 673 1345 731 sit
1373 674 1625 748 comparationum
1656 687 1779 728 ranarum

432 773 549 833 scopus,
573 756 725 817 ostendere
747 759 858 819 scilicet
880 760 1046 835 lectoribus,
1070 761 1150 837 qnod
1172 761 1351 841 harmouica,
1374 777 1434 818 rem
1457 758 1706 829 mathematicam,
1728 774 1779 831 ego

339 902 344 910 .
432 845 545 903 uadem
567 844 786 919 inathematIce,
818 854 849 905 tu
872 847 1054 922 Hermetice,
1085 851 1175 907 eruor
1196 850 1298 923 igitur,
1331 864 1382 905 cnr
1412 847 1494 905 ilium
1524 854 1557 904 tu
1579 845 1651 903 mihi
1680 862 1779 922 pergas

432 932 573 1004 ablatum,
597 950 683 1009 quern
706 934 842 992 omnihus
865 939 1004 995 orationis
1016 944 1087 995 tuae
1103 934 1216 995 voculis
1233 935 1394 994 confirmari
1414 933 1562 1009 altiusque
1578 931 1666 1008 defigi
1681 934 1780 991 cernis.

515 1018 577 1078 eeu
606 1021 761 1079 audiamus
792 1023 895 1097 etiam,
926 1024 997 1099 quid
1024 1032 1057 1082 tu
1080 1026 1152 1083 meis
1185 1024 1308 1098 objicias
1336 1021 1633 1081 demonstrationibus
1657 1021 1780 1078 musicis

432 1107 520 1166 Duae
542 1109 640 1182 inquis
662 1108 792 1167 chordae
814 1112 951 1186 newis
973 1113 1116 1170 inuictus
1135 1109 1328 1185 ejusdemque
1349 1108 1556 1183 donpitudinis,
1580 1106 1632 1166 scd
1652 1106 1783 1165 diversae

422 1196 596 1281 ,amanen
626 1199 840 1255 consonantias
869 1201 975 1255 varmo
1003 1201 1038 1255 in
1064 1200 1211 1273 prauibw
1240 1205 1268 1255 et
1295 1200 1393 1255 mutis
1420 1196 1544 1255 sadduc
1573 1195 1677 1254 soient
1724 1196 1780 1252 Aut

433 1279 533 1339 desine
555 1281 626 1339 mihi
650 1281 770 1357 obloqui
794 1286 822 1341 in
845 1286 1026 1361 professione
1048 1303 1123 1360 mea,
1148 1295 1199 1345 aut
1221 1304 1240 1343 a
1261 1302 1308 1343 me
1332 1285 1411 1342 dhce
1429 1283 1532 1358 loqui·
1565 1282 1716 1354 Diversus,
1742 1284 1782 1339 vis

432 1366 544 1441 dicere,
571 1385 663 1429 sonos
691 1368 782 1428 edunt
810 1388 901 1430 cansa
930 1374 1073 1431 acuminis
1102 1381 1131 1431 et
1160 1374 1324 1450 gravitatis
1370 1372 1462 1446 Atqrn
1489 1372 1514 1428 si
1541 1368 1675 1428 diversos
1698 1369 1784 1428 edunt

431 1472 530 1528 sonos,
554 1472 613 1515 non
635 1464 790 1519 censeutur
812 1459 981 1534 aequaliter
1002 1468 1112 1519 urnac
1156 1459 1287 1518 Primum
1311 1460 1399 1533 igitur
1428 1466 1544 1533 oportet
1566 1456 1639 1515 duas
1663 1455 1784 1517 chordas

433 1559 498 1601 esse
522 1550 621 1602 tensas
643 1544 681 1602 sd
705 1546 870 1617 unisonum,
895 1563 954 1622 quo
977 1548 1065 1617 Iacto,
1085 1548 1148 1623 jam
1172 1547 1293 1607 eaedem
1317 1547 1403 1623 plane
1426 1546 1605 1604 divisionum
1629 1543 1709 1619 leges
1734 1562 1783 1601 va-

431 1629 534 1688 lebunt
565 1635 595 1688 in
626 1640 764 1706 utraque,
798 1633 871 1691 nihil
900 1634 1077 1710 impediente
1101 1634 1224 1702 diversa
1246 1635 1388 1693 crassitie.
1433 1635 1523 1706 Fato,
1553 1639 1640 1690 sonet
1663 1642 1782 1706 utraque

432 1733 535 1776 rocem
564 1720 652 1777 imam
679 1718 704 1776 G
727 1721 846 1796 sintque
877 1724 937 1779 sic
944 1721 1073 1793 hubae,
1104 1732 1137 1780 ut
1159 1722 1332 1781 altrinsecus
1360 1729 1439 1780 stent
1460 1721 1562 1780 hames
1584 1719 1633 1778 rel
1656 1718 1783 1778 dodran·

433 1812 490 1876 tes,
525 1808 674 1882 utriusque
705 1815 764 1865 tarn
792 1808 954 1867 subtilioris
981 1826 1068 1885 qnam
1101 1811 1264 1868 massionis
1284 1810 1336 1867 bes
1365 1809 1486 1868 sonabit
1513 1824 1626 1865 rursum
1659 1806 1780 1865 earrdem

432 1908 534 1978 rocem
557 1892 606 1966 D,
630 1901 747 1952 servato
770 1897 860 1954 etiam
882 1898 911 1952 in
934 1897 1067 1971 partibus
1089 1896 1217 1956 chordae
1239 1898 1380 1971 unisono,
1407 1899 1558 1971 utriusque
1583 1893 1709 1954 dodrans
1734 1911 1782 1952 so·

430 1979 524 2038 nabit
540 1978 580 2052 0,
603 1979 676 2039 nihil
698 1981 827 2042 turbabit
849 1982 967 2044 diversa
989 1985 1146 2044 crassities.

518 2064 595 2141 Quin
617 2084 713 2145 neque
736 2068 812 2129 hane
834 2073 976 2129 orationis
997 2080 1067 2131 tuae
1089 2069 1263 2148 particulam
1285 2071 1349 2129 sine
1373 2070 1540 2130 testimonio
1555 2068 1696 2144 relinquis
1720 2068 1782 2149 ejas

429 2151 564 2227 aiiirmati
588 2157 654 2228 mei,
679 2155 758 2231 quod
782 2157 817 2216 de
841 2166 869 2216 te
892 2158 1031 2216 dictnm'
1024 2161 1166 2219 irasceris.
1202 2161 1375 2233 sonam
1404 2165 1432 2215 te
1460 2159 1504 2215 ais
1531 2174 1620 2216 sonos
1641 2157 1783 2215 beatiores

429 2240 561 2301 &odori
583 2249 610 2301 ct
631 2245 765 2317 spissiori
786 2244 896 2303 mundi
915 2251 1077 2319 mauride,
1102 2249 1251 2306 academ
1272 2263 1344 2305 vero
1366 2246 1500 2304 unnim
1520 2243 1632 2302 mundi
1650 2245 1782 2317 spiritui

430 2325 463 2387 Si
485 2337 516 2388 tu
540 2344 629 2388 sonos
651 2332 786 2406 assignas
808 2331 908 2390 mundi
931 2335 1078 2409 partibus,
1100 2337 1182 2410 prius
1205 2335 1306 2408 igitur,
1334 2349 1424 2409 quam
1450 2333 1633 2408 assignares,
1662 2333 1782 2389 seorsim

430 2413 473 2472 illi
497 2431 588 2476 erana
634 2417 674 2473 At
701 2426 770 2476 sunt
791 2421 856 2477 soni
880 2419 1027 2479 bassiores
1048 2439 1066 2479 a
1087 2424 1214 2480 numeris
1237 2420 1413 2522 rnanrihua,
1443 2435 1579 2477 numeros
1607 2420 1697 2491 igitar
1719 2434 1783 2476 rna-

425 2502 508 2577 -Jores
537 2504 671 2579 assignas
699 2508 840 2566 materiae
868 2482 1031 2579 densiori,
1041 2512 1092 2585 qui
1119 2517 1278 2584 antequam
1306 2510 1336 2565 in
1361 2507 1439 2566 huuc
1461 2505 1582 2565 modum
1611 2514 1680 2565 ate
1711 2521 1782 2564 oon·

430 2590 610 2649 sociarentur
639 2594 797 2667 materiae,
828 2593 966 2654 abstracti
995 2604 1078 2654 mant
1107 2613 1125 2673 a
1157 2599 1289 2655 materia.
1336 2595 1406 2653 Esto
1435 2603 1468 2652 nt
1496 2594 1556 2651 ιὶιιι
1579 2591 1676 2663 illam,
1706 2610 1783 2668 quac

429 2676 555 2735 acumini
586 2685 615 2736 et
643 2682 781 2754 gravitati
811 2692 1009 2756 comparatur,
1038 2700 1096 2742 non
1125 2685 1290 2759 acceperint
1317 2682 1478 2742 secundum
1505 2690 1535 2741 te
1565 2681 1604 2739 ab
1633 2680 1690 2741 hac
1712 2682 1783 2739 ahs·

429 2768 581 2838 auctione,
605 2765 657 2845 sed
680 2784 699 2825 a
720 2772 844 2827 materia
867 2772 1037 2830 consociata
1058 2773 1204 2844 nameus,
1228 2780 1259 2830 at
1282 2779 1359 2829 certe
1376 2772 1436 2827 vim
1452 2769 1543 2829 illem.
1566 2785 1643 2843 quae
1659 2784 1781 2827 acumen

429 2854 517 2911 nnius
540 2860 570 2912 et
591 2855 765 2930 gravitatem
789 2855 909 2916 alterius
932 2865 1131 2934 contemperat
1152 2861 1181 2916 in
1204 2874 1328 2917 suanam
1351 2857 1604 2928 concordantiam,
1633 2855 1784 2915 habebunt

428 2940 590 2999 seeundum
613 2949 642 3000 te
663 2945 754 3001 etiam
776 2961 795 3001 a
817 2947 1005 3020 proportione
1028 2963 1082 3004 sua
1104 2948 1232 3019 numeri,
1263 2953 1296 3004 ut
1315 2954 1390 3003 *suut
1412 2947 1541 3017 numeri,
1573 2945 1644 3019 quia
1671 2942 1784 3001 seilicet

428 3026 502 3087 alter
525 3030 543 3086 3
567 3031 695 3089 unitates
717 3029 822 3104 babet,
854 3031 985 3107 alter⁴43
1013 3050 1080 3091 nam
1111 3035 1137 3092 si
1158 3034 1233 3093 alter
1256 3034 1274 3091 6
1302 3032 1426 3106 habeat,
1454 3034 1529 3091 aiter
1553 3035 1588 3101 7,
1614 3030 1679 3105 jam
1700 3030 1783 3089 nulla

428 3124 473 3173 cst
495 3114 711 3190 concordantia,
734 3118 805 3193 qula
821 3121 976 3199 proportio
999 3119 1100 3179 horum
1124 3138 1310 3180 rnmerorum
1332 3136 1389 3179 uon
1414 3129 1459 3179 est
1480 3121 1658 3178 harmonica
1695 3116 1783 3192 Quo·

427 3218 492 3260 rum
513 3206 642 3261 omnium
665 3221 722 3280 ego
744 3220 849 3266 caussa
872 3223 907 3265 er
929 3206 1110 3284 aequalitate
1139 3212 1284 3267 unitatum
1308 3210 1506 3284 quantitative
1537 3223 1644 3282 exque
1656 3204 1781 3264 divisio·
1802 3270 1814 3279 ‚

426 3290 514 3348 nibus
534 3290 636 3349 cirurli
659 3291 796 3351 desumsi.
842 3292 994 3353 Habemus
1024 3299 1126 3372 itaque
1148 3304 1184 3355 ts
1207 3295 1394 3355 confitentem
1424 3294 1460 3355 de
1483 3296 1698 3353 abstracturum
1721 3310 1779 3351 nn·

426 3393 573 3436 merorum
597 3376 798 3456 applicatione
820 3381 858 3439 ad
881 3382 1045 3456 mundana,
1078 3383 1294 3459 qualiacunque
1318 3383 1369 3441 illa
1391 3382 1482 3442 dicas.
1527 3380 1587 3441 Sed
1610 3390 1640 3440 ot
1663 3398 1699 3440 ex
1723 3380 1780 3439 hoc

426 3463 531 3542 clucet,
555 3480 644 3541 quam
666 3468 719 3525 tibi
741 3468 833 3526 remla
853 3472 892 3527 sii
913 3486 1004 3543 cura,
1027 3471 1199 3544 wirnmodi
1218 3473 1351 3530 uniwtes
1372 3469 1558 3541 accumulcu
1581 3478 1615 3527 ut
1638 3468 1781 3527 confletur

425 3552 481 3611 tibi
502 3551 636 3613 formalis
665 3562 733 3613 tuns
756 3572 909 3630 numerus,
939 3557 1018 3632 quod
1043 3567 1111 3618 tuae
1134 3561 1263 3617 unitates
1293 3560 1399 3634 partim
1428 3574 1464 3616 ex
1484 3558 1609 3616 materia
1631 3563 1779 3627 constant,

425 3642 534 3716 partim
557 3658 593 3700 cx
616 3643 730 3717 spiritu,
754 3659 831 3718 qnae
854 3642 913 3703 duo
936 3645 1097 3704 seorrndum
1112 3653 1152 3724 te,
1174 3649 1286 3721 opinor,
1311 3662 1370 3705 noo
1384 3654 1453 3704 sunt
1468 3644 1523 3702 snb
1539 3643 1644 3704 eodem
1659 3661 1779 3717 genere.

424 3727 491 3786 Non
514 3727 649 3804 equidem
673 3729 806 3802 invideo,
830 3734 918 3790 miror
941 3735 1051 3809 magis,
1073 3732 1126 3793 sed
1149 3733 1217 3793 hinc
1240 3742 1442 3808 argumentum
1466 3730 1552 3804 duco,
1578 3739 1656 3791 recte
1679 3748 1726 3791 me
1750 3737 1779 3790 et

424 3833 461 3874 ex
485 3832 539 3874 usu
562 3815 681 3876 lectoris
704 3817 823 3888 iecisse,
847 3818 927 3893 quod
950 3819 1006 3879 hoc
1029 3820 1182 3881 discrimen
1206 3820 1351 3893 indicari,
1375 3828 1408 3878 ut
1429 3822 1519 3893 sciat,
1544 3817 1624 3895 apud
1647 3825 1676 3878 te
1698 3817 1778 3878 Her-

422 3906 560 3964 meticanr
581 3906 707 3964 inveniri
730 3904 920 3980 harmonIam,
944 3908 1022 3984 apud
1046 3926 1092 3968 me
1114 3909 1370 3981 mathematicam,
1393 3910 1494 3982 itaque
1517 3908 1599 3966 nullo
1620 3908 1725 3966 merito
1749 3914 1778 3964 te

423 3991 493 4050 mihi
518 3994 613 4051 hami·

511 4079 566 4138 Ad
589 4078 777 4157 Analysin
799 4079 918 4139 XVIII.
963 4082 1034 4141 Jam
1057 4085 1172 4158 quoties
1192 4082 1250 4142 hoc
1271 4082 1342 4142 mihi
1363 4079 1554 4159 repetendum
1569 4088 1623 4154 cst
1646 4098 1706 4140 nou
1720 4080 1778 4139 hoc

423 4184 491 4226 esse
512 4184 644 4227 mearum
666 4168 926 4244 reprehensionum
950 4172 1102 4240 intentum,
1125 4178 1158 4229 ut
1180 4178 1261 4231 tuam
1281 4188 1339 4247 ego
1361 4168 1577 4248 philosophiam
1602 4171 1777 4240 examinem,

422 4254 471 4313 rel
494 4255 654 4330 culparem
684 4257 890 4333 pronunciem,
922 4256 969 4317 vei
1000 4260 1111 4317 ander
1132 4258 1369 4333 repiehardam,
1402 4256 1449 4317 vel
1478 4256 1521 4314 illi
1543 4257 1601 4316 hoc
1630 4257 1679 4316 rel
1703 4255 1778 4315 illud

422 4343 576 4419 objiciam,
601 4342 649 4401 rel
673 4340 789 4419 culpam
811 4344 866 4403 tibi
889 4344 1063 4421 cujusquam
1086 4348 1127 4404 rei
1150 4348 1300 4423 imputem.
1345 4347 1410 4421 Age
1432 4343 1670 4421 nempe,·dicito
1693 4344 1777 4417 milri,

421 4432 473 4489 ubi
495 4438 605 4490 temere
626 4429 663 4488 de
684 4433 745 4488 tuis
766 4448 820 4505 epo
842 4434 1012 4491 unitatibus
1028 4433 1181 4508 judicem,
1205 4436 1312 4510 quihus
1333 4433 1364 4492 id
1387 4434 1439 4491 fiat
1461 4431 1580 4492 verbIs‘l

509 4518 600 4590 Dico,
625 4525 655 4576 te
675 4516 817 4575 mundum
839 4520 952 4577 ratione
975 4520 1183 4581 semidismeui
1206 4521 1342 4580 divisisse
1368 4522 1397 4581 in
1420 4528 1479 4580 tres
1500 4528 1600 4597 partas
1623 4518 1775 4596 aequales,

423 4612 454 4664 et
476 4620 578 4664 verum
600 4604 668 4663 dIco
691 4603 728 4663 de
749 4612 802 4663 tna
823 4606 985 4683 pyramide,
1009 4617 1042 4666 nt
1064 4624 1147 4685 quae·
1163 4608 1291 4668 tenditur
1313 4626 1332 4666 a
1355 4615 1454 4667 centro
1470 4606 1580 4680 mundi,
1604 4606 1683 4683 quod
1699 4605 1777 4665 'Ier-

421 4708 482 4749 ram
505 4692 588 4766 iacis,
611 4691 650 4751 ad
673 4693 943 4763 circumferentiam,
967 4693 1077 4771 estque·
1094 4694 1189 4755 divisa
1211 4699 1325 4756 ratione
1339 4694 1531 4772 longitudinis
1553 4694 1583 4753 in
1600 4703 1775 4772 tresrpartes

422 4778 569 4853 aequales.
615 4777 692 4853 Quin
716 4781 805 4839 etiarn
827 4780 911 4840 iateri
936 4781 992 4841 boe
1014 4781 1091 4842 uiuo
1114 4783 1237 4858 videris,
1268 4782 1336 4842 dum
1359 4785 1468 4843 iactum
1498 4801 1621 4843 excusas
1643 4782 1696 4842 iol.
1720 4782 1774 4841 ιθ.

422 4863 546 4925 tiamsi
568 4869 718 4945 proportio
740 4884 813 4928 vera
834 4868 1036 4945 amplitudine
1058 4880 1278 4947 repraesentata
1300 4880 1393 4948 esset,
1420 4889 1528 4949 negas,
1559 4879 1591 4933 et
1611 4888 1682 4931 vere
1704 4871 1775 4946 qni·
