3940 5856
687 372 722 429 ud
740 373 837 431 librum
855 372 887 427 V.
903 371 1137 430 Harmoniccrum.
1516 376 1580 438 831

237 550 336 613 datam
366 568 437 613 vero
466 559 496 612 et
525 552 675 611 canmiem
706 566 758 610 seu
790 550 1006 629 archetypioem
1028 557 1238 612 connexionem
1267 553 1454 631 sphaerarum
1483 550 1583 611 mundi

194 672 197 682 ·
238 659 303 700 eum
334 641 504 716 corporibus
535 641 553 697 b
580 638 763 715 regularibus
794 655 898 725 egula
920 641 1061 718 principio
1090 643 1147 700 mei
1171 640 1236 698 libri
1260 639 1297 699 V.
1327 642 1429 719 repetii
1458 657 1495 700 er
1516 656 1583 699 mco

237 728 380 806 nysseno
403 726 660 802 cosmographiae.
1330 750 1335 757 ·

323 814 420 891 Caput
439 815 485 874 lb.
510 814 671 874 Ptolemaei
692 814 815 889 quaerit,
839 813 989 888 quomodo
1002 817 1083 872 sumi
1094 818 1210 889 possint
1230 822 1368 874 motuum
1380 819 1583 890 propriorum

233 905 444 979 proportiones
464 918 521 977 per
542 918 699 973 numeros,
724 899 775 959 sed
799 900 881 959 deest
901 909 1007 961 textus.
1054 899 1176 961 Ostendi
1199 903 1288 978 igitur
1309 902 1426 973 eadem,
1457 918 1533 978 qnae
1554 904 1584 959 in

237 986 372 1066 praeced.
397 1004 460 1066 cap.
506 989 551 1048 De
574 998 671 1048 cetero
694 987 934 1047 considerandum
958 988 1014 1047 boc
1036 988 1111 1061 dedi,
1136 989 1214 1064 quod
1238 990 1285 1047 bic
1306 989 1494 1051 Ptolemaeos
1515 998 1583 1049 atne
1667 983 1672 1005 ‘

242 1078 325 1136 1500
347 1092 440 1135 annos
462 1079 612 1135 materiem
635 1077 693 1134 mei
715 1075 765 1133 lib.
790 1075 826 1132 V.
856 1078 1001 1151 propriam
1024 1084 1147 1134 tractare
1171 1078 1341 1149 instituerit,
1372 1081 1397 1135 si
1424 1092 1476 1152 per
1499 1094 1582 1135 suern

238 1166 449 1222 astronomiam
463 1165 617 1238 potuisset.
656 1164 718 1238 Ego
734 1164 833 1238 iisqne
849 1165 878 1218 in
895 1162 1048 1221 emendata
1064 1166 1254 1236 astronomia,
1274 1180 1349 1239 quae
1364 1180 1448 1223 veros
1467 1170 1496 1223 et
1511 1166 1584 1222 sim·

235 1252 329 1327 plicas
350 1251 533 1327 planetarum
555 1260 653 1310 motus
676 1251 790 1321 retinet,
814 1248 970 1307 eliminatis
993 1252 1179 1326 apparentia,
1203 1268 1280 1327 quae
1303 1251 1451 1310 oculorum
1475 1251 1584 1328 deeep-

239 1339 368 1398 tionlbus
396 1346 546 1410 constant,
576 1337 705 1410 ostendi,
735 1340 764 1393 11
787 1336 870 1396 εοεΙο
893 1338 1053 1396 secundnm
1076 1356 1174 1399 verant
1205 1347 1234 1398 et
1256 1342 1411 1415 genuinam
1444 1342 1584 1397 rationem

236 1428 464 1502 quantitativum
488 1433 517 1483 ct
539 1423 778 1494 mensurabilem,
802 1440 861 1482 non
884 1440 953 1483 vero
976 1440 1027 1499 per
1049 1426 1157 1484 nudam
1180 1426 1336 1486 leviculam
1363 1426 1583 1503 symbolisatio-

238 1506 314 1585 nem,
338 1515 433 1572 inesse
457 1512 640 1571 harmonicas
663 1513 864 1589 proportiones
887 1528 997 1585 omnes,
1020 1512 1236 1572 harmoniarum
1251 1531 1367 1589 genera,
1388 1523 1517 1590 systema
1531 1528 1583 1571 scu
1668 1502 1672 1521 '

238 1599 348 1660 scalam
371 1601 511 1659 musicam
534 1607 564 1659 et
586 1600 685 1659 dares
708 1598 947 1674 ojusplerasque,
971 1607 1107 1659 tonorum
1129 1605 1297 1673 varietates,
1324 1618 1428 1659 vocum
1453 1600 1581 1676 figuralis

237 1690 367 1748 musicae
395 1688 524 1747 aemulos
556 1686 706 1764 planetas,
736 1694 945 1763 contrapuncta
973 1686 1098 1763 denique
1129 1688 1305 1748 universalia
1339 1690 1356 1746 6
1381 1690 1581 1766 primariorum

238 1775 436 1854 planetarum,
460 1777 580 1834 ¹recitata
611 1783 640 1833 et
670 1775 824 1850 generibus
854 1781 883 1833 et
905 1777 991 1832 tonis.
1038 1774 1109 1852 Cap.
1137 1777 1184 1835 16.
1215 1783 1244 1835 et
1270 1775 1373 1835 ultimo
1396 1776 1582 1834 Ptolemaeus

238 1863 410 1940 pollicetur,
433 1861 574 1939 indagare
595 1880 628 1921 se
651 1861 741 1932 velle,
770 1879 833 1937 quo
854 1863 973 1920 ratiorm
992 1861 1220 1937 familiaritates
1242 1881 1388 1922 monum
1409 1865 1585 1937 comparari

235 1953 352 2026 pomini
377 1968 446 2009 mam
473 1948 738 2026 familiaritatibus
766 1964 927 2018 sonorum,
958 1951 1101 2025 principia
1128 1966 1170 2010 sc.
1193 1951 1369 2025 astrologica
1400 1949 1435 2008 de
1459 1948 1584 2027 planctis

242 2037 379 2097 beneficis
401 2045 431 2095 et
453 2036 606 2109 maleficis,
636 2036 737 2095 amicis
766 2039 841 2093 inter
863 2052 894 2093 ss
925 2036 971 2093 vel
994 2036 1143 2115 hostibus,
1173 2036 1224 2113 pe‘r
1247 2038 1413 2095 barmoniae
1443 2037 1584 2096 coelestes
1661 2074 1664 2079 »

240 2124 437 2184 demonstrare
463 2126 580 2200 sategit.
626 2123 663 2181 lit
693 2125 763 2198 qnia
794 2124 881 2181 etlam
912 2123 980 2181 buia
1003 2125 1092 2199 capiti
1127 2123 1208 2183 deest
1231 2133 1345 2196 textus,
1376 2140 1442 2183 cnm
1465 2139 1521 2195 ego
1552 2132 1585 2180 ut
1642 2138 1644 2153 ¹

239 2214 331 2288 potui,
356 2214 524 2288 praesertim
548 2228 582 2270 ex
599 2209 759 2282 Macrobio‚
784 2211 970 2281 concinnari,
993 2220 1024 2269 at
1038 2211 1124 2270 simul
1148 2212 1262 2270 ostendi
1278 2214 1305 2268 in
1323 2212 1407 2283 notis,
1431 2210 1502 2286 quid
1518 2211 1585 2269 bnic

239 2302 358 2375 negotio
382 2297 466 2371 desit,
490 2315 548 2373 qno
572 2300 666 2356 minus
689 2298 848 2371 secundnm
871 2300 1079 2356 astronomiam
1094 2302 1245 2375 antiquam
1268 2299 1415 2358 succedat.
1461 2298 1495 2356 ln
1518 2314 1584 2356 meo

240 2403 311 2447 sero
334 2401 421 2462 opere
444 2385 553 2444 nnllam
577 2393 688 2462 partem
711 2402 774 2461 cap.
802 2386 849 2442 16.
873 2384 1096 2461 respondentem
1113 2387 1217 2460 babeo,
1241 2388 1298 2445 nisi
1313 2385 1440 2463 paucula
1462 2402 1497 2443 ex
1520 2387 1584 2463 epi·

241 2473 309 2549 logo
333 2473 407 2532 libro
430 2472 468 2529 V.
512 2473 588 2532 Nam
610 2472 770 2547 astrologia
792 2475 854 2547 egit
876 2471 911 2530 de
931 2472 1058 2532 siderum
1074 2473 1224 2532 effectibus
1248 2477 1276 2532 11
1293 2474 1392 2546 Terra,
1416 2489 1499 2533 meae
1515 2488 1584 2532 roro

241 2560 381 2621 coelestes
403 2559 571 2620 harmoniae
591 2576 652 2623 uon
674 2561 833 2618 formantur
856 2576 906 2635 per
927 2558 1025 2618 radios
1048 2562 1075 2617 in
1099 2560 1198 2634 Terra,
1221 2560 1273 2623 sed
1296 2564 1326 2617 in
1349 2560 1427 2620 Sole.

328 2649 425 2723 Atque
449 2648 497 2707 bic
518 2647 583 2706 finis
606 2656 650 2707 est
672 2651 767 2725 operis
782 2646 968 2716 Ptolemaici‚
992 2663 1056 2706 cunr
1073 2664 1132 2723 qno
1148 2651 1236 2708 etiam
1251 2665 1394 2707 summam
1417 2647 1585 2726 appendicis

245 2734 444 2799 investibulo
472 2733 537 2793 libri
562 2734 597 2793 V.
628 2738 788 2812 promissae
816 2734 941 2806 finirem,
970 2735 1026 2792 nisi
1049 2753 1094 2793 me
1116 2752 1209 2794 rerum
1239 2736 1370 2795 affinitas
1387 2737 1525 2794 invitaret
1547 2734 1583 2792 ad
1613 2804 1617 2817 Ι

246 2820 485 2882 satisfaciendum
508 2824 596 2882 etiarn
619 2824 665 2893 iis,
689 2825 739 2897 qui
763 2840 780 2880 a
801 2840 847 2882 me
870 2814 1090 2895 commodarunt,
1115 2831 1146 2880 ut
1165 2823 1206 2882 D.
1223 2823 1345 2883 liuberti
1367 2822 1403 2881 dr
1420 2821 1586 2899 Fluctibus,
1660 2858 1662 2867 ,

246 2908 352 2968 medici
376 2907 567 2983 Oxonlensis,
598 2913 648 2985 qui
679 2910 784 2968 librum
814 2908 921 2968 abhinc
943 2926 1020 2967 anno
1050 2909 1086 2968 de
1109 2909 1302 2968 Microcosmo
1333 2918 1361 2968 et
1384 2909 1585 2968 Meorocosmo

242 2998 351 3056 editum
374 2996 549 3055 harmonicis
573 2996 867 3072 contemplationibus
889 2995 1040 3073 implevit,
1066 2999 1243 3056 mentionem
1266 3000 1295 3054 in
1318 3014 1383 3056 meo
1406 3013 1494 3073 opere
1516 2994 1585 3053 bar·

241 3087 356 3143 monica
381 3100 418 3141 ne
440 3086 611 3155 omitterem,
634 3084 688 3142 sed
711 3082 891 3142 ostenderem
913 3082 1014 3141 lectori
1037 3084 1148 3158 paucis,
1172 3085 1278 3160 quibus
1297 3086 1326 3141 11
1341 3084 1428 3143 rebus
1450 3087 1586 3142 interme

242 3179 273 3231 et
294 3170 377 3229 illurn
399 3172 579 3241 conveniret,
603 3170 711 3246 quibua
735 3171 861 3228 vicissim
885 3169 1102 3229 dissidersmns.
1116 3179 1154 3235 11.)

328 3258 421 3333 Igitur
443 3266 545 3318 auctor
566 3258 617 3316 ille
640 3256 713 3316 dnos
736 3266 830 3316 tomos
854 3267 898 3316 est
919 3256 1075 3333 pollicitus,
1099 3273 1221 3333 quornm
1237 3274 1312 3315 nnnc
1335 3257 1371 3317 de
1387 3272 1585 3316 macrocosmo

242 3347 398 3421 inscriptus
426 3344 488 3420 jam
518 3345 612 3404 lucem
645 3344 732 3414 vidit,
765 3344 840 3403 alter
870 3343 905 3404 de
929 3346 1120 3403 microcosmo
1145 3344 1242 3405 adbuc
1264 3354 1457 3422 exspectatur.
1502 3342 1586 3402 Prior

242 3441 354 3506 tomus,
385 3440 526 3491 tractatus
556 3432 630 3491 duos
660 3430 845 3509 complexus,
876 3432 1021 3490 distinctis
1043 3435 1131 3491 etism
1155 3433 1333 3508 temporibus
1364 3432 1486 3509 procliit3
1517 3447 1584 3490 nam

242 3522 365 3597 primum
388 3527 544 3579 tractatum
568 3519 604 3579 da
626 3519 735 3578 mundo
757 3519 862 3597 triplici
890 3527 956 3596 post
978 3518 1124 3579 nundinas
1146 3514 1404 3579 Frdncciurtenaes
1429 3527 1585 3578 autumna·

241 3606 285 3667 les
308 3610 376 3665 anni
403 3609 501 3678 1611,
533 3605 655 3665 alterum
679 3606 714 3665 de
738 3606 863 3680 artibus,
898 3623 971 3683 quas
993 3613 1114 3665 naturae
1137 3607 1302 3666 mundanae
1324 3609 1425 3667 simias
1448 3605 1584 3684 appellat,

243 3694 433 3772 paschalibus
456 3693 593 3754 nundinis
615 3695 684 3752 anni
707 3696 856 3769 sequentis
882 3695 973 3752 1618.
998 3693 1068 3751 ridi.
1095 3700 1154 3755 111.)
1193 3694 1226 3752 11
1243 3694 1336 3754 altero
1359 3697 1446 3770 igitur
1462 3701 1585 3752 tractatu

239 3784 317 3841 inter
338 3790 414 3841 artes
437 3782 596 3841 collocavit
617 3789 646 3840 et
667 3784 825 3853 musicam,
855 3780 1023 3858 complexus
1044 3781 1197 3840 materiam
1226 3780 1291 3840 iibri
1321 3784 1379 3842 mei
1402 3783 1479 3841 tertii
1510 3796 1586 3855 qna-

243 3870 413 3943 damtenns3
436 3871 465 3926 in
489 3869 584 3945 priore
607 3885 676 3928 vero
699 3877 834 3939 tractatu,
858 3871 908 3943 qni
930 3878 1041 3945 septem
1056 3866 1138 3926 libris
1155 3868 1327 3949 abpolnitnr,
1350 3871 1466 3928 tertium
1482 3866 1585 3926 librum

244 3957 403 4015 destinavit
424 3959 553 4015 musicae
576 3957 750 4029 mundanae,
774 3954 890 4014 titulum
913 3955 1037 4014 eundem
1060 3971 1220 4030 usurpans,
1253 3972 1341 4031 quem
1364 3972 1420 4029 ego
1442 3957 1496 4013 toti
1520 3972 1585 4014 meo

242 4046 322 4120 operi
346 4043 482 4119 praefixi,
505 4046 656 4102 materiam
678 4059 749 4102 vero
770 4043 838 4101 libri
861 4046 916 4101 mei
934 4043 985 4100 lV.
1010 4051 1040 4101 et
1051 4042 1089 4101 V.
1112 4043 1218 4117 attigit.
1238 4049 1311 4115 (111.)
1351 4045 1444 4119 Igitur
1466 4044 1503 4102 ab
1521 4043 1585 4117 ejus

244 4134 356 4190 musica
379 4130 523 4190 artificiali
547 4130 689 4189 iaciamus
712 4132 835 4189 initium.
880 4129 984 4189 Tradit
1013 4128 1093 4187 illam
1116 4129 1198 4187 libris
1223 4136 1254 4204 ’1,
1286 4135 1315 4188 11
1341 4147 1463 4207 quornm
1494 4132 1587 4206 primo

241 4225 373 4278 recenset
395 4226 530 4276 auctores
553 4227 583 4276 et
604 4217 837 4277 nomenclatores
860 4225 890 4276 et
913 4220 972 4275 vim
997 4219 1026 4273 in
1049 4218 1163 4276 animos
1185 4217 1344 4277 hominum.
1390 4218 1435 4276 De
1459 4216 1587 4278 auctori·

241 4306 297 4364 bns
320 4322 371 4364 seu
394 4305 515 4364 bistoria
537 4307 714 4364 inventionis
737 4319 792 4380 ego
815 4304 887 4363 nibil
911 4304 960 4365 vel
981 4310 1057 4363 certe
1079 4318 1183 4379 panta,
1208 4307 1316 4382 quippe
1331 4323 1426 4364 meum
1445 4308 1586 4365 intentum

214 4392 294 4465 ‘est
317 4409 412 4452 rerum
428 4391 604 4452 naturalium
627 4408 732 4452 causus
755 4392 961 4467 sperantiam
993 4388 1227 4451 nomenclaturae
1254 4395 1434 4452 necessarias
1457 4390 1588 4468 comple-

241 4498 297 4538 xus
318 4496 382 4538 sum
406 4482 436 4537 in
459 4479 676 4539 delinitionibus
699 4481 773 4538 meis
796 4479 918 4556 passim,
951 4477 1113 4554 superfluas
1136 4481 1230 4538 omisi.
1276 4480 1322 4541 De
1350 4482 1381 4537 11
1410 4482 1535 4538 musices
1558 4479 1586 4535 in

242 4569 346 4626 animis
377 4581 435 4642 ago
465 4567 518 4627 lib.
540 4567 595 4625 Ill.
626 4584 689 4643 cap.
718 4568 765 4626 15.
798 4573 828 4625 et
850 4565 922 4624 libro
945 4565 998 4623 IV.
1030 4567 1148 4641 passim.
1194 4567 1228 4624 ln
1251 4566 1380 4626 secundo
1412 4574 1515 4637 auctor
1542 4582 1587 4625 res

242 4656 321 4730 ipsas
345 4652 526 4730 aggreditur,
549 4670 623 4729 qrtas
644 4654 715 4713 dicit
739 4653 894 4712 intervalla
917 4660 946 4711 et
967 4660 1108 4729 tempore.
1154 4652 1280 4711 Rursum
1303 4669 1360 4729 ego
1387 4652 1423 4713 de
1446 4655 1587 4729 tempori·

239 4734 297 4800 bus
326 4757 377 4800 seu
406 4739 588 4816 longitudine
617 4741 664 4800 vel
693 4742 836 4800 brevitate
859 4756 997 4798 annornm
1025 4738 1097 4797 nibil
1119 4739 1276 4798 admodum
1311 4740 1387 4813 diri,
1419 4750 1487 4801 sunt
1509 4742 1586 4799 enirn

171 4824 176 4847 ¹
243 4829 412 4895 arbitrariae
426 4844 481 4893 nec
492 4826 623 4903 indigent
639 4830 827 4910 inquisitione
843 4844 1006 4902 camaram.
1026 4830 1086 4901 (v.)
1121 4826 1282 4887 tutamina
1297 4828 1442 4908 quaedum
1455 4825 1585 4905 appellet
