3840 5854
386 433 428 493 le
720 510 725 515 Α
767 435 908 506 Epiatolee
925 434 1036 507 Kepleri
1053 434 1222 507 aliorumque
1238 442 1349 494 mutuae

385 582 511 690 qulaitla
557 611 598 674 At
619 610 718 675 &lem
740 621 769 675 et
790 631 844 677 uoe
866 622 897 678 et
918 617 1014 678 omnb
1034 612 1218 696 planetarum
1240 615 1345 679 eborue
1367 616 1565 691 droumimne,
1589 617 1617 678 ei
1638 615 1731 678 veluti

386 699 577 775 famulantes,
594 701 672 795 pjue
697 704 815 779 propria
840 702 953 765 tamilla
978 712 1009 764 at
1033 703 1190 783 peculium.
1235 702 1347 780 Quodei
1378 702 1496 782 gentilia
1526 720 1621 765 eeeem
1648 712 1679 765 et
1704 706 1731 764 el

386 787 459 846 nibil
486 788 575 864 plane
603 805 639 847 ex
661 790 850 850 instructione
871 790 1036 852 Obriatiana
1057 791 1239 866 baueieeom,
1270 791 1411 866 dicerem,
1442 793 1472 850 ln
1500 789 1580 852 lruno
1610 790 1731 870 globum
1780 862 1785 867 ¹
1907 826 1908 829 =

388 877 478 937 totino
500 872 600 935 mundi
622 880 905 952 praeeunnaaimum
924 886 1025 957 patera
1047 880 1132 942 nobie
1154 878 1382 956 Waokberiique
1409 878 1554 939 elmllibna
1577 881 1732 941 animabue

359 979 672 1200 ,ἴθθπδᾞὲἒωαιι
701 1047 871 1141 ὼιῑεὼυὶι
915 1052 992 1115 liam
1022 1054 1085 1113 toni
1108 1053 1250 1116 eoeleatee
1275 1061 1345 1115 eunt
1367 1052 1545 1132 exprimendi
1573 1053 1733 1115 aebemati-

407 1154 442 1199 na
463 1155 542 1199 uara
585 1156 595 1197 e

502 1337 1155 1612 Tfflssffie
1230 1299 1672 1613 ἓξὲξ

474 1683 539 1745 Ima
560 1692 631 1745 nota
653 1691 698 1745 eet
720 1689 817 1744 motue
838 1684 989 1763 apheliue,
1012 1703 1126 1746 eumuna
1146 1684 1322 1765 periballna;
1354 1686 1515 1748 namium
1537 1685 1596 1747 duo
1618 1684 1733 1763 durant,

387 1772 551 1834 intermedii
573 1774 662 1834 aeteri
684 1780 841 1833 mumntnr.
887 1773 988 1836 Venae
1009 1791 1068 1835 uon
1090 1782 1203 1836 uotam
1223 1774 1314 1835 babet
1336 1777 1509 1837 varietatem
1529 1781 1676 1851 motuum,
1701 1782 1735 1835 ut

387 1862 436 1924 vel
460 1861 553 1922 dieein
573 1861 698 1936 innunt,
727 1868 869 1939 quantum
890 1868 934 1922 eet
955 1863 1029 1923 iuter
1051 1863 1098 1923 die
1120 1869 1149 1922 ot
1171 1881 1205 1922 ee
1238 1878 1307 1938 orgo
1334 1880 1386 1940 per
1407 1866 1560 1924 unieonam
1591 1871 1660 1924 eunt
1680 1879 1734 1924 ex·

386 1948 543 2028 primentii·
556 1948 620 2025 ajue
646 1954 754 2009 motne.
799 1946 979 2024 Quantulum
1008 1958 1107 2011 autem
1137 1948 1189 2009 illa
1216 1952 1389 2011 varietatum
1410 1951 1496 2026 lauit,
1527 1949 1673 2012 tantulum
1704 1956 1734 2010 et

387 2038 491 2098 aeraria
520 2035 633 2097 aooedit
660 2035 699 2097 ad
718 2036 767 2097 bio
789 2053 928 2113 erpreeea
949 2036 1112 2115 intervalla
1142 2036 1192 2097 rel
1214 2035 1337 2098 deoedit
1381 2036 1514 2115 Suntque
1544 2055 1576 2099 ra
1598 2055 1669 2099 rora
1690 2039 1734 2098 aio

388 2124 516 2184 dietiuoti
538 2122 720 2201 singulorum
742 2126 812 2198 toni,
836 2122 960 2185 diverbia
981 2141 1022 2185 eo.
1045 2123 1200 2186 altitudine
1223 2124 1356 2186 olavlbua
1380 2127 1411 2184 iu
1432 2127 1516 2189 aoala
1537 2127 1659 2186 muaioa.
1696 2122 1735 2184 Et

388 2215 432 2273 eie
453 2228 506 2289 per
526 2220 624 2272 motua
646 2211 780 2290 aphelloe
803 2211 1002 2289 etperibelioa
1023 2214 1157 2290 elgnatae
1180 2219 1249 2274 eunt
1265 2211 1364 2274 ulavee
1380 2209 1416 2288 G,
1439 2213 1467 2289 b,
1490 2230 1515 2288 e,
1539 2213 1568 2287 d,
1591 2231 1616 2289 a,
1638 2213 1682 2290 tie,
1704 2230 1734 2289 p,

387 2301 458 2360 lieet
485 2301 514 2358 in
541 2297 659 2360 divana
687 2297 839 2360 altitudine
867 2306 948 2361 oerta
978 2301 1042 2377 vle;
1082 2307 1114 2362 at
1143 2315 1213 2361 raro
1241 2316 1299 2360 uon
1329 2306 1374 2360 eat
1403 2301 1528 2378 signata
1577 2299 1735 2361 Praeterea

387 2393 506 2466 propter
527 2387 678 2463 anguetiaa
699 2385 892 2447 Veneriorum
914 2394 944 2447 et
964 2386 1137 2448 Tantorum
1159 2397 1204 2448 eat
1220 2384 1269 2449 bi'e
1282 2389 1372 2448 etiam
1386 2389 1509 2449 mutatio
1532 2396 1635 2448 tantm
1657 2385 1735 2448 mol·

387 2472 478 2535 lie'in
500 2481 619 2536 oantnm
641 2473 754 2549 durum,
777 2474 848 2550 quia
869 2472 979 2553 apbelii
1001 2471 1027 2556 ὅ
1050 2471 1121 2555 etQ
1143 2475 1255 2535 iaoiunt
1276 2477 1351 2535 inter
1367 2491 1401 2537 ee
1423 2476 1583 2552 comparati
1598 2483 1734 2536 oomram

388 2561 499 2637 duram,
521 2560 654 2640 peribolii
675 2560 809 2622 mollemr
832 2578 893 2639 quo
913 2562 1010 2639 posito
1032 2561 1124 2623 veluti
1145 2560 1254 2624 eeeieto
1277 2563 1427 2639 utriunque
1442 2562 1587 2639 planetae,
1611 2572 1644 2623 ut
1664 2561 1734 2640 plu·

387 2653 493 2710 rlmum
516 2649 640 2728 apbelile
663 2656 694 2711 et
714 2648 861 2727 peribeliie
883 2650 1011 2710 motibue
1034 2657 1183 2727 uteunque
1206 2650 1252 2710 bia
1275 2657 1305 2710 et
1328 2650 1371 2710 aio
1393 2652 1423 2708 in
1437 2652 1607 2711 universum
1630 2656 1734 2730 quater

388 2737 426 2799 ad
453 2754 636 2799 communem
664 2753 701 2799 ex
728 2738 862 2798 omnibus
891 2737 1017 2816 planetis
1048 2736 1229 2798 harmoniam
1258 2741 1467 2814 contemperari
1497 2745 1631 2816 poaaunt
1674 2735 1734 2799 Sed

388 2832 518 2906 eyetema
546 2832 672 2904 oooupat
697 2825 798 2887 iareb
822 2823 980 2903 diapaaou3
1013 2826 1113 2903 itaque
1136 2824 1247 2886 eeeleta
1275 2827 1404 2885 omnium
1427 2825 1447 2883 4
1469 2825 1626 2887 formarum
1649 2824 1735 2887 exbi-

388 2915 466 2975 bebo
493 2915 523 2972 in
550 2931 610 2974 nna
635 2911 701 2974 aola
726 2920 841 2974 notave.
885 2911 944 2973 Sed
972 2910 1011 2973 ad
1036 2929 1139 2999 omnen
1167 2913 1349 2974 uuiveraalee
1371 2911 1537 2973 harmoniae
1559 2919 1733 2975 eoneurrnnt

386 3002 524 3080 planatae
552 3017 611 3062 non
640 2999 764 3078 apbeliia
793 3006 823 3060 at
848 2999 998 3077 paribeliie
1026 3002 1154 3062 motibus
1183 3017 1298 3078 omnen,
1328 2997 1380 3061 aed
1410 2999 1529 3077 qnidam
1551 2999 1733 3061 intermediie

386 3092 515 3151 tantuma
538 3105 639 3149 omnen
660 3095 758 3149 tamen
780 3086 819 3148 ad
841 3086 956 3148 illarum
978 3104 1068 3148 unam
1088 3088 1183 3149 oolam
1193 3088 1286 3148 altero
1308 3103 1344 3149 ex
1358 3089 1507 3150 mnemia.
1539 3087 1616 3150 Sunt
1629 3094 1729 3149 antem

386 3178 508 3238 extremi
535 3184 631 3237 mutue
652 3176 724 3253 ipeta
754 3174 853 3236 etndio
882 3175 1109 3252 eooommodatl,
1141 3175 1319 3250 intermedii,
1358 3178 1421 3237 alna
1443 3175 1543 3236 atudio
1569 3175 1732 3237 ordleentle

386 3264 545 3339 arobiteoti,
567 3264 706 3324 eveniunt
727 3264 899 3325 nonemitate
921 3271 1067 3325 meorum:
1094 3263 1171 3325 debe
1198 3266 1277 3325 enim
1304 3265 1458 3338 extremis,
1491 3280 1612 3325 neoeeee
1635 3270 1681 3325 eat
1703 3271 1734 3325 et

386 3351 499 3414 medina
520 3351 651 3413 oonoadi.
693 3350 741 3412 De
766 3349 990 3429 particularibus
1012 3351 1147 3413 binorum
1167 3350 1217 3413 rel
1238 3353 1379 3411 binorum
1400 3350 1581 3427 barmoniie,
1613 3368 1674 3411 uno
1696 3367 1733 3412 ex

388 3458 441 3502 aex
462 3438 662 3514 dieoordunte,
692 3438 765 3499 nibil
787 3436 868 3515 deo,
897 3448 967 3500 eant
987 3441 1065 3502 enlm
1086 3456 1183 3503 novae
1204 3444 1235 3500 et
1255 3441 1396 3501 eveniunt
1421 3438 1580 3517 pleraeque
1601 3440 1733 3501 nemei-

387 3535 451 3590 tate
471 3533 613 3588 motuum
636 3567 645 3588 .
668 3568 678 3588 .
702 3573 711 3591 .
733 3566 742 3587 .
1082 3536 1087 3543 ’

476 3666 627 3731 lineaeque
644 3667 808 3728 fragmentum
822 3666 964 3730 literarum,
981 3680 1045 3732 quae
1062 3666 1127 3716 eirea
1145 3666 1219 3715 duem
1236 3667 1294 3716 annl
1314 3662 1381 3720 1617
1399 3665 1506 3730 eorlptae
1523 3670 1591 3717 eunt

474 3738 504 3786 ln
521 3737 673 3801 praelatione
691 3736 808 3803 dlxlmue,
826 3735 1057 3787 Sebtokardum
1074 3736 1199 3786 eobemata
1215 3737 1337 3801 quaedem
1354 3735 1386 3785 ad
1402 3736 1561 3786 Harmoniam
1578 3737 1731 3801 pertinentia

389 3808 440 3858 eerl
455 3807 626 3870 ineeulpeleee.
662 3806 797 3871 Keplernm
813 3808 893 3856 multa
910 3820 967 3857 enm
984 3807 1015 3857 de
1032 3806 1081 3856 boo
1098 3811 1244 3869 operatum
1261 3807 1292 3858 de
1315 3807 1372 3856 allle
1389 3806 1481 3856 etndtle
1499 3806 1670 3856 neronomlula
1687 3820 1732 3869 per

389 3880 474 3928 literae
498 3892 555 3928 enm
578 3877 729 3929 Sentetardo
747 3879 839 3946 θείοιο,
861 3882 966 3927 teetetur
989 3877 1151 3941 epietolarum
1173 3877 1318 3940 laetemur,
1343 3878 1386 3942 qui
1412 3877 1478 3926 lneet
1499 3875 1557 3927 ldae
1577 3876 1731 3927 Pullorlem

389 3950 459 4000 elbue
476 3962 601 4015 quemque
618 3947 759 3999 Haneeblue
781 3950 810 3998 in
827 3948 974 3998 oolleetione
991 3960 1037 3996 eue
1053 3946 1155 3996 exhibet
1172 3961 1187 3994 a
1204 3947 1248 3998 iol
1268 3944 1321 4001 668
1336 3947 1364 3996 in
1382 3947 1427 3999 tol.
1446 3943 1506 4001 etit.
1540 3946 1640 3997 Praeter
1656 3960 1730 3996 unam
1853 4010 1856 4013 Ι

389 4033 447 4069 vero
466 4033 552 4071 omnee
569 4024 628 4069 eunt
645 4031 763 4083 reeponea
780 4016 925 4069 Soblelerdi
942 4017 975 4066 ad
992 4017 1110 4079 epistolae
1128 4017 1243 4080 Kepleri,
1261 4031 1325 4083 quae
1342 4017 1387 4066 tile
1404 4023 1508 4081 excepta
1530 4030 1614 4068 omnen
1632 4020 1731 4080 tempo·

389 4103 444 4138 rum
466 4091 559 4152 injuria
580 4089 716 4154 perierunt.
752 4089 864 4152 Serlptae
886 4091 945 4137 eunt
961 4086 1106 4138 Seblelrerdi
1123 4086 1244 4150 epistolae
1268 4087 1300 4136 ab
1318 4100 1383 4138 anno
1404 4084 1472 4139 1618
1493 4085 1555 4146 (oar.
1571 4086 1628 4136 len,
1647 4101 1671 4137 v.
1689 4088 1731 4146 eti

389 4161 416 4209 ln
434 4172 527 4209 anuum
546 4157 613 4212 1625
632 4157 669 4218 (7.
686 4156 776 4225 Sept).
810 4158 847 4207 na
867 4171 933 4222 qnae
957 4161 1070 4221 eupereet
1086 4156 1188 4219 Kepiarl
1206 4158 1312 4221 epletoie
1329 4157 1388 4207 data
1405 4161 1444 4207 eat
1460 4156 1485 4208 d.
1506 4153 1547 4209 11.
1565 4156 1636 4207 itare
1656 4152 1730 4216 1618.

390 4244 457 4295 quae
473 4231 589 4296 quemvie
605 4242 686 4294 panea
703 4230 793 4279 babeat
810 4228 842 4279 da
859 4227 1003 4294 Harmonia,
1021 4232 1104 4278 tamen
1120 4228 1218 4288 integra
1234 4228 1299 4277 insta
1316 4234 1441 4292 aequatur.
1466 4225 1612 4292 complutae
1629 4227 1731 4291 llepleei

389 4298 508 4363 epletolae
532 4300 565 4350 ad
582 4300 760 4351 Soblekardnm
777 4296 859 4365 (onina
879 4300 932 4360 jem
955 4310 1075 4361 reaponea
1098 4296 1277 4366 deelderantnr)
1299 4296 1506 4360 deprebendimue
1528 4299 1557 4347 ln
1579 4297 1731 4348 blbliatbeae

389 4369 590 4437 Stuttgartlenel,
607 4385 678 4439 quea,
697 4384 755 4421 enm
770 4369 879 4419 maxima
890 4382 922 4417 ex
934 4372 1003 4434 perte
1019 4371 1107 4431 typum
1119 4367 1271 4417 Tabularum
1282 4367 1495 4431 lindolpblnarum
1508 4368 1629 4418 attineant
1642 4367 1730 4429 (aerip-

390 4442 430 4490 tae
446 4446 506 4490 aunt
522 4440 609 4490 Ulmae
627 4442 699 4490 annia
716 4434 908 4504 teto-1628),
927 4439 968 4487 bie
984 4437 1042 4486 lllae
1059 4450 1111 4487 non
1128 4437 1272 4487 inmundae
1290 4438 1439 4488 eenenlmue.

476 4508 625 4560 (iulitelmne
651 4510 785 4562 Seblekard
813 4508 958 4575 (Sebiekert)
984 4512 1058 4557 natue
1084 4512 1122 4557 eet
1147 4507 1343 4575 lierrenbeeaae,
1374 4507 1468 4571 oppido
1485 4506 1731 4568 wurtembergenet,

390 4580 414 4629 d
432 4576 474 4633 22
493 4582 554 4643 bpr.
574 4577 655 4646 tneo,
677 4581 807 4642 'tubingae
823 4580 855 4628 ab
872 4592 894 4630 a.
914 4573 1086 4631 tito-tota
1103 4578 1244 4639 theologiae
1269 4591 1367 4641 opem
1387 4578 1473 4640 debu,
1496 4578 1655 4640 praeeipuam
1672 4589 1730 4625 rere

390 4650 502 4700 etudium
518 4651 620 4710 liuguae
636 4651 766 4701 bebraieae
782 4648 949 4712 impendebat
979 4649 1053 4697 Anno
1067 4644 1135 4701 titt
1155 4647 1274 4697 Munna
1292 4648 1439 4710 iiiirtingem
1458 4648 1557 4704 mieeue.
1575 4661 1640 4697 enno
1654 4642 1729 4701 1618.

390 4718 530 4782 Tublngem
546 4719 629 4786 rediit,
646 4721 757 4782 lingnam
774 4720 915 4769 bebraleem
927 4719 1088 4781 proleeenrua.
1120 4718 1176 4767 lino
1192 4730 1293 4767 munere
1312 4719 1457 4782 pertuuotne
1474 4722 1513 4768 eet
1523 4730 1612 4778 magna
1628 4715 1730 4783 quidem

390 4803 446 4841 enm
462 4787 544 4853 laude,
562 4789 606 4839 ead
623 4791 713 4851 exiguo
731 4790 821 4840 eaiario
839 4790 948 4853 adjutae,
966 4786 1034 4853 quod
1052 4798 1117 4837 anno
1136 4783 1316 4841 demnm1628
1332 4788 1462 4838 llberaitna
1480 4786 1665 4852 euppeditatnm
1683 4791 1730 4852 eat,

389 4874 440 4925 quo
458 4860 555 4910 unatnl
566 4859 720 4921 'lubingenel
738 4860 924 4911 eommendetue
940 4874 957 4907 a
974 4858 1113 4909 eomilarlle
1132 4857 1202 4908 dnoie
1216 4857 1432 4920 Wiirttemberglei
1450 4860 1476 4907 et
1493 4857 1612 4920 Pbllippo
1624 4856 1731 4907 Haaelee

390 4929 496 4999 Oemtm,
511 4933 541 4982 in
555 4930 687 4993 eolleelum
703 4931 905 4995 pblloeopbleum
921 4931 1046 4995 mutuor
1062 4928 1203 4979 mdlmnue
1219 4934 1373 4981 «meet
1401 4929 1451 4979 Par
1465 4941 1560 4992 peram
1574 4941 1636 4979 amo
1651 4939 1731 4978 annea
