3872 5846
343 360 406 425 258
604 436 614 459 l
759 359 802 414 De
820 352 1086 451 Gunflgnrstionibus
1103 353 1283 415 Harmonicis.

339 538 531 598 mulationem
554 542 708 597 exsereret.
753 535 861 595 Totum
890 537 947 596 hoc
975 538 1143 613 negotium,
1176 539 1315 614 inquam,
1346 537 1442 598 simile
1470 544 1515 599 est
1543 541 1702 599 memoriae

340 625 518 685 animalium.
564 623 639 683 Nam
661 624 789 683 hominis
812 623 904 684 semel
927 625 984 682 visi
1008 627 1136 702 speciem
1159 627 1257 684 animo
1280 629 1488 703 circumgesto,
1517 624 1589 686 nec'
1604 635 1702 686 temen

340 730 408 773 eum
429 719 613 790 praesentem
635 728 748 789 semper
783 710 880 771 habeo
903 713 1148 789 cogitationibus3
1183 719 1214 772 at
1244 715 1296 773 ubi
1325 731 1438 773 mrsum
1461 717 1628 791 apperuerit
1651 713 1702 773 ille

339 799 517 860 estsimilis
539 798 663 875 aliquis,
695 798 742 857 lrie
761 798 825 874 Jam
849 799 885 858 de
908 815 988 858 novo
1012 800 1125 860 elicitur
1147 807 1177 859 et
1197 803 1228 858 in
1252 808 1320 861 actu
1344 801 1493 878 cogitandi
1516 804 1702 860 constituitur

339 890 453 967 species
476 887 528 945 illa
550 889 673 964 pristina
695 903 746 964 per
767 888 1023 948 reminiscentiam.
1053 888 1116 947 Etsi
1139 888 1317 947 nobilioris
1340 888 1397 948 hoc
1420 896 1464 949 est
1486 889 1614 948 hominis
1636 905 1700 947 me·
1752 962 1758 969 ι

338 978 447 1048 morie,
478 973 558 1051 quod
580 977 622 1034 rei
644 979 825 1034 memoratae
848 991 906 1032 non
931 982 1044 1033 tentum
1068 976 1107 1035 ab
1130 991 1254 1035 occursu
1275 976 1421 1047 forinseco
1444 975 1618 1050 admoneor,
1648 976 1700 1035 sed

340 1065 429 1123 etiem
452 1079 500 1121 me
521 1064 616 1138 ipsum
634 1063 755 1137 'quoties
779 1060 848 1121 volo
871 1060 1033 1122 admoneo:
1058 1065 1129 1139 quia
1151 1066 1288 1124 nimimm
1303 1062 1480 1123 discurrendi
1496 1063 1620 1137 squultss
1643 1062 1700 1123 ad·

339 1159 384 1210 est
406 1151 533 1221 bomini,
563 1166 641 1225 quae
664 1149 746 1209 deest
770 1148 839 1208 buic
861 1151 988 1210 animae.
1033 1149 1143 1211 Verum
1159 1151 1241 1212 lraee
1262 1155 1292 1210 in
1315 1151 1561 1228 contemplatione
1584 1153 1699 1211 enimse

338 1238 486 1298 humanae
509 1244 592 1296 erunt
615 1236 807 1296 evidentiore.

423 1325 510 1385 Nunc
531 1341 591 1383 una
613 1323 779 1397 difficultas,
804 1341 894 1401 supra
917 1326 1006 1383 etism
1027 1331 1126 1399 tectu,
1151 1324 1203 1384 sed
1226 1324 1339 1400 leviter,
1362 1332 1407 1385 est
1432 1324 1638 1399 dissolvenda,
1661 1325 1698 1385 de

337 1411 426 1475 medo
449 1419 479 1472 et
501 1411 605 1471 mediis
628 1413 814 1489 receptionis.
861 1411 938 1483 Num
967 1411 1046 1487 quud
1078 1429 1132 1471 nos
1162 1412 1296 1473 homines
1326 1413 1474 1473 sensilium
1504 1415 1618 1490 species
1651 1415 1697 1470 in-

337 1508 463 1560 trorsum
485 1500 516 1557 iu
539 1501 666 1558 animam
690 1501 866 1578 recipimus,
896 1516 943 1559 res
968 1498 1084 1559 videtur
1107 1500 1246 1578 expedita
1276 1509 1305 1560 et
1333 1501 1439 1581 plena,
1470 1510 1537 1560 sunt
1568 1501 1698 1560 enimin

336 1587 493 1665 propatulo
515 1586 658 1647 toramine
682 1587 870 1664 pupillarum,
894 1603 946 1662 per
969 1604 1043 1662 quas
1066 1587 1283 1665 ingrediuntur,
1307 1598 1352 1648 est
1367 1588 1479 1660 oculus,
1504 1590 1613 1664 speciei
1635 1588 1696 1646 ior-

336 1683 440 1748 metur,
469 1682 514 1735 est
536 1674 723 1753 crystallinus
746 1674 859 1747 humor,
883 1674 1014 1750 penicilli
1038 1674 1146 1735 radiosi
1169 1683 1363 1752 temperator,
1396 1683 1441 1734 est
1462 1676 1617 1734 retilormis
1640 1692 1696 1754 op·

337 1765 389 1822 tici
411 1764 494 1822 nervi
516 1765 627 1836 tunice,
660 1765 791 1838 picturae
820 1778 916 1821 rerum
939 1763 1114 1822 exteriorum
1136 1766 1294 1841 exceptrix,
1339 1762 1418 1822 Nihil
1441 1761 1500 1822 tole
1522 1769 1645 1842 apparet
1666 1765 1695 1820 in

338 1867 467 1927 corpore.
481 1849 615 1924 Telluris,
639 1848 737 1909 rurllus
760 1848 808 1908 bic
830 1849 950 1924 oculus,
973 1866 1032 1925 quo
1056 1852 1154 1910 anime
1176 1850 1283 1910 Terrae
1307 1849 1406 1910 vident
1427 1850 1606 1910 radiationes
1629 1849 1696 1928 pls-

337 1948 470 1998 uetarum
493 1954 652 2013 eorumque
674 1937 814 2014 angulos:
851 1938 999 2013 quomodo
1023 1939 1113 2013 igitur
1135 1939 1230 1998 lucem
1253 1940 1361 1998 sentiet
1382 1941 1445 1996 sine
1468 1940 1592 2011 visione,
1616 1954 1693 2014 quo·

337 2025 426 2085 modo
448 2028 590 2103 percipiet
611 2030 663 2084 ant
685 2027 811 2103 excipiet
832 2024 957 2101 angulos
981 2027 1044 2085 sine
1067 2023 1282 2085 instrumento?
1327 2023 1492 2084 Difficultas
1516 2033 1560 2084 est
1582 2025 1691 2102 aliqua,

337 2113 440 2188 fateor,
469 2120 501 2173 st
530 2116 557 2172 si
579 2113 706 2189 penitius
733 2129 795 2170 rem
819 2114 973 2185 intuearis,
1006 2116 1167 2173 eommunis
1197 2112 1250 2172 ills
1281 2118 1326 2170 est
1348 2119 1378 2171 et
1400 2113 1447 2170 bic
1469 2120 1498 2172 et
1520 2112 1589 2172 illic.
1635 2112 1693 2172 Adi

337 2218 422 2261 mese
451 2198 572 2277 Optices
603 2199 680 2258 Astr.
712 2202 804 2276 partis
835 2216 902 2277 psg.
935 2201 995 2259 let
1028 2206 1070 2266 (11.
1089 2203 1175 2275 232),
1211 2199 1325 2258 videbis
1357 2202 1508 2275 antiquam
1544 2200 1693 2276 querelem

338 2291 428 2351 etiam
458 2287 495 2347 de
525 2290 591 2347 visu
619 2286 757 2346 humano.
801 2285 878 2345 Nem
906 2289 962 2345 etsi
991 2286 1057 2347 loco
1085 2286 1288 2352 illo,modum
1318 2286 1436 2346 videndi
1463 2304 1551 2349 eme
1573 2287 1692 2347 undem

337 2385 406 2456 post
428 2383 472 2434 tot
494 2375 671 2434 frustraneos
703 2375 827 2433 aliorum
854 2381 977 2433 conatus
1009 2373 1186 2434 solidissime
1217 2374 1446 2433 demonstratum
1474 2374 1602 2447 latentur
1624 2374 1692 2434 dili-

337 2464 484 2541 gentiores
507 2464 597 2540 optici
619 2470 649 2523 et
670 2461 776 2521 medici
798 2463 956 2520 anatomici
971 2462 1157 2537 (quanquam
1172 2462 1220 2521 Fr.
1238 2461 1424 2537 Aquilonius,
1447 2462 1531 2538 cujus
1553 2479 1693 2539 magnum

339 2568 414 2627 epus
430 2547 601 2628 Opticorum
623 2556 693 2609 ante
716 2551 845 2608 tannes
867 2548 985 2625 prodiit,
1015 2548 1122 2609 librum
1144 2566 1243 2633 speum
1265 2565 1324 2608 non
1347 2549 1422 2608 vidit
1444 2565 1538 2625 eoque
1560 2552 1590 2608 in
1613 2555 1692 2609 eutl-

339 2655 398 2715 quo
421 2653 515 2698 errore
538 2640 615 2698 circa
647 2636 767 2695 modum
799 2636 922 2695 visionis
953 2653 1062 2696 novem
1093 2622 1166 2696 surm¹
1198 2653 1287 2713 quem
1309 2636 1460 2714 pulchram
1483 2638 1563 2696 irrito
1586 2640 1691 2698 struxit

338 2724 519 2803 pergulam)t
542 2733 640 2784 tamen
663 2724 713 2783 ille
736 2722 854 2783 videndi
877 2721 981 2783 modus
1004 2741 1063 2783 non
1086 2724 1162 2784 ultra
1183 2724 1360 2784 retilormem
1382 2726 1511 2784 tunicam
1533 2742 1599 2784 sese
1621 2741 1691 2803 por·

338 2814 421 2889 riglt,
451 2829 511 2889 que
533 2813 678 2889 perspicui
701 2817 770 2871 sunt
790 2811 927 2870 humores
951 2811 1043 2886 oculi,
1073 2819 1206 2889 superest
1228 2811 1324 2871 adlruc
1346 2815 1497 2887 quaestio,
1525 2812 1651 2872 necdum
1673 2830 1692 2872 a

336 2900 486 2977 physicis,
508 2900 546 2958 ad
570 2916 644 2975 quos
667 2900 843 2976 provocavi,
867 2898 1016 2973 discusse,
1047 2898 1194 2974 quomodo
1219 2901 1395 2977 picturarei
1418 2898 1580 2973 ridendae,
1603 2917 1622 2959 a
1644 2917 1690 2959 me

339 2987 465 3045 formata
487 2988 517 3044 iu
539 2987 678 3045 retilormi
702 2989 809 3059 tunica,
833 2984 900 3045 inde
922 3003 1008 3064 porro
1031 3003 1083 3062 per
1105 3003 1199 3064 opace
1213 2989 1342 3064 corporis
1357 2988 1513 3047 introrsum
1535 2988 1698 3064 recipietur¹

340 3072 379 3133 sd
401 3076 517 3134 enimse
540 3072 727 3152 penetralis?
758 3089 834 3132 anne
862 3073 940 3132 foras
963 3075 1061 3132 enims
1092 3074 1292 3152 progredietur
1314 3076 1344 3132 ln
1366 3074 1431 3150 ejus
1454 3074 1629 3135 occursum?
1662 3081 1692 3134 et

286 3204 291 3209 -
341 3179 416 3238 quas
438 3161 485 3221 bis
508 3160 676 3222 adbaerent.
722 3161 821 3237 Atque
843 3176 916 3235 ego,
951 3168 983 3219 ut
1004 3163 1131 3237 ingenue
1153 3163 1263 3235 fatear,
1295 3162 1362 3240 plns
1383 3163 1414 3220 in
1436 3164 1551 3222 visione
1573 3161 1690 3237 haereo,

341 3265 430 3324 quam
453 3250 483 3307 in
506 3249 563 3311 huc
586 3251 771 3327 perceptione
794 3247 895 3324 anguli
917 3246 1080 3317 radiorum,
1109 3249 1145 3309 de
1168 3267 1228 3326 qus
1249 3249 1352 3310 videor
1372 3249 1444 3309 mibi
1466 3249 1611 3310 balbutire
1634 3249 1691 3308 slt-

340 3335 413 3412 quid
434 3354 493 3396 non
515 3338 613 3414 inepte
635 3353 732 3414 posse,
756 3353 823 3395 eum
845 3337 875 3392 iu
898 3334 951 3394 illa
974 3337 1091 3395 omuino
1114 3339 1169 3396 sim
1191 3346 1299 3397 mutus.
1322 3337 1443 3397 Possem
1467 3336 1586 3414 quidem
1608 3330 1710 3397 satra*

339 3440 435 3483 rerum
456 3441 570 3483 summa
592 3424 792 3499 subterfugere
815 3423 1024 3499 speculationis
1045 3423 1190 3499 laborem,
1221 3432 1251 3485 et
1273 3427 1436 3502 quaerenti,
1468 3425 1576 3501 quibus
1599 3424 1691 3484 oeulis

340 3512 439 3571 anima
460 3511 567 3571 Terrae
591 3509 691 3571 videet
714 3510 812 3571 radios
834 3510 970 3581 siderum,
993 3511 1183 3589 respondere:
1206 3510 1319 3587 iisdem,
1343 3513 1449 3589 qulbus
1473 3510 1548 3571 vidit
1569 3511 1691 3571 militem

341 3614 407 3657 cum
429 3599 578 3659 laciniosis
601 3599 713 3674 caligis,
747 3599 831 3675 eujus
854 3601 1010 3674 imaginem
1032 3594 1180 3675 plantavit
1201 3603 1231 3657 ln
1253 3598 1351 3675 lapide
1374 3598 1465 3659 fissili.
1509 3598 1621 3659 Verum
1644 3602 1691 3659 iu·

341 3688 414 3769 ertia
436 3704 513 3745 mors
536 3693 581 3746 est
601 3685 815 3764 philosophiae,
838 3688 974 3746 vivemus
997 3703 1051 3746 nos
1073 3694 1102 3746 et
1123 3704 1317 3747 exerceamur.

426 3773 554 3833 Primum
577 3776 675 3833 anima
696 3777 797 3851 puncti
819 3776 960 3833 rationem
982 3776 1085 3835 sortite
1107 3783 1151 3834 est
1174 3781 1241 3833 ectu
1265 3772 1383 3849 (saltem
1406 3775 1518 3833 ratione
1540 3770 1691 3848 alligatio-

339 3861 384 3920 nis
413 3861 452 3921 ad
474 3879 579 3937 corpus
600 3856 720 3943 suum),
752 3861 851 3923 circuli
873 3861 997 3939 figuram
1020 3869 1180 3941 potestate,
1210 3878 1287 3938 quae
1309 3878 1375 3920 cum
1397 3861 1436 3921 sit
1457 3862 1593 3938 energia,
1618 3859 1710 3919 didit

339 3965 405 4009 sese
427 3948 465 4008 ab
487 3948 539 4009 ille
561 3948 630 4010 sede
657 3951 757 4028 puncti
787 3951 816 4008 in
839 3949 992 4025 circulum3
1025 3951 1089 4009 sive
1116 3952 1193 4009 enim
1223 3950 1329 4008 sentire
1350 3947 1457 4008 debeat
1479 3966 1525 4008 res
1547 3953 1690 4020 extemes,

339 4035 409 4097 lllae
431 4035 615 4114 sphaericum
637 4039 667 4095 in
691 4035 810 4096 modurn
832 4054 897 4097 sese
920 4038 1114 4109 circumstant,
1138 4038 1202 4096 sive
1224 4053 1329 4113 corpus
1353 4051 1461 4112 regere,
1485 4051 1590 4113 corpus
1613 4052 1690 4111 quo-

339 4141 398 4200 que
421 4125 638 4201 circumjectum
661 4124 759 4200 hebet,
782 4127 848 4202 ipsa
869 4124 942 4184 latet
964 4126 1051 4198 intus,
1074 4122 1206 4184 radicata
1227 4126 1257 4182 in
1280 4130 1388 4202 puncto
1412 4122 1476 4199 ejus
1501 4130 1589 4196 certo,
1612 4123 1690 4183 unde

339 4214 473 4289 exitper
494 4215 622 4291 speciem
644 4214 690 4273 sui
713 4215 743 4269 in
765 4228 871 4288 corpus
893 4210 1045 4287 reliquum.
1091 4211 1132 4270 At
1154 4214 1204 4288 qui
1229 4217 1332 4289 exeat,
1354 4212 1412 4268 nisi
1433 4226 1486 4286 per
1507 4211 1602 4270 lineas
1625 4227 1690 4269 rec-

339 4298 407 4359 tas?
429 4299 485 4360 hoc
508 4303 584 4360 euim
607 4317 675 4361 vere
698 4307 742 4359 est
765 4301 858 4375 exire3
888 4301 939 4375 qul
962 4299 1050 4358 alium
1074 4300 1198 4358 exeundi
1222 4315 1332 4359 morem
1354 4297 1472 4370 babeat,
1497 4299 1565 4376 ipss
1587 4306 1616 4357 et
1638 4296 1689 4356 lux

339 4389 467 4447 existens
490 4396 519 4447 et
540 4389 667 4462 flamma,
691 4404 780 4463 quam
802 4405 821 4447 a
843 4387 972 4446 lontibus
994 4388 1055 4446 suis
1070 4394 1177 4446 exeunt
1191 4386 1250 4445 alie
1273 4386 1392 4454 lumine,
1415 4384 1501 4444 lineis
1524 4402 1565 4445 se.
1580 4382 1690 4444 rectis?

339 4474 493 4550 Egreditur
514 4477 603 4552 igitur
625 4492 728 4535 versus
751 4475 895 4533 exteriora
917 4476 1046 4550 eorporis
1067 4473 1171 4534 iisdem
1192 4472 1318 4550 legibus,
1342 4474 1450 4549 quibus
1472 4474 1690 4533 circumstantia

338 4562 511 4622 firmamenti
534 4563 645 4624 lumina
668 4578 769 4621 versus
790 4560 871 4621 illam
903 4563 933 4620 in
956 4568 1064 4637 puncto
1086 4561 1261 4621 residentem
1283 4562 1492 4637 ingrediuntur.
1537 4559 1612 4619 Cum
1634 4576 1690 4618 su·

338 4656 398 4710 tem
425 4655 489 4709 tota
517 4648 630 4709 dimidii
658 4649 740 4727 globi
767 4647 888 4707 Terreni
918 4646 1086 4725 superficies
1109 4650 1266 4723 omniaque
1289 4648 1364 4709 adeo
1384 4655 1496 4741 puncta
1525 4646 1688 4725 superficiei

339 4739 423 4812 atris,
447 4753 506 4815 quo
529 4742 652 4798 amictus
675 4745 720 4797 est
741 4735 800 4811 ills,
824 4737 863 4796 ab
886 4752 944 4796 uuo
967 4743 997 4795 et
1018 4732 1121 4795 eodem
1143 4734 1263 4811 planetu
1283 4735 1458 4796 irradientur
1479 4733 1567 4794 radiis
1590 4734 1689 4795 intini-

338 4826 392 4901 tis,
426 4842 462 4888 ex
484 4826 520 4885 ils
543 4826 677 4886 omnibus
698 4841 775 4886 unus
796 4823 878 4885 solus
900 4822 993 4885 tendit
1018 4838 1121 4883 remus
1148 4828 1288 4902 puuctum
1310 4823 1399 4901 illud,
1433 4823 1512 4901 quod
1535 4831 1581 4885 est
1602 4821 1688 4884 sedes
