3882 5862
1463 278 1471 307 Ι

851 402 993 472 Apologia.
1209 455 1211 459 ,
1535 395 1594 458 itt

248 579 364 640 Morari
388 580 487 641 Solem
511 583 588 641 circa
612 583 741 658 corporis
763 599 848 642 arem
870 581 1058 662 imnrobiloJa,
1082 578 1176 641 oculis
1197 582 1288 655 patet,
1313 574 1364 637 sed
1387 572 1601 636 muonomteu.

245 669 311 727 Non
341 676 438 728 tamen
469 671 494 727 is
516 668 560 725 illi
583 678 679 728 motas
710 672 789 731 inest
818 669 855 729 ob
878 669 1011 743 luminis,
1045 686 1133 746 quam
1157 674 1189 726 tu
1212 665 1360 736 celebrae,
1393 662 1598 733 mobilitatem,

246 774 314 814 narn
347 756 394 815 bic
415 762 512 816 motus
535 755 653 816 laminis
676 766 720 816 est
751 762 815 817 sine
838 764 981 834 tempore,
1016 759 1078 817 reri
1099 764 1197 815 motus
1220 762 1288 812 sunt
1313 755 1344 811 in
1365 759 1504 826 tempore.
1552 746 1599 807 Ad

245 851 356 903 motam
379 860 450 903 vero
473 846 577 903 ceteris
599 843 725 920 planetis
749 844 937 905 inserendum
961 863 1035 923 opus
1058 861 1124 904 esse
1141 842 1204 902 Soli
1226 849 1308 901 motu
1329 839 1438 916 proprii
1459 838 1598 911 corporis,

247 931 276 989 id
308 939 352 989 est
381 930 552 1007 dogmatum
583 949 673 990 auum
704 932 799 993 diotae
834 933 995 1009 Epitomes.
1050 931 1160 992 Terras
1189 936 1306 989 maman
1333 935 1368 987 oa
1389 925 1532 1002 refutasti
1563 926 1598 981 in

244 1019 370 1099 physico
397 1026 531 1078 battuta
561 1018 782 1079 Mooroooamr’?
837 1020 875 1078 At
906 1020 1029 1089 eundem
1060 1036 1115 1096 ego
1145 1018 1251 1078 Terrae
1281 1022 1392 1074 motam
1425 1010 1539 1070 delendi
1569 1012 1599 1067 in
1666 1036 1674 1051 ι

247 1106 383 1182 Epitome
406 1104 555 1167 doctrinae
577 1107 747 1183 sphaericae
769 1106 920 1183 dlumum,
955 1111 984 1166 in
1006 1109 1081 1167 libro
1106 1112 1168 1175 elus
1192 1104 1245 1163 lV.
1268 1101 1428 1182 (doctrinae
1450 1097 1597 1158 theoricae

246 1191 350 1273 primo)
374 1210 512 1254 annuum.
558 1193 742 1254 Contendant
775 1198 850 1255 inter
878 1214 909 1254 se
932 1196 999 1256 libri
1021 1196 1127 1267 nostri,
1159 1192 1292 1269 judicent
1313 1206 1383 1250 vero
1408 1184 1597 1263 spectatores,

246 1281 276 1339 id
299 1289 344 1339 est
365 1282 496 1340 lectores.
542 1280 667 1341 Falleris
682 1290 778 1342 tamen
802 1285 826 1341 si
842 1292 939 1359 putas,
962 1292 1062 1360 erepto
1078 1282 1149 1340 mibi
1164 1280 1272 1339 Terrae
1288 1285 1365 1337 moto
1386 1275 1489 1336 eadere
1503 1290 1598 1332 meam

246 1368 455 1442 Harmoniam;
488 1367 600 1428 scilicet
629 1386 686 1428 non
717 1369 812 1445 legisti
841 1389 878 1431 ne
902 1373 1021 1430 titulum
1045 1368 1162 1441 quidem
1190 1366 1257 1426 libri
1283 1365 1390 1442 quinti,
1425 1363 1475 1421 ubi
1499 1367 1598 1438 aperte

246 1473 361 1528 moneo,
385 1464 419 1513 ut
441 1462 472 1514 et
494 1472 557 1533 cap.
583 1459 611 1514 3.
637 1456 687 1517 iol⁴
712 1459 784 1530 275,
807 1466 905 1518 stante
927 1463 1016 1519 etiam
1039 1456 1147 1517 Brahei
1170 1455 1325 1526 sententia,
1349 1449 1597 1529 cuillerralstat,

247 1543 346 1603 valere
368 1541 552 1603 harmonicas
575 1544 846 1619 demonstrationes,
871 1564 945 1622 quas
968 1546 1069 1606 doceo.
1097 1544 1200 1625 ,Piget
1223 1541 1342 1601 tandem
1368 1544 1411 1599 tot
1434 1534 1599 1597 contradic-

247 1633 361 1689 tionum
383 1630 591 1689 sedandarum.
636 1633 711 1711 Nam
735 1632 805 1714 quid
828 1636 949 1699 interest
970 1631 1049 1713 (pap.
1066 1630 1133 1711 20),
1157 1636 1298 1709 qnantum
1320 1635 1355 1687 tu
1366 1628 1534 1702 perceperit
1556 1623 1600 1683 cd

244 1719 325 1777 bunc
344 1718 551 1793 comoediam,
576 1721 626 1794 qui
649 1722 858 1780 astronomiam
882 1724 999 1797 insuper
1028 1720 1137 1780 babere
1168 1719 1271 1777 lateris
1296 1717 1443 1790 etiamque
1466 1717 1597 1772 contem·

246 1807 311 1864 sisti
334 1804 446 1881 supra?
490 1805 601 1864 Tomoe
619 1799 748 1865 'circulos
763 1825 818 1885 ego
835 1808 893 1867 uod
915 1812 987 1885 ipsis
1009 1808 1137 1867 motibus
1159 1804 1330 1883 periodiois,
1353 1801 1405 1863 sed
1428 1799 1597 1876 regionibus

248 1896 383 1967 assigno,
407 1894 483 1952 intra
507 1909 580 1969 quas
603 1898 771 1954 coercentur
800 1902 906 1956 motus.
951 1897 1028 1971 Ergo
1053 1912 1152 1955 reram
1182 1894 1230 1952 bio
1253 1891 1352 1951 dixisti
1377 1905 1430 1966 per
1452 1886 1596 1958 accidens,

248 1981 344 2039 orbita
373 1978 509 2055 planetae
540 1981 673 2056 aequalis
703 1990 748 2041 est
777 1982 885 2042 circulo
913 1986 1041 2062 regionis
1063 2001 1134 2042 suae
1162 1980 1274 2055 medio,
1305 1977 1465 2051 eademque
1488 1992 1507 2034 a
1529 1973 1598 2033 Sole

246 2076 293 2125 est
315 2072 485 2127 eccenaiea
531 2068 568 2126 lit
591 2069 742 2145 quiajam
766 2073 912 2130 excusasti
934 2080 1017 2131 tuam
1040 2070 1078 2129 ab
1101 2071 1280 2130 aeconomia
1301 2072 1402 2125 nostra
1428 2064 1598 2143 peregrina·

245 2156 364 2228 tionem,
389 2158 498 2239 quippe
520 2156 549 2211 in
574 2153 662 2214 aliana
684 2158 738 2214 tibi
761 2159 803 2216 sio
826 2158 932 2217 dictam
957 2161 1175 2231 astronomiam,
1197 2162 1344 2214 attamen
1367 2151 1428 2211 tela
1448 2150 1502 2209 tibi
1524 2167 1598 2224 snp-

244 2245 399 2320 potantia
424 2251 632 2315 astronomum,
658 2245 815 2319 transfugis
838 2246 927 2318 igitar
948 2233 986 2305 ad
1009 2247 1179 2323 theologos,
1198 2244 1306 2319 jubens
1329 2258 1375 2301 me
1398 2238 1598 2313 exscriptore

244 2331 379 2406 probare,
403 2329 483 2405 qnod
507 2330 588 2388 Deus
612 2338 724 2389 creator
746 2332 893 2392 coelomm
923 2351 1075 2393 numeram
1104 2351 1139 2393 ex
1162 2333 1292 2407 quiaque
1316 2327 1486 2404 corporibus
1508 2341 1598 2400 regu·

245 2418 357 2476 laribus
380 2416 569 2492 desumserit3
599 2419 656 2476 nisi
678 2419 800 2492 faciam,
823 2436 882 2479 non
905 2427 936 2479 tu
959 2422 1030 2479 mibi
1054 2421 1153 2481 credes
1180 2418 1236 2478 hoc
1258 2418 1408 2478 asserenti.
1454 2414 1534 2489 Ego,
1557 2413 1598 2470 mi

245 2505 389 2577 Roberte,
423 2508 449 2563 si
472 2512 500 2563 te
523 2507 645 2565 scissem
676 2523 712 2565 ex
742 2506 886 2577 hocloco
918 2518 1131 2586 pugnatumm,
1165 2506 1253 2585 plane
1279 2522 1337 2565 non
1360 2503 1597 2578 comparuissem,

248 2591 329 2668 quod
351 2608 411 2651 nno
433 2592 524 2673 rerbq
547 2591 656 2652 dictam
679 2601 751 2653 esto⁴

332 2679 397 2739 Non
422 2678 530 2738 desinis
551 2698 598 2740 me
620 2692 752 2756 gravare,
774 2699 821 2742 me
843 2683 1049 2742 consonantias
1071 2682 1239 2742 barmoniae
1258 2695 1341 2739 meae
1363 2675 1499 2737 coelestis
1514 2673 1598 2734 aedi-

245 2768 332 2827 ficare
347 2784 435 2843 snper
448 2769 651 2844 proportiones
667 2768 768 2827 borum
785 2772 913 2846 quinque
929 2787 1089 2846 corporum.
1131 2770 1231 2845 Atque
1247 2766 1319 2825 nibil
1334 2763 1514 2824 illaemlaus
1529 2770 1616 2821 sunt.

246 2872 334 2931 qaam
356 2853 551 2927 harmonicae,
576 2862 699 2932 excepta
721 2856 902 2918 teuaedrtea
947 2858 1130 2932 cognatione
1153 2854 1271 2931 quidem
1285 2850 1471 2928 aliqualem
1494 2848 1597 2926 probo,
1698 2898 1703 2907 .

242 2941 323 3001 ⁴trabi
338 2949 432 3002 certas
448 2942 615 3003 harmonias
630 2961 649 3001 a
663 2943 871 3021 certistiguris,
892 2945 954 3020 jam
969 2951 1056 3004 antea
1071 2946 1145 3002 inter
1160 2934 1245 3002 o'rbes
1260 2940 1447 3016 interpositis,
1464 2945 1495 2996 at
1509 2938 1596 3012 ipsis·

245 3032 321 3088 sima
344 3032 373 3087 in
396 3024 549 3088 individuo
571 3033 720 3106 proportio
743 3034 839 3091 causis
862 3033 962 3091 nititur
984 3032 1072 3107 longe
1093 3030 1237 3107 pluribus.
1281 3028 1349 3088 Non
1370 3025 1510 3096 attulisti,
1534 3023 1598 3081 Ro·

245 3118 345 3188 berte,
370 3125 483 3176 tantrnn
506 3117 677 3192 diligentiae
699 3110 914 3194 adlegandum
935 3120 1042 3178 libmm
1065 3136 1160 3178 meum
1184 3118 1221 3191 V,
1252 3123 1363 3192 quanta
1386 3114 1522 3173 conuenit
1545 3110 1596 3185 illl,

247 3206 298 3279 qui
330 3204 408 3264 bunc
430 3205 495 3263 vult
527 3202 710 3280 convellere3
743 3223 833 3282 quare
865 3209 1060 3282 praestitisset
1091 3213 1120 3266 te
1148 3205 1184 3266 de
1207 3205 1314 3281 ignotis
1347 3202 1492 3274 tacuisse,
1528 3200 1597 3281 qaia

249 3290 346 3350 honor
369 3309 427 3352 noa
450 3309 545 3365 meus,
570 3293 620 3352 sed
644 3297 781 3352 creatoris
803 3297 908 3369 agitur.

337 3378 389 3438 Ad
413 3379 594 3456 Analysin
618 3380 705 3438 Xlll.
751 3380 840 3439 Aliud
862 3389 1064 3441 tortus-meus
1085 3381 1200 3450 texuit,
1214 3377 1294 3437 aliud
1316 3377 1445 3454 analysis
1461 3382 1512 3434 tua
1534 3373 1596 3433 dis·

248 3467 363 3527 solvere
395 3466 571 3543 aggreditur.
617 3467 711 3543 Super
741 3470 837 3527 causis
867 3471 1133 3539 consonantiarum,
1168 3484 1226 3525 noa
1254 3464 1317 3541 jam
1339 3480 1426 3541 super
1448 3461 1597 3522 concinnis

247 3556 386 3626 minimis,
411 3572 477 3614 cum
502 3555 649 3614 veteribus
673 3557 742 3615 mibi
766 3558 981 3615 contentionem
1005 3572 1070 3615 esse
1093 3555 1166 3627 dixi,
1190 3553 1286 3628 deque
1307 3555 1344 3611 iis
1366 3561 1396 3612 tc
1418 3568 1454 3610 no
1478 3548 1597 3625 quidem

248 3644 386 3717 cogitare,
411 3642 485 3701 adeo
509 3660 607 3701 verum
630 3641 699 3714 diri,
723 3651 756 3702 ut
778 3644 865 3703 etiam
889 3662 934 3703 me
958 3643 993 3703 de
1016 3644 1053 3701 iis
1075 3644 1153 3701 clare
1176 3641 1319 3701 dicentem
1341 3657 1378 3700 ae
1401 3639 1518 3715 quidem
1542 3654 1596 3701 ex·

247 3729 366 3802 audias,
389 3728 547 3805 respondes
571 3731 647 3788 enim
670 3728 706 3789 de
729 3731 877 3790 concinnis
900 3730 1039 3804 dissonis,
1069 3748 1126 3788 non
1151 3729 1186 3788 de
1210 3729 1416 3789 consonantiis.
1463 3728 1526 3801 Age
1549 3731 1597 3783 ta·

247 3834 323 3890 men,
346 3818 525 3891 pensitamus
548 3819 635 3875 etiam
658 3816 719 3891 illa,
743 3835 817 3893 quae
840 3819 893 3877 abs
916 3826 945 3878 te
970 3818 1006 3878 de
1027 3824 1094 3876 ¹ortu
1117 3820 1323 3876 concianomm
1345 3824 1413 3874 suat
1435 3814 1523 3874 dicta.

333 3902 424 3964 Recte
453 3904 561 3962 formas
588 3921 683 3963 meam
716 3908 919 3981 negationem:
951 3904 1113 3965 intervallis
1143 3906 1278 3964 consonis
1301 3910 1358 3961 non
1380 3904 1509 3978 positam
1531 3915 1597 3959 esse

171 4012 176 4017 ⁴
248 4008 431 4050 commanem
454 4008 620 4051 mensuram
644 3993 832 4051 numeralem.
881 3994 1084 4053 strationem
1107 3994 1223 4051 unicam
1254 4007 1341 4051 ame
1369 3991 1512 4067 prolatant
1543 3987 1597 4057 ais,

248 4096 324 4154 quae
346 4081 420 4137 ratio
443 4086 539 4138 tamen
562 4096 620 4138 non
645 4086 697 4137 est.
742 4078 809 4139 Hoc
831 4080 950 4139 voluisti
975 4080 1079 4153 dicere,
1094 4086 1131 4139 ‚te
1149 4087 1265 4155 praeter
1278 4081 1394 4137 unicam
1417 4075 1497 4136 illam
1513 4075 1597 4133 simi-

247 4164 414 4235 litudinem,
449 4165 485 4226 de
507 4166 848 4242 pusionibus-hominem
872 4168 1126 4244 componentibus,
1156 4166 1228 4226 nibil
1252 4164 1422 4240 intelligere.
1467 4163 1597 4222 Ratioa

242 4270 294 4311 ms
317 4252 395 4313 dicta
416 4252 490 4312 baeu
513 4261 570 4312 est:
600 4256 804 4330 proportiones
827 4256 902 4315 inter
924 4273 955 4315 se
978 4270 1036 4314 non
1060 4254 1235 4332 multiplices
1259 4260 1327 4311 sunt
1349 4253 1598 4312 incommensura-

246 4339 330 4413 biles,
355 4340 511 4400 lnterralla
532 4354 663 4401 consona
685 4350 753 4401 sunt
774 4346 978 4418 proportiones
1005 4345 1080 4401 inter
1102 4361 1134 4402 ss
1159 4359 1218 4402 aon
1241 4339 1430 4415 multiplices,
1464 4347 1597 4416 praeter-

246 4444 337 4503 quam
359 4426 514 4488 interralla
537 4428 696 4503 diapasoa,
730 4444 799 4503 argo
822 4429 978 4489 intervalla
1000 4446 1128 4490 consona
1157 4437 1272 4506 praeter
1294 4427 1437 4505 diapason
1460 4434 1529 4486 sunt
1550 4428 1598 4483 ia·

248 4514 533 4575 commensurabilia.
577 4514 661 4577 Haec
684 4518 758 4575 ratio
782 4519 892 4575 invicta
914 4527 974 4590 est,
1009 4534 1098 4592 quare
1122 4516 1194 4575 nihil
1216 4513 1337 4592 impedit
1368 4514 1415 4574 rel
1440 4514 1595 4587 „unicam‘

247 4620 321 4662 esre.
367 4603 470 4678 Neque
492 4609 590 4662 tarum
613 4603 681 4663 hinc
703 4603 799 4663 solum
820 4604 928 4679 iniero,
952 4621 1082 4665 consona
1104 4606 1253 4664 concinnis
1275 4619 1340 4661 esse
1363 4609 1469 4661 natura
1490 4603 1596 4677 priora.

151 4760 160 4771 ³
246 4690 321 4749 llam
345 4692 432 4749 etiam
456 4695 587 4749 vetemm
610 4689 718 4766 aliqui,
749 4692 800 4766 qui
822 4694 1028 4753 consonantias
1058 4710 1122 4761 essu
1150 4689 1459 4753 incommensurabiles
1489 4705 1597 4764 negare

245 4793 306 4836 non
329 4783 484 4855 poterant,
506 4777 648 4837 concinna
670 4785 774 4837 natura
795 4780 893 4855 priore
915 4781 1053 4840 leomant.
1098 4779 1157 4840 Sed
1179 4779 1252 4838 haec
1276 4779 1320 4839 est
1351 4776 1492 4837 illationis
1514 4793 1597 4837 meae

246 4880 345 4940 caasa,
370 4866 440 4941 qaia
461 4879 599 4940 masona,
622 4870 656 4924 ut
676 4865 858 4927 diatessaron
883 4862 939 4951 ”les
964 4867 1101 4944 diapente
1116 4863 1174 4951 Ἅι
1196 4872 1394 4927 mouebantur
1414 4882 1467 4945 per
1487 4864 1596 4944 figuras

1594 4992 1604 5025 l
