3940 5856
389 374 454 437 290
569 395 580 412 ·
782 367 826 421 De
844 364 964 443 Motibus
982 365 1157 443 Planetarum
1178 366 1358 425 Harmonicis.

296 597 302 619 ,
389 545 486 608 ιιΙΙίι.
530 543 655 604 Notahis
677 541 813 619 amplius,
836 523 1032 621 planetariam
1055 541 1176 604 Saturni
1198 552 1228 605 et
1249 544 1336 608 Joris
1359 547 1498 623 maiorem
1520 551 1659 613 excedere
1682 553 1752 614 har·

388 635 545 706 monicum,
568 631 681 691 scilicet
703 630 836 706 triplam,
868 635 1034 708 quantitate
1057 631 1116 692 iere
1139 630 1235 709 tarita,
1266 642 1378 711 quanta
1400 642 1447 696 ast
1468 636 1591 699 Veneris
1618 644 1751 719 propris,
1803 700 1807 713 ,

389 730 420 783 et
441 719 614 781 tantundem
643 717 702 779 sere
726 717 829 777 deesse
852 721 1000 797 communi
1029 720 1132 794 majori
1155 719 1261 779 Martis
1284 731 1314 780 et
1336 722 1479 797 Telluris,
1509 731 1750 807 consurgentium

390 817 420 873 et
443 808 665 884 divergentium
710 796 836 865 Notabis
860 790 954 879 tertio,
978 806 1067 869 iere'
1060 825 1090 864 ru
1113 810 1312 884 superioribus
1335 826 1400 870 esse
1421 811 1588 875 harmonias
1604 815 1751 877 stabilitas

389 899 464 956 inter
487 888 715 970 converg'entes,
739 902 771 951 at
800 895 829 951 in
860 894 1046 953 inferioribus
1074 897 1149 954 inter
1170 903 1267 955 motus
1298 896 1432 973 ejusdem
1458 900 1574 978 plagae
1619 902 1699 963 Nota
1721 911 1752 964 et

390 991 504 1059 quarto,
528 985 602 1041 inter
624 980 744 1040 Saturni
767 987 795 1039 et
818 980 946 1039 Telluris
970 982 1103 1058 aphelios
1126 1000 1191 1043 esse
1205 987 1337 1060 proxime
1353 987 1482 1063 quinque
1498 988 1659 1066 diapason;
1681 1008 1751 1050 nam

388 1089 457 1148 pars
487 1071 635 1130 tricesima
665 1066 797 1128 secunda
826 1069 863 1128 de
893 1070 1012 1127 57¹3¹¹
1045 1077 1089 1129 eet
1123 1072 1152 1130 1¹
1175 1071 1255 1149 475¹
1290 1088 1356 1130 cum
1386 1073 1521 1155 epheliue
1543 1076 1662 1138 Saturni
1692 1064 1749 1139 ha-

390 1159 515 1220 beat1¹
538 1159 612 1217 46¹¹.

418 1228 567 1305 Porro
590 1260 729 1318 magnum
753 1240 907 1300 discrimen
931 1242 1052 1302 interest
1080 1244 1156 1303 inter
1176 1244 1338 1320 explicatae
1361 1248 1543 1324 singulorum
1565 1251 1749 1328 planetarum

388 1333 556 1392 harmonias
586 1339 615 1391 et
641 1333 717 1389 inter
742 1329 922 1404 junctor.um
967 1329 1043 1389 Nam
1074 1330 1142 1391 iliae
1167 1332 1284 1406 quidem
1306 1333 1410 1393 codem
1438 1340 1577 1413 temporis
1599 1351 1749 1402 momento

389 1422 515 1481 existere
537 1436 596 1479 non
618 1424 757 1495 pessunt,
786 1416 842 1476 hac
866 1433 935 1476 vero
959 1420 1080 1477 omnino
1102 1427 1242 1520 possunt,
1266 1422 1337 1497 quia
1366 1422 1443 1483 idom
1467 1425 1605 1506 planeta,
1630 1446 1750 1488 versans

388 1525 497 1567 meuc
521 1505 656 1584 aphelio,
686 1521 745 1563 non
774 1503 861 1562 simui
891 1513 988 1582 potest
1015 1522 1080 1566 esse
1108 1513 1138 1565 et
1164 1506 1194 1564 in
1219 1510 1354 1585 opposito
1383 1511 1540 1587 periheiio,
1571 1514 1748 1576 arduorum

387 1594 573 1672 planetarum
602 1592 704 1652 alter
697 1609 726 1649 ιιι
748 1608 802 1650 suo
825 1591 958 1668 aphelic,
988 1591 1099 1652 aiter·
1091 1611 1121 1650 ru
1145 1610 1199 1652 suo
1228 1594 1369 1672 perihclio
1392 1607 1517 1673 possunt
1546 1617 1611 1661 esse
1644 1603 1747 1663 eodem

388 1684 528 1759 temporis
551 1687 709 1742 momento.
754 1677 898 1756 Adeoque
922 1696 998 1756 quae
1021 1682 1171 1757 proportio
1201 1690 1246 1741 ιιι
1269 1692 1372 1745 ιιιιιι
1395 1686 1536 1760 simplicis
1565 1705 1618 1748 seu
1641 1707 1747 1750 mono

390 1768 471 1843 diae,
502 1787 590 1845 quam
623 1764 770 1826 choralem
794 1769 937 1829 musicam
961 1765 1086 1826 dicimus
1118 1775 1148 1827 et
1170 1785 1247 1844 quae
1270 1769 1336 1829 sola
1364 1773 1513 1832 veteribus
1541 1773 1598 1836 init
1621 1781 1747 1855 cognita,

388 1857 428 1918 ad
451 1866 569 1917 cantum
591 1855 718 1933 plurium
733 1870 865 1943 vocum,
855 1853 1026 1930 figuratum
1044 1854 1163 1928 dictum,
1186 1858 1337 1916 inventum
1356 1862 1554 1934 proximorum
1570 1864 1746 1939 seculorum,

389 1944 492 2005 eadem
514 1953 560 2005 est
573 1945 730 2023 proportio
753 1928 986 2024 harmoniarum,
1018 1961 1093 2020 quas
1115 1941 1224 2019 singuli
1247 1942 1402 2021 designant
1424 1945 1580 2026 planetae,
1615 1948 1652 2011 ad
1676 1951 1747 2011 har-

388 2037 502 2093 monias
521 2034 699 2134 junctorum.
743 2029 881 2107 Itaque'
869 2048 931 2107 Jam
953 2047 1040 2107 porro
1063 2048 1127 2108 cap
1147 2034 1175 2088 ι.
1199 2031 1273 2090 etii.
1302 2033 1409 2108 singuli
1432 2034 1569 2110 planetae
1593 2053 1748 2125 eompara-

388 2122 496 2197 buntur
518 2138 584 2181 com
606 2122 719 2179 musice
742 2117 851 2177 chorali
875 2127 1006 2178 veterum
1030 2119 1153 2196 ejusque
1175 2121 1367 2196 proprietates
1396 2123 1425 2179 in
1448 2108 1632 2203 planetarum
1654 2130 1747 2185 moti-

387 2208 443 2269 bus
474 2208 676 2280 ostendentur;
707 2213 739 2265 at
765 2205 911 2282 capitibus
943 2207 1135 2282 sequentibus
1152 2206 1248 2282 Juncti
1271 2206 1407 2282 planetae
1444 2226 1510 2269 cum
1524 2209 1657 2287 figurata
1679 2231 1746 2273 mn-

388 2294 478 2356 derna
500 2299 613 2356 musica
634 2295 718 2372 paria
739 2293 835 2353 lacere
858 2286 1142 2353 demonstrabuntur.

964 2526 1106 2598 CAPUT
1134 2526 1171 2597 V.

388 2673 424 2728 In
442 2674 731 2742 proportionibus
749 2678 897 2728 motuum
915 2670 1190 2741 planetariorum
1208 2640 1466 2740 apparentium
1461 2674 1523 2759 (ex
1536 2675 1616 2731 Sole
1629 2670 1742 2733 relnt'i

387 2750 641 2831 spectantibus)
665 2775 832 2831 expressa
856 2774 930 2814 esee
956 2758 1035 2813 loca
1051 2752 1279 2828 systematis,
1308 2738 1510 2815 sauciares
1537 2762 1654 2819 scalae
1677 2781 1744 2818 mu-

644 2864 648 2873 *
695 2847 802 2914 sicae,
820 2848 853 2901 ιι
870 2855 996 2916 genera
1013 2852 1149 2916 cantus
1168 2845 1243 2901 duri
1261 2854 1293 2900 et
1310 2844 1431 2902 mollis

475 2992 561 3071 Quod
591 2992 680 3069 igitur·
708 2994 784 3053 inter
812 2992 868 3051 hos
898 2991 1054 3051 duodecim
1084 2993 1223 3051 terminos
1255 3006 1306 3051 scu
1337 2997 1433 3051 motus
1465 2990 1650 3067 planetarum
1682 3013 1744 3069 ιιι,

388 3079 487 3140 Solem
511 3083 806 3157 circumcurrentium,
828 3097 944 3139 sursum
967 3079 1103 3141 deorsum
1126 3089 1154 3139 et
1176 3094 1413 3155 quaquaversum
1439 3086 1519 3137 stent
1540 3084 1745 3158 proportiones

390 3168 592 3239 harmonicae,
617 3177 671 3227 aut
692 3168 801 3228 talibus
825 3169 901 3225 intra
916 3167 1082 3226 insensilem
1099 3175 1210 3244 partem
1223 3167 1356 3224 concinni
1370 3168 1480 3225 minimi
1496 3170 1655 3243 proximae,
1679 3188 1750 3247 pro-

329 3262 332 3273 “
387 3255 489 3314 batum
511 3264 557 3316 est
577 3254 720 3317 hactenus
742 3272 795 3334 per
816 3271 952 3314 numeros
975 3255 1043 3313 hinc
1067 3272 1103 3314 ιι
1126 3255 1317 3327 astronomia,
1345 3252 1413 3312 inde
1437 3271 1473 3314 ιι
1496 3254 1666 3316 harmonica
1687 3274 1746 3333 pe·

387 3344 467 3403 titos.
515 3341 769 3418 Quemadmodum
792 3358 862 3400 vero
885 3341 960 3401 libro
983 3342 1069 3402 tertio
1092 3343 1216 3417 primum
1240 3340 1423 3400 harmonicas
1435 3343 1639 3418 proportiones
1660 3361 1746 3404 seor-

387 3432 443 3488 sim
465 3430 597 3507 eingulas
621 3433 748 3489 eruimus
772 3432 868 3505 capite
891 3432 1002 3506 primo,
1032 3440 1100 3488 tunc
1130 3429 1247 3489 demum
1276 3429 1372 3503 capite
1394 3427 1524 3488 secundo
1557 3447 1744 3503 aesomnes,

387 3525 534 3597 quotquot
556 3524 646 3591 erant,
671 3521 701 3575 in
723 3534 814 3575 unum
837 3532 990 3577 commune
1012 3523 1141 3592 systema
1163 3530 1215 3576 seu
1239 3515 1349 3575 scalam
1370 3517 1511 3591 musicam
1534 3510 1745 3596 ιοιιριιὶιιιιι,

387 3607 446 3666 imo
468 3607 568 3682 potius
592 3622 680 3664 unam
710 3621 810 3663 earnm
833 3603 993 3683 diapason,
1024 3620 1100 3680 quae
1131 3610 1242 3663 ceteras
1272 3609 1418 3691 potestate
1446 3603 1663 3682 complectitur,
1692 3624 1746 3683 per

387 3690 454 3751 illae
477 3702 589 3752 ceterae
611 3694 640 3749 in
663 3691 771 3767 gradum
793 3708 846 3751 seu
866 3691 936 3752 loca
950 3709 1005 3751 sua
1027 3691 1190 3764 divisimus,
1214 3706 1308 3767 eaque
1331 3706 1370 3763 re,
1397 3699 1437 3749 ut
1453 3686 1545 3750 scala
1556 3703 1648 3767 esset,
1672 3694 1745 3755 effe·

386 3781 494 3853 cimus,
527 3782 571 3840 sic
593 3796 671 3838 nunc
694 3795 850 3857 quoque,·
864 3781 990 3840 inventis
1013 3777 1189 3850 harmoniis,
1221 3793 1295 3854 quas
1318 3777 1431 3838 Deus
1423 3797 1486 3857 rpse
1510 3781 1538 3836 in
1562 3778 1702 3841 mundo·
1694 3798 1744 3838 rn-

386 3870 565 3945 corporavit,
590 3869 722 3943 sequitnr
745 3873 779 3925 ut
800 3865 970 3939 videamus,
994 3882 1062 3923 rrum
1085 3866 1128 3924 ita
1150 3863 1284 3941 singulae
1307 3873 1385 3925 stent
1406 3868 1543 3940 seorsim,
1574 3876 1608 3927 ut
1630 3867 1742 3931 nullam

386 3970 453 4017 eum
475 3954 595 4032 reliquis
611 3957 816 4033 cognationem
838 3953 976 4026 habeant,
1000 3970 1037 4011 an
1053 3969 1125 4012 vero
1140 3970 1241 4012 ornnes
1265 3953 1339 4013 inter
1352 3970 1384 4013 se
1400 3955 1593 4015 consentiant
1638 3948 1742 4030 Quan-

384 4058 473 4118 quam
489 4041 575 4102 iaeiie
591 4049 635 4102 est
658 4041 707 4102 vel
721 4045 784 4101 sine
800 4040 931 4101 ulteriori
946 4041 1135 4116 inquisitione
1148 4038 1333 4114 concludere,
1355 4040 1524 4101 harmoniae
1540 4045 1612 4103 istas
1624 4059 1739 4102 summo

391 4127 514 4212 consilio
537 4130 581 4190 sic
595 4131 721 4190 invicem
744 4135 861 4206 aptatae
884 4145 958 4203 esse,
982 4135 1013 4185 ut
1037 4131 1112 4186 intra
1135 4145 1223 4189 unam
1246 4125 1337 4193 veluti
1358 4145 1530 4206 compagem
1552 4146 1616 4191 scae
1640 4138 1742 4191 mutuo

384 4216 492 4290 ierant,
516 4233 570 4278 nec
592 4234 652 4299 una
673 4216 761 4277 aliam
786 4215 894 4290 elidet;
924 4217 1032 4293 quippe
1054 4232 1119 4275 cum
1143 4215 1310 4290 videamus,
1344 4216 1374 4272 in
1398 4224 1457 4275 tam
1481 4214 1634 4293 multiplici
1659 4234 1741 4277 corn-

384 4306 536 4379 parationc
559 4304 716 4365 eorundem
740 4306 927 4364 terminorum
949 4304 1084 4377 nuspiam
1106 4320 1164 4361 ιιι
1188 4320 1337 4363 οιιιιιιιι
1352 4302 1529 4366 Ιιιιιιοιίιι.
1575 4303 1638 4362 Νἰιι
1662 4307 1742 4365 enim
1780 4354 1785 4363 ,

385 4407 486 4451 omncs
508 4393 645 4453 omnibus
669 4399 788 4468 aptatae
811 4391 961 4451 cusentin
984 4407 1073 4449 unam
1095 4389 1225 4461 scalam,
1248 4389 1334 4450 facile
1357 4390 1419 4448 lieri
1440 4393 1586 4467 potuisset
1609 4386 1655 4473 (ιι
1677 4392 1740 4453 lac-

385 4484 446 4537 tum
477 4486 521 4539 ιιι
542 4482 668 4555 passim,
697 4479 871 4540 necessitate
899 4478 942 4537 sic
971 4473 1126 4558 urgente),
1158 4485 1190 4535 ιι
1217 4476 1315 4556 plnres
1337 4474 1537 4538 dissonantiae
1569 4480 1739 4541 existerent.

386 4564 426 4628 Ut
447 4569 473 4627 ei
495 4570 561 4642 quis
583 4569 659 4627 inter
681 4569 805 4644 primum
825 4570 864 4637 ιι
879 4564 1040 4624 secuudum
1062 4562 1217 4624 terminum
1240 4565 1433 4624 constitueret
1453 4573 1567 4626 sextam
1578 4566 1737 4669 mqjorem,

384 4657 459 4715 inter
480 4653 641 4715 secundum
662 4661 692 4714 et
715 4657 834 4714 tertium
854 4652 969 4711 tertiam
991 4651 1092 4711 itidem
1114 4652 1266 4728 majorem,
1299 4654 1363 4711 sine
1385 4668 1432 4721 res
1454 4661 1519 4712 ectu
1542 4655 1663 4730 prioris,
1686 4653 1739 4715 hio

385 4744 459 4803 iuter
472 4741 595 4817 primum
609 4751 639 4802 et
655 4743 772 4805 tertium
786 4740 951 4801 admitteret
967 4738 1179 4801 dissonantiam
1193 4747 1223 4798 ct
1236 4734 1424 4800 intervallum
1433 4742 1638 4801 inconcinnum
1656 4734 1737 4825 wlff.

472 4829 536 4906 rige
558 4846 627 4891 vero
651 4827 813 4906 videamus,
836 4844 874 4890 an
898 4827 1059 4911 quodiam
1080 4824 1283 4888 ratiocinando
1306 4825 1487 4905 collegimus,
1510 4826 1541 4888 id
1561 4830 1673 4907 reipsa
1694 4829 1739 4890 aio
