3940 5856
379 394 444 451 278
766 387 810 440 De
827 386 950 441 Motibus
967 386 1142 440 Planetarum
1161 386 1342 441 Harmonicia

379 564 1739 640 aaoeoentrieaeorbttaeaniastabeanteaerseproporaonemeemnpropor·

383 657 475 712 titinio
496 653 727 709 intervallorum
748 653 885 711 duorum
907 671 927 709 a
951 652 1029 711 Sole.
1075 651 1169 709 Simul
1192 664 1291 711 autem
1320 653 1552 712 demonstratum
1574 664 1619 711 est
1641 672 1659 710 s
1682 671 1738 723 me,

379 742 511 801 orbitam
531 740 676 813 planetae
697 756 756 797 esse
777 741 951 815 ellipticnm,
974 748 1003 797 ct
1026 740 1146 813 Solem,
1167 741 1284 815 sontem
1305 749 1415 813 motus,
1438 759 1497 798 csse
1517 744 1553 797 in
1574 742 1671 800 attero
1690 742 1740 816 [o-

379 846 484 887 sorum
507 828 600 897 liujus
621 827 741 901 ellipsis,
765 831 869 901 itaque
889 826 969 900 teri,
991 835 1027 884 at
1045 828 1190 901 plancta,
1221 829 1359 887 absoluto
1380 832 1473 887 totius
1494 830 1639 885 circuitus
1660 847 1740 903 qua-

379 918 489 973 drante
515 931 538 970 a
558 930 614 970 sua
637 914 772 989 aphelio,
799 917 935 988 praecise
962 915 1112 972 mediocre
1139 915 1248 972 habeat
1272 917 1471 973 inter-rollum
1502 933 1524 972 a
1546 915 1631 987 Sole,
1662 919 1743 973 mter

380 1006 554 1061 maximum
577 1004 610 1057 in
633 1002 753 1075 opbelio
782 1009 810 1059 ct
829 1005 995 1059 minimum
1018 1006 1053 1058 in
1074 1002 1228 1077 peribolio.
1274 1003 1319 1060 Ex
1346 1003 1488 1061 hisvero
1517 1002 1632 1060 duobus
1655 1005 1742 1060 axio-

384 1091 513 1149 matibus
536 1088 698 1151 conficitur.
727 1096 764 1147 ut
784 1088 918 1146 diamur
936 1090 1081 1163 planctae
1101 1089 1220 1147 medius
1241 1097 1341 1149 motus
1364 1088 1400 1147 in
1420 1094 1581 1148 rccattrieo
1604 1090 1683 1147 idem
1704 1093 1743 1147 rit

379 1185 408 1236 et
428 1194 518 1235 ceria
541 1178 606 1247 ejrtt
627 1179 781 1234 manici
803 1193 896 1234 arcus
917 1176 1051 1233 diurnus
1080 1177 1141 1233 illis
1161 1180 1336 1247 momentis,
1366 1179 1476 1252 qrribus
1496 1180 1622 1252 planeta
1646 1185 1688 1251 cst
1708 1180 1743 1234 in

377 1266 437 1341 fiae
463 1262 646 1339 quadrantis
676 1266 832 1321 eccentrici
860 1264 900 1321 ub
932 1263 1052 1337 aphelio
1079 1267 1265 1337 computati,
1296 1264 1364 1322 lieet
1384 1266 1435 1322 illc
1462 1264 1622 1343 qrmdrans
1652 1281 1744 1322 verus

379 1352 481 1410 aditae
500 1353 604 1408 minor
626 1358 778 1426 appareat
800 1353 885 1422 jarria
907 1350 1090 1424 quadrante.
1136 1351 1276 1425 Sequitur
1304 1350 1447 1427 amplius,
1478 1352 1561 1428 quod
1587 1352 1650 1408 duo
1671 1355 1742 1426 qui-

379 1456 499 1514 cunque
521 1455 613 1496 metes
635 1441 790 1496 ecemtriei
811 1437 918 1495 diremi
940 1440 1104 1511 verissimi,
1127 1440 1299 1513 acqualiter
1319 1457 1388 1497 cere
1411 1440 1573 1508 distantes,
1602 1439 1682 1496 alter
1703 1437 1742 1496 ab

381 1526 508 1603 ophelte,
531 1526 610 1583 alter
631 1544 653 1583 a
672 1526 835 1601 peribolio,
853 1528 956 1596 iuncti
977 1532 1109 1600 aequori
1130 1526 1207 1583 daos
1228 1526 1357 1584 disemos
1378 1526 1507 1601 meane,-
1539 1533 1569 1585 ct
1596 1542 1649 1601 per
1671 1543 1744 1585 cou-

381 1629 522 1690 aequem,
551 1629 622 1670 cum
652 1616 691 1671 sit
719 1612 824 1671 cadem
854 1610 1040 1670 artabrum
1070 1615 1243 1689 proportio,
1282 1632 1361 1688 quoe
1392 1615 1630 1684 diametros-ron,
1661 1612 1744 1689 quod

381 1702 487 1760 cadem
512 1701 552 1757 sit
578 1703 737 1775 proportio
763 1702 858 1758 unius
887 1698 994 1756 dicerni
1016 1700 1109 1756 medii
1130 1699 1174 1757 ad
1190 1702 1315 1772 junctos
1335 1701 1448 1761 medios
1476 1718 1581 1760 omncs
1609 1703 1690 1759 inter
1712 1718 1743 1759 sc

381 1789 530 1864 aequales,
554 1794 628 1862 qast
647 1795 720 1845 sunt
741 1790 776 1844 in
799 1793 860 1845 toto
881 1790 1022 1860 circuitu,
1046 1804 1126 1862 quae
1147 1794 1190 1845 cst
1210 1788 1303 1847 medii
1324 1787 1432 1846 diurrsi
1454 1788 1498 1846 ad
1513 1791 1637 1861 iunctos
1658 1805 1744 1847 verm

382 1892 485 1935 munes
506 1891 597 1933 arctes
618 1879 807 1947 ementitos,
837 1874 960 1933 totidem
982 1892 1130 1949 numero,
1152 1874 1204 1932 scd
1223 1878 1304 1934 mter
1325 1893 1355 1934 se
1376 1877 1560 1952 inaequales
1607 1875 1644 1933 Et
1667 1874 1742 1934 baec

386 1961 423 2022 de
447 1964 525 2021 veris
548 1965 701 2021 ecccntricl
723 1962 850 2021 arcubus
874 1960 984 2023 diurnis
1008 1961 1105 2037 deque
1126 1964 1205 2022 veris
1220 1964 1350 2021 motibus
1369 1971 1439 2021 sunt
1454 1962 1741 2039 praecognoscentia,

383 2060 417 2108 ut
436 2050 500 2126 jam
523 2065 560 2107 ex
583 2050 620 2107 iis
643 2049 842 2125 intelligamus
865 2058 963 2108 motus
986 2057 1179 2124 apparentes,
1204 2049 1291 2109 oculo
1314 2054 1343 2107 iu
1367 2049 1437 2109 Sole
1460 2052 1623 2127 supposito.

470 2137 571 2197 Sexto.
617 2136 767 2212 Quantum
798 2152 867 2194 vero
892 2138 998 2195 attinet
1029 2152 1114 2195 arcus
1138 2146 1315 2213 apparentes
1346 2138 1430 2197 velut
1458 2155 1493 2198 ex
1516 2138 1605 2211 Sole,
1638 2145 1740 2194 uotum

384 2234 431 2285 cst
452 2226 633 2299 mentique
666 2228 754 2284 etiam
778 2226 972 2295 astronomia,
1006 2224 1085 2299 quod
1109 2242 1144 2282 ex
1167 2226 1298 2282 motibus
1329 2228 1423 2300 veris,
1454 2227 1542 2285 etiam
1565 2223 1740 2299 aequalibus

384 2316 460 2371 iuter
481 2329 530 2385 sc,
563 2314 589 2369 is
612 2315 662 2388 qui
684 2311 803 2387 longius
831 2319 972 2371 accubo
996 2311 1097 2369 mundi
1119 2315 1241 2370 recessit
1264 2316 1310 2389 (ut
1331 2315 1383 2387 qui
1405 2322 1450 2372 est
1475 2313 1505 2369 iu
1529 2305 1664 2392 aphelio)
1686 2329 1742 2387 ap-

382 2410 487 2477 pareat
510 2415 574 2459 esse
597 2402 692 2457 minor
713 2400 858 2475 spectanti
882 2416 918 2457 cx
940 2397 992 2455 illo
1016 2408 1125 2473 cauno,
1150 2401 1199 2474 qui
1223 2403 1341 2475 propior
1365 2404 1411 2474 sit,
1434 2408 1468 2459 ut
1483 2403 1533 2474 qui
1547 2408 1593 2458 est
1616 2402 1644 2455 in
1659 2401 1741 2474 peri·

384 2487 473 2559 bello,
504 2487 581 2545 idem
611 2496 640 2545 et
669 2488 772 2563 major.
826 2484 899 2544 Cum
931 2487 1019 2561 igitur
1048 2489 1167 2561 insuper
1196 2490 1285 2545 etiam
1316 2487 1444 2564 majores
1473 2491 1533 2546 sint
1563 2489 1625 2544 veri
1655 2503 1741 2544 meus

386 2574 482 2632 diurni
507 2578 535 2631 in
558 2576 737 2650 propinquo,
767 2582 885 2649 propter
915 2581 1025 2631 motum
1049 2574 1235 2652 celeriorem,
1264 2577 1390 2632 minores
1421 2578 1450 2632 iu
1478 2574 1596 2653 apbelio
1618 2582 1740 2647 remoto,

386 2672 506 2738 propter
527 2671 626 2720 motos
649 2660 830 2733 tarditatem,
854 2660 922 2719 binc
945 2678 1002 2735 ego
1024 2660 1223 2719 demonstravi
1247 2663 1275 2718 iu
1295 2661 1490 2733 Martialibus,
1510 2665 1741 2737 proportionem

387 2753 606 2826 apparentium
628 2766 759 2808 aronam
782 2747 969 2807 diurnorum
991 2752 1086 2807 unius
1099 2752 1256 2808 ammerici
1270 2753 1342 2808 satie
1359 2753 1495 2824 praecia
1514 2750 1641 2826 duplam
1656 2734 1767 2807 ever-¹

386 2854 453 2895 sant
475 2854 534 2896 esee
554 2840 761 2911 proportionis
790 2851 918 2894 tuorum
940 2836 1176 2901 intervallorum
1205 2855 1226 2894 a
1250 2835 1326 2897 Sota.
1371 2835 1413 2896 Ut
1433 2840 1458 2894 si
1481 2837 1602 2913 planeta
1629 2840 1658 2894 iu
1680 2853 1740 2896 una

336 2942 341 2949 ·
386 2940 506 2982 suatum
529 2925 656 2997 dierum,
689 2920 807 2998 quando
831 2926 927 2981 estin
950 2922 1082 2998 aphelio,
1112 2922 1234 2982 distaret
1256 2942 1275 2982 a
1297 2923 1367 2982 Sole
1389 2925 1537 3000 partibus,
1565 2941 1740 3000 quacunque

385 3027 532 3085 mensura,
558 3009 610 3089 10,
631 3013 661 3069 iu
685 3012 822 3087 opposita
843 3010 905 3083 dic,
936 3010 1054 3085 quando
1077 3019 1122 3069 est
1144 3013 1174 3068 in
1196 3010 1353 3087 peribclio‚
1384 3013 1517 3088 partibus
1540 3012 1740 3071 consimilibus

387 3101 423 3157 9:
456 3107 567 3158 certum
589 3106 649 3169 est,
681 3097 760 3174 quod
784 3114 820 3156 ex
843 3096 913 3157 Sole
936 3114 1080 3173 apparens
1110 3099 1175 3173 ejus
1202 3101 1347 3174 promotio
1379 3101 1408 3155 in
1432 3099 1551 3176 apbelio
1582 3098 1680 3159 lutura
1703 3102 1741 3158 sit

386 3185 423 3245 ad
446 3195 635 3264 apparentem
658 3187 686 3243 in
710 3182 868 3261 peribelio,
891 3188 968 3243 sicut
992 3187 1030 3242 81
1055 3184 1093 3243 ad
1119 3187 1190 3244 100.

474 3273 539 3333 Ηοο
562 3283 661 3331 autem
684 3290 786 3332 rerum
808 3279 854 3329 est
881 3288 947 3330 cum
969 3272 1015 3329 bis
1043 3273 1246 3331 cautionibus:
1275 3275 1387 3349 primo,
1419 3279 1452 3331 ut
1479 3290 1565 3332 arcus
1587 3274 1740 3333 eccentrici
1765 3266 1768 3277 '

387 3376 446 3418 non
470 3364 529 3420 sint
550 3362 660 3436 magni,
684 3377 720 3419 ne
743 3360 958 3419 communicent
981 3377 1046 3417 cum
1070 3358 1216 3418 distantiis
1241 3359 1364 3420 diversis
1384 3361 1508 3420 multum
1531 3360 1740 3433 differentibus,

386 3449 443 3506 boc
466 3458 571 3525 estne
594 3455 751 3507 causentur
773 3446 941 3506 sensibilem
963 3449 1137 3507 varietatem
1160 3446 1316 3507 distantiae
1347 3453 1534 3507 terminorum
1560 3465 1679 3506 suorum
1702 3448 1740 3507 ab

386 3534 557 3612 apsidibus3
581 3534 696 3607 deinde,
720 3542 753 3592 ut
775 3535 975 3593 ecccntricitas
997 3552 1055 3594 non
1078 3537 1117 3592 sit
1140 3534 1228 3593 valde
1250 3552 1374 3612 magna,
1402 3554 1470 3595 riam
1493 3554 1551 3610 quo
1574 3535 1668 3610 maj0r
1690 3551 1741 3595 ec-

386 3624 569 3697 eentricitas,
598 3639 638 3681 sc.
664 3638 722 3697 quo
746 3621 840 3696 major
861 3622 894 3679 tit
916 3639 1015 3694 arcus,
1045 3621 1102 3681 hoc
1123 3624 1218 3697 magis
1240 3630 1363 3697 augetur
1387 3624 1450 3698 ejus
1473 3616 1672 3701 apparentiae
1686 3641 1741 3681 an·

386 3710 472 3785 galus
502 3708 579 3769 ultra
611 3710 763 3768 modulum
792 3710 1085 3786 appropinquatiouis
1122 3727 1193 3769 suae
1225 3710 1262 3768 ad
1294 3709 1407 3785 Solem,
1442 3728 1495 3787 per
1526 3710 1676 3770 theorema
1710 3712 1739 3768 8.

387 3796 558 3873 Opticorum
582 3796 728 3870 lluclidis3
752 3795 832 3872 quod
854 3805 950 3855 tamen
974 3799 1004 3854 in
1028 3797 1154 3856 arcubus
1176 3800 1276 3873 parvis
1298 3806 1327 3857 et
1347 3815 1455 3874 magua
1470 3799 1610 3857 distamia
1632 3795 1759 3871 nullius¹

388 3892 434 3942 est
456 3886 613 3957 momenti,
638 3892 670 3942 ut
693 3886 721 3941 iu
745 3886 819 3943 meis
843 3881 957 3960 Opticis
980 3887 1077 3960 capite
1105 3888 1153 3944 11.
1176 3887 1287 3945 monui.
1331 3884 1390 3944 Sed
1414 3893 1459 3945 est
1481 3887 1541 3945 alia
1564 3902 1670 3962 causa,
1691 3902 1742 3943 cur

360 3968 363 3977 ’
386 3971 443 4031 boc
465 3988 608 4030 moneam.
654 3971 730 4032 Nam
753 3987 838 4030 arcus
861 3974 1013 4030 eccentrici
1044 3974 1121 4031 circa
1142 3972 1255 4032 medias
1279 3972 1441 4032 anomaliae
1469 3974 1662 4050 inspiciuntur
1685 3973 1740 4032 ob·

386 4058 467 4134 lique
490 4078 524 4118 ox
549 4066 649 4117 centro
673 4058 762 4137 Solis,
784 4075 860 4135 quae
884 4059 1045 4134 obliquitas
1068 4061 1173 4118 minuit
1196 4064 1386 4137 apparentiae
1409 4061 1651 4136 magnitudinem,
1675 4076 1741 4118 cum

386 4164 421 4206 ex
445 4146 570 4206 adverso
594 4163 678 4205 arcus
702 4148 777 4205 eirea
800 4145 919 4221 apsidas
943 4149 1089 4224 aspectui,
1114 4147 1197 4207 velut
1220 4151 1249 4206 iu
1272 4146 1343 4207 Sole
1366 4148 1529 4220 collocato,
1561 4147 1742 4222 objiciantur

387 4242 474 4293 recte.
521 4232 645 4308 Quando
669 4235 756 4309 igitur
779 4235 979 4292 eccentricitas
1003 4242 1048 4292 cst
1070 4234 1157 4311 valde
1180 4254 1303 4311 magna,
1329 4243 1398 4294 tunc
1420 4234 1598 4294 sensibiliter
1620 4241 1742 4294 nocetur

389 4323 569 4399 proportioni
592 4329 734 4395 motuum,
758 4322 783 4379 si
805 4329 915 4381 motum
938 4319 1065 4379 medium
1094 4320 1229 4380 diurnum
1256 4325 1319 4381 sine
1343 4321 1535 4382 diminutione
1558 4322 1742 4400 applicemus

388 4410 544 4468 distantiae
566 4409 720 4483 mediocri,
743 4409 829 4484 quasi
853 4410 878 4466 is
902 4425 936 4466 ex
961 4407 1099 4466 distantia
1122 4410 1260 4469 mediocri
1284 4404 1385 4468 tan'tus
1407 4418 1581 4486 appareret,
1614 4417 1741 4487 quantus

389 4505 443 4570 cst,
466 4505 498 4557 ut
520 4496 595 4557 inira
617 4499 646 4553 ln
669 4495 814 4555 Mercurio
843 4496 1007 4572 apparebit.
1055 4494 1140 4555 Haec
1163 4501 1262 4555 omnia
1290 4497 1432 4572 prolixius
1455 4497 1608 4555 traduntur
1633 4500 1664 4555 in
1688 4498 1740 4576 Ep.

372 4585 467 4644 -Astn
491 4584 711 4662 Copemicauae
733 4583 799 4642 Lib.
824 4582 868 4656 V,
900 4582 1020 4641 luerunt
1050 4590 1149 4642 autem
1177 4583 1226 4643 hic
1254 4587 1343 4643 etiam
1373 4585 1640 4656 commemoranda,
1671 4588 1742 4660 quia

389 4674 514 4732 attinent
535 4673 698 4747 ipsissimus
720 4673 858 4731 terminos
881 4669 1101 4729 harmoniarum
1124 4671 1312 4746 coelestium,
1335 4689 1386 4751 per
1408 4690 1441 4731 se
1464 4671 1596 4748 singulos
1619 4675 1740 4732 seorsim

388 4758 595 4820 consideratos.

475 4842 616 4927 Septimo.
661 4845 693 4905 Si
717 4846 860 4906 cultoris
884 4850 1038 4907 occurrant
1058 4846 1079 4903 ii
1102 4853 1200 4904 motus
1222 4842 1327 4922 diurni,
1350 4849 1400 4926 qul
1420 4864 1478 4907 uon
1495 4854 1637 4927 apparent
1658 4846 1742 4908 velut
1772 4866 1775 4869 ·
