3882 5862
384 424 447 484 444
850 421 1017 491 appendicis
1033 421 1257 477 Harmonicorum

383 599 524 658 concinna
553 595 701 656 dividatur
729 604 758 658 et
787 597 939 674 quaelibet
968 600 1171 662 denominetur
1200 619 1219 661 a
1248 619 1385 662 numero·
1401 601 1625 672 concinnorum,
1658 614 1731 675 quae

381 687 485 763 recipit
506 689 619 746 unitate
641 693 737 757 sucta,
761 688 831 761 quia
853 705 908 762 pro
930 689 1093 749 intervallis
1116 692 1254 750 terminos
1284 692 1395 750 unitate
1417 689 1515 766 plures
1538 703 1732 745 numeramus.

469 774 534 846 His,
557 775 664 848 inquis,
688 773 883 833 comiderntr's
904 793 987 835 more
1009 781 1195 852 peomctrieo.
1241 776 1458 853 Ogeometrae
1481 776 1657 847 concurrite,
1687 776 1732 831 iu·

383 862 497 937 quirite,
519 863 544 919 si
568 862 724 936 quisquam
746 878 762 920 e
784 870 882 920 vestro
906 879 1024 923 numero
1047 867 1093 934 sit,
1117 869 1167 941 qui
1190 854 1411 941 praecedentem
1426 864 1549 923 Roberti
1572 863 1732 921 orationem

382 947 535 1022 intelligat
582 949 685 1020 Putet,
714 951 838 1008 minora
860 952 1025 1010 intervella
1047 969 1106 1011 esse
1127 955 1286 1028 simplicio.
1332 952 1393 1012 Nee
1422 951 1479 1010 hoc
1505 958 1585 1028 patet
1613 966 1649 1008 ex
1678 950 1732 1007 tuis

382 1035 682 1107 considerationibus,
712 1051 766 1094 nee
788 1053 844 1111 ego
867 1040 973 1113 negavi
997 1055 1140 1115 unquam,
1169 1051 1283 1116 partem
1305 1039 1458 1098 formalem
1487 1056 1551 1097 esse
1573 1034 1732 1112 simplicio-

381 1140 442 1182 rem
464 1132 528 1182 toto
550 1140 621 1196 suo,
652 1121 704 1181 sed
726 1121 783 1180 boc
805 1122 906 1182 docui:
935 1121 1083 1201 simplices
1108 1126 1160 1187 has
1184 1136 1297 1205 partes,
1329 1145 1404 1203 quas
1427 1130 1571 1186 concinna
1602 1123 1732 1194 dicimus,

382 1220 446 1270 ortu
476 1214 651 1289 posteriores
681 1227 744 1269 esse
774 1214 973 1271 consonantiis
1002 1216 1090 1289 ipsis,
1121 1218 1162 1274 ita
1185 1225 1217 1273 ut
1246 1216 1471 1286 consonantiae,
1502 1229 1593 1271 causa
1615 1209 1734 1287 quidem

381 1317 453 1359 suae
476 1300 656 1374 quantitatis,
680 1314 738 1356 non
761 1314 851 1357 eausa
874 1298 1034 1375 qualitatis,
1058 1304 1086 1360 iu
1110 1301 1162 1362 illa
1184 1306 1328 1362 concinna
1350 1311 1456 1362 natura
1475 1300 1549 1360 duce
1564 1298 1732 1358 dissolvan-

383 1394 430 1445 tur
451 1403 503 1445 seu
528 1381 804 1464 distinguantur.·‘'‘')

469 1472 546 1547 Quid
570 1491 632 1548 ego
649 1489 727 1531 nunc
750 1471 845 1532 dicam
868 1472 904 1532 de
927 1476 1209 1550 sequentibus,.ubi
1234 1476 1327 1536 videri
1351 1476 1433 1549 dicis,
1457 1474 1534 1535 hauc
1556 1491 1621 1541 esse
1644 1468 1733 1532 ratio-

383 1577 450 1619 nem
474 1578 569 1619 meam
591 1559 791 1635 productionis
815 1562 1020 1620 concinnorum
1044 1580 1062 1622 a
1085 1567 1231 1638 consonis,
1257 1564 1336 1640 quod
1360 1564 1472 1622 scilicet
1495 1563 1602 1622 cubum
1625 1577 1734 1637 agnos·

383 1665 447 1711 cam
470 1651 690 1723 primigenium,
719 1647 808 1722 idque
829 1648 905 1707 libro
929 1649 965 1706 V.
1013 1650 1058 1707 An
1081 1661 1126 1710 est
1153 1651 1214 1710 ulla
1243 1654 1336 1728 magis
1366 1653 1468 1727 iniqua
1494 1652 1643 1726 perversio
1667 1665 1734 1706 ver-

346 1752 350 1761 ’
383 1738 499 1799 borum,
531 1737 627 1810 scopi,
663 1733 817 1793 methodi?
862 1734 939 1810 Quid
970 1738 1046 1795 cubo
1078 1757 1144 1798 curn
1175 1749 1239 1798 ortu
1274 1737 1505 1798 concinnorumi
1550 1735 1628 1811 Quid
1658 1735 1734 1793 libro

383 1839 447 1881 meo
471 1821 508 1895 V,
531 1825 580 1882 ubi
605 1825 745 1882 musicam
769 1824 796 1879 iu
821 1824 920 1883 coelos
944 1823 1063 1896 induco,
1092 1844 1157 1885 cum
1181 1827 1256 1885 libro
1279 1826 1340 1899 Ill,
1370 1827 1419 1884 ubi
1443 1827 1583 1884 musicam
1614 1841 1648 1882 ex
1674 1823 1734 1880 suis

383 1911 530 1987 principiis
552 1910 665 1986 gigno?
711 1906 847 1982 Omnino,
871 1910 1009 1985 Roberte,
1033 1914 1086 1971 tibi
1110 1916 1176 1990 quis
1200 1914 1298 1973 erodat
1320 1913 1508 1986 methodum,
1531 1913 1557 1970 si
1580 1913 1647 1987 quis
1671 1926 1734 1968 me·

383 1997 506 2057 tbodum
529 2001 603 2058 bene
626 2004 756 2056 curatam
780 1997 873 2057 velit?
918 1997 1001 2073 Quae
1024 2002 1113 2076 igitur
1136 2010 1166 2060 tu
1191 2011 1291 2061 contra
1307 2003 1450 2060 rationem
1471 1999 1548 2057 hanc
1571 1998 1646 2056 ialso
1661 1997 1733 2055 nribi

382 2087 518 2145 tributam
542 2086 683 2162 disputas,
708 2101 743 2143 ea
765 2088 930 2145 transmitto
954 2086 1022 2145 aliis
1044 2089 1231 2163 excutienda,
1257 2091 1366 2167 quippe
1390 2091 1426 2146 iis
1448 2086 1520 2146 mibi
1541 2102 1637 2163 neque
1659 2086 1734 2143 seri-

382 2181 429 2232 tur
450 2190 546 2248 neque
568 2176 694 2231 metitur.

470 2259 608 2336 Sequitur
630 2260 709 2319 linea
736 2258 784 2318 15.
808 2276 843 2317 ex
867 2275 954 2336 puro,
978 2268 1011 2319 ut
1034 2263 1086 2335 ais,
1111 2270 1231 2322 naturae
1253 2264 1333 2321 sonte
1350 2262 1540 2338 longissimus
1556 2258 1734 2319 inductionis

381 2348 461 2405 rivus
480 2365 532 2423 per
554 2356 612 2407 tres
634 2347 767 2422 paginus,
791 2347 875 2422 eujus
899 2349 994 2406 exitus
1017 2367 1082 2426 pag.
1105 2353 1163 2409 24:
1184 2351 1251 2427 fleri
1272 2354 1307 2408 in
1322 2344 1528 2411 mmonun'ts'is
1547 2348 1735 2423 propressio·

380 2452 450 2492 nem
472 2452 493 2493 u
514 2437 628 2494 minori
650 2433 692 2493 od
711 2435 825 2507 maius,
847 2451 912 2493 non
933 2454 953 2493 α
975 2438 1089 2509 mojori
1109 2437 1153 2496 od
1171 2442 1286 2498 minua

469 2518 507 2580 Ut
530 2523 617 2596 igitur
639 2540 657 2579 a
679 2520 866 2581 conclusione
889 2522 970 2597 prius
994 2525 1140 2600 incipiam,
1165 2526 1253 2585 velim
1277 2525 1501 2596 tememinisse,
1523 2522 1660 2595 Roberte,
1687 2537 1733 2579 me

381 2607 445 2681 hoc,
470 2609 550 2685 quud
572 2617 603 2668 tu
627 2607 784 2680 concludis,
808 2625 903 2685 neque
926 2625 1051 2681 negasse
1075 2629 1170 2688 neque
1192 2612 1371 2687 aifirmasser
1395 2610 1449 2671 sed
1471 2610 1529 2669 boc
1552 2609 1636 2683 dico,
1659 2622 1733 2667 con-

380 2699 541 2768 sonantias,
566 2699 759 2773 quantitatem
782 2696 936 2772 majorem,
961 2697 1072 2761 definiri
1095 2702 1194 2774 prius,
1218 2703 1362 2760 concinna
1384 2699 1557 2770 intervalla,
1581 2703 1615 2754 ut
1636 2713 1734 2772 quau-

381 2785 480 2843 titatas
503 2786 644 2857 minores,
679 2783 791 2842 definiri
815 2785 977 2860 posterius,
1008 2787 1122 2845 scilicet
1145 2805 1196 2863 per
1218 2790 1348 2864 ipsarum
1379 2786 1637 2847 consonantiarum
1660 2785 1736 2841 inter

381 2889 412 2931 se
436 2874 692 2948 comparationem.
739 2870 984 2945 Definiriaatem
1009 2872 1156 2934 hocloco
1179 2885 1224 2935 est
1247 2875 1340 2949 idem,
1372 2874 1452 2952 quod
1475 2874 1596 2933 iuduere
1624 2876 1734 2930 certam

312 2974 329 2987 ·
381 2960 571 3034 qualitatem,
600 2976 678 3036 quae
701 2961 738 3017 sit
760 2957 954 3033 jucunditatis
977 2962 1008 3019 in
1031 2961 1133 3021 auditu
1158 2979 1257 3026 causa.
1301 2961 1372 3022 Jam
1403 2969 1455 3021 tua
1476 2961 1528 3020 illa
1549 2959 1734 3018 ratiocinatio

381 3063 441 3105 non
464 3048 586 3106 reicitur
613 3046 649 3105 ad
674 3045 831 3122 qualitates
855 3046 958 3120 basce,
991 3050 1042 3107 sed
1074 3049 1191 3109 adhoc
1221 3050 1332 3109 solum:
1367 3052 1392 3108 si
1420 3049 1496 3108 dirae
1519 3045 1645 3107 chordae
1677 3047 1735 3103 sint

381 3134 546 3209 aequaliter
569 3144 668 3193 terrase
691 3149 850 3209 carumque
873 3132 966 3193 altera
989 3144 1073 3197 sonet
1095 3137 1262 3197 invariabili
1283 3153 1366 3207 sono,
1389 3137 1502 3211 reliqua
1524 3132 1735 3209 interpulsan·

383 3220 454 3281 dum
478 3226 645 3285 sumcesaive
667 3223 814 3279 minuatur
835 3219 926 3300 (quod
949 3232 995 3282 est
1017 3230 1116 3305 nemina
1145 3222 1399 3301 quantitativum),
1432 3232 1501 3285 tunc
1523 3220 1657 3299 quidem,
1689 3219 1735 3278 bis

382 3312 497 3385 positis,
524 3327 625 3370 verum
649 3316 708 3381 est,
732 3310 846 3366 transiri
870 3311 969 3367 omnia
989 3312 1109 3370 minima
1133 3312 1287 3372 intervalla
1310 3315 1461 3384 concinna,
1488 3313 1656 3389 priusquam
1681 3324 1735 3365 re·

382 3400 482 3457 niatur
505 3397 542 3455 ad
566 3399 681 3456 tertiam
703 3396 859 3465 minorem,
891 3406 1035 3472 quaeest
1063 3401 1183 3458 minima
1206 3402 1469 3459 consonantiarum.
1516 3398 1556 3456 At
1585 3397 1610 3453 si
1634 3411 1735 3454 casum

383 3483 492 3560 fingere
515 3483 597 3558 licet,
628 3483 735 3557 fingam
760 3499 815 3559 ego
839 3487 1029 3545 contrarium:
1057 3504 1154 3562 nequo
1181 3490 1257 3546 euim
1280 3490 1375 3553 minus
1398 3487 1505 3564 poterit
1533 3483 1625 3543 altera
1647 3481 1735 3541 chor·

383 3571 485 3632 darum
508 3573 675 3633 sonantium
698 3573 787 3630 etiam
809 3574 910 3646 augeri
933 3577 1109 3648 successive,
1134 3576 1217 3634 initio
1242 3576 1319 3634 iacto
1342 3593 1361 3634 a
1382 3582 1500 3649 puncto,
1525 3568 1652 3630 chordae
1675 3580 1735 3627 ter-

382 3663 476 3735 mino;
507 3677 566 3737 quo
589 3661 685 3736 posito
707 3669 860 3741 sequetur,
891 3667 924 3743 ut
953 3663 1101 3720 minimum
1131 3664 1338 3722 concirmorum
1367 3660 1469 3719 ultimo
1501 3660 1631 3717 omnium
1662 3673 1734 3715 con·

383 3747 504 3808 ficiatur.
549 3748 653 3824 Neque
676 3754 772 3806 tamon
797 3748 924 3819 interest,
949 3764 1044 3824 neque
1066 3749 1114 3809 hic
1136 3767 1231 3826 neque
1254 3750 1323 3822 illic,
1339 3748 1418 3825 ,quid
1433 3748 1478 3806 bis
1489 3747 1594 3823 positis
1617 3743 1735 3803 ensibus

382 3837 492 3912 primo,
517 3835 588 3912 quid
612 3834 714 3892 ultimo
739 3836 859 3907 existat,
890 3834 941 3895 sed
965 3835 1113 3910 quodnam
1136 3855 1250 3911 eorum,
1279 3854 1356 3913 quae
1379 3837 1522 3907 esistunt,
1553 3834 1591 3891 ab
1615 3832 1735 3891 auribus

382 3923 561 4001 approbetur
592 3939 644 3981 seu
673 3929 706 3978 ut
737 3924 909 3982 concinnum
942 3926 1057 4007 ‘secut
1080 3941 1256 3997 consonum,
1288 3924 1345 3983 hoc
1372 3926 1501 3982 interest.
1546 3919 1613 3979 Hoc
1646 3921 1734 3978 etiam

383 4014 511 4083 interest,
535 4019 568 4069 ut
589 4026 774 4085 quaeramus,
799 4028 886 4086 quam
912 4011 950 4069 ob
974 4028 1092 4071 causam
1116 4030 1201 4071 aures
1224 4022 1256 4071 ut
1279 4014 1420 4071 concinna
1443 4009 1606 4087 approbent
1628 4024 1663 4066 er
1686 4007 1735 4062 in·

382 4098 513 4158 torvaliis
542 4096 643 4157 ordine
673 4097 889 4169 emergentibus
917 4098 967 4158 illa
997 4102 1182 4176 potissimum
1217 4118 1305 4176 quam
1332 4103 1404 4176 ista,
1435 4106 1464 4156 et
1487 4094 1605 4172 quade
1628 4110 1734 4166 causa3

381 4204 452 4244 num
475 4186 514 4244 ob
537 4201 733 4245 consonorum
757 4188 1013 4261 comparationem,
1037 4206 1090 4247 scu
1114 4191 1184 4264 quia
1207 4198 1275 4246 sunt
1293 4204 1429 4247 excessus
1453 4201 1646 4243 consonorum
1670 4197 1735 4238 ma-

379 4274 477 4350 J'orum
500 4290 589 4349 supra
611 4288 742 4332 consona
765 4276 892 4346 minora,
915 4283 948 4333 ut
970 4294 1025 4351 ego
1049 4275 1131 4350 dieo,
1155 4294 1192 4334 an
1216 4277 1253 4336 ob
1277 4291 1381 4334 causas
1404 4272 1533 4348 aliquas,
1567 4287 1644 4347 quae
1667 4276 1735 4328 sunt

382 4362 562 4438 antiquiores
585 4361 657 4435 ipsis
680 4364 833 4434 consonis,
857 4379 930 4438 quas
956 4372 984 4421 te
1008 4364 1136 4421 nondum
1159 4366 1308 4423 iuvenisse
1331 4370 1439 4420 certum
1463 4366 1516 4418 est.

469 4447 539 4508 Jsm
563 4446 641 4521 quod
666 4446 863 4521 inductionem
887 4451 982 4525 ipsam
1005 4453 1110 4511 attinet
1133 4448 1168 4510 de
1190 4452 1286 4519 sonis,
1318 4451 1373 4508 etsi
1395 4446 1518 4506 multum
1541 4453 1574 4505 tu
1597 4444 1734 4504 tenebra-

381 4552 446 4594 rum
470 4543 500 4596 et
521 4535 703 4595 locutionum
727 4538 930 4612 ambiguarum
953 4538 1071 4612 ingeris,
1094 4537 1166 4595 illud
1182 4545 1278 4598 tamen
1302 4537 1412 4613 passim
1435 4552 1470 4594 ex
1490 4536 1526 4591 iis
1548 4531 1645 4593 elucet
1666 4529 1735 4608 pui-

382 4621 483 4682 cbrum
507 4630 536 4682 et
559 4621 792 4684 consideratione
816 4624 936 4699 dignum
959 4624 1119 4699 problema,
1144 4643 1220 4701 quae
1235 4627 1273 4684 sit
1295 4634 1398 4682 natura
1413 4637 1550 4680 sonorum
1574 4622 1602 4678 iu
1618 4634 1734 4695 genere,

382 4709 454 4786 quid
477 4725 582 4786 sonus,
614 4726 691 4785 quae
714 4728 805 4771 causa
828 4713 970 4772 acuminis
994 4720 1023 4770 et
1044 4713 1199 4788 gravitatis
1227 4729 1279 4789 per
1302 4728 1403 4771 omnes
1425 4711 1591 4768 sonantium
1617 4708 1733 4766 formas.

382 4796 513 4855 Materia
537 4795 759 4873 disceptationis
783 4808 828 4858 est
849 4799 980 4876 physica,
1003 4801 1152 4875 pertinens
1175 4799 1212 4859 ad
1235 4798 1365 4859 libellum
1390 4796 1556 4856 Aristotelis
1580 4794 1616 4853 de
1640 4793 1735 4852 Audi·

384 4881 493 4942 bilibus
521 4882 618 4960 adque
651 4892 793 4961 cognatas
823 4886 888 4962 ejus
917 4885 1132 4963 problematum
1161 4890 1316 4947 sectiones.
1361 4884 1419 4944 Hic
1448 4883 1541 4943 multa
1576 4890 1673 4942 esseut
1705 4880 1734 4937 in
