3882 5862
333 371 396 433 380
846 367 995 426 Ptolemaei
1012 367 1165 426 Harmonia

334 543 423 603 idua
440 543 628 601 mundantur
645 543 708 612 (nbi
730 543 815 614 inira,
843 546 889 600 ubi
914 545 949 601 de
973 543 1086 614 singulis
1112 543 1202 614 agitur
1218 543 1350 614 planetis,
1372 544 1434 614 ipsa
1455 542 1573 600 intensio
1589 548 1683 600 motus

332 622 476 693 cujusque)
499 621 698 693 comparandus
722 629 766 679 est
789 624 955 681 successioni
978 638 1120 692 sonorum,
1145 622 1260 693 primum
1278 620 1388 692 quidem
1410 629 1439 679 et
1456 625 1565 695 proprie
1589 624 1623 679 ab
1640 627 1682 681 in·

333 703 409 760 iiuito
432 702 555 758 acumine
577 717 684 772 semper
702 718 797 760 versus
819 704 944 772 graviora
964 703 1104 772 usquead
1127 702 1327 772 gravissimum,
1350 702 1395 770 qui
1418 708 1510 758 tamen
1532 719 1593 759 enm
1611 719 1681 763 sono

332 783 417 840 totius
436 780 556 837 chordae
573 781 665 838 iaciat.
674 782 806 852 diapason
824 798 919 839 versus
938 790 1061 853 acutum,
1081 782 1144 836 indc
1162 782 1259 836 iterum
1275 795 1370 836 uersus
1387 786 1469 836 acuta
1485 781 1513 836 in
1530 782 1680 861 infinitum3

336 867 364 915 et
381 856 435 917 h'oc
452 859 561 930 quidem
580 861 792 930 comparandum
809 869 948 933 segmento
967 862 1061 918 circuli
1080 879 1097 918 a
1114 861 1220 916 duabus
1238 859 1326 915 stellis
1343 860 1500 932 intercepti,
1516 863 1591 933 quod
1608 878 1681 918 cres·

334 940 372 996 cit
389 955 406 996 a
423 939 532 995 minimo
550 939 586 994 ad
603 940 765 997 semicirculi
782 944 995 1010 magnitudinem
1011 942 1093 1010 inque
1111 940 1238 1010 opposita
1254 938 1347 994 chcull
1363 945 1442 1008 parte
1459 940 1557 997 iterum
1574 942 1681 997 annihi-

333 1020 418 1089 latur;
444 1016 543 1075 deinde
561 1033 625 1074 vero
644 1029 672 1076 et
689 1020 712 1074 si
729 1025 805 1075 totus
822 1020 938 1077 circulus
956 1035 1063 1076 rursum
1081 1024 1254 1088 comparetur
1269 1031 1337 1072 sono
1354 1017 1526 1088 gravissimo,
1544 1035 1683 1091 compara·

333 1100 408 1155 bitur
424 1099 478 1155 ista
494 1099 630 1168 separatio
648 1100 775 1168 planetae
793 1101 872 1157 unius
890 1101 925 1157 ab
947 1100 1001 1157 alio
1018 1115 1073 1155 nou
1091 1104 1219 1169 respectu
1236 1098 1368 1166 segmenti
1389 1097 1544 1169 intercepti,
1571 1099 1620 1155 sed
1637 1115 1681 1156 re·

247 1207 252 1211 ·
333 1185 429 1248 speetu
446 1177 549 1233 residui
565 1179 593 1234 in
611 1179 720 1248 circulo,
739 1181 824 1236 motui
842 1182 916 1237 cocis
934 1198 951 1237 a
969 1180 1127 1250 gradssima
1150 1192 1244 1232 versus
1261 1176 1410 1231 acutiorem
1430 1193 1518 1248 usque
1534 1179 1569 1233 ad
1587 1177 1681 1248 diapa-

332 1274 395 1328 son,
421 1256 484 1314 inde
502 1257 598 1314 iterum
618 1274 711 1314 versus
729 1261 852 1327 grauiora
869 1275 956 1330 usquc
974 1259 1008 1315 ad
1027 1273 1121 1313 rocem
1138 1256 1282 1323 initialem,
1306 1254 1450 1323 quiscum
1470 1256 1598 1327 planetae
1615 1266 1681 1314 suut

328 1338 430 1407 iuncti,
455 1352 519 1407 pars
541 1339 692 1409 intercepta
716 1338 809 1393 circuli
836 1346 878 1393 est
901 1337 981 1410 nihil,
1005 1355 1070 1410 pars
1087 1337 1261 1392 residuaacst
1277 1337 1337 1405 ipse
1354 1342 1428 1391 totns
1451 1335 1581 1404 dmrrlm,
1607 1354 1680 1407 qnae

333 1417 464 1487 paulatim
482 1423 639 1474 attenuatur
656 1434 744 1488 usque
771 1419 806 1474 ad
823 1419 976 1487 dimidium
999 1426 1065 1474 tunc
1084 1417 1155 1472 enim
1178 1416 1296 1485 planetis
1323 1416 1358 1470 ab
1377 1413 1549 1484 oppositione
1565 1417 1679 1473 tenden-

332 1495 406 1565 tibus
423 1494 459 1551 ad
478 1496 709 1565 conjunctionem.
728 1513 791 1566 pars
809 1496 919 1552 residua
936 1499 1035 1568 migrat
1051 1497 1079 1550 in
1098 1495 1254 1566 oppositum
1271 1495 1424 1561 iterumque
1441 1499 1569 1565 augetur,
1593 1511 1681 1564 usque

256 1626 262 1631 .
333 1575 397 1630 dum
415 1574 464 1631 fiat
480 1578 554 1629 totus
573 1574 698 1631 circulus.
736 1575 828 1630 Sexto.
864 1577 926 1630 dam
944 1575 1087 1631 discrimen
1105 1587 1154 1626 seu
1166 1570 1350 1640 discrepantia
1360 1569 1525 1627 indicaretur
1536 1573 1681 1643 utriusque

333 1659 505 1723 comparatae
528 1653 568 1708 rei
585 1653 652 1723 ista,
681 1654 753 1724 quod
777 1656 913 1724 separatio
938 1655 1107 1724 planetarum
1126 1654 1160 1707 ab
1179 1651 1291 1706 invicem
1310 1649 1396 1720 [iufra
1418 1651 1500 1707 etiam
1517 1652 1633 1708 intensio
1652 1659 1681 1708 et

332 1733 454 1790 remissio
472 1737 561 1788 motus
578 1732 759 1803 singulorum)
778 1735 814 1788 sit
832 1734 974 1802 continua,
999 1741 1095 1789 cantus
1113 1747 1176 1787 vero
1194 1730 1332 1786 saltuatim
1353 1730 1463 1785 incedat
1479 1744 1529 1799 per
1546 1729 1680 1786 discretos

333 1827 429 1880 sonos,
456 1827 488 1866 ac
506 1812 529 1865 si
548 1811 591 1865 vel
608 1826 692 1866 sonus
710 1811 853 1868 eliceretur
870 1828 904 1867 ex
922 1812 1025 1868 chorda
1047 1811 1176 1866 continue
1192 1809 1297 1862 minuta
1320 1807 1362 1862 rel
1381 1814 1475 1873 aucta,
1500 1814 1532 1864 ut
1547 1807 1580 1864 dt
1597 1811 1679 1865 inter·

266 1922 295 1955 ⁴.
333 1892 397 1947 dum
418 1891 447 1947 in
470 1889 559 1945 nervis
581 1890 734 1959 pandorus,
761 1906 823 1946 oum
846 1892 956 1947 sinister
979 1891 1080 1961 (11311111
1104 1890 1233 1947 chordam
1257 1896 1372 1958 tangens
1396 1894 1520 1942 movetur
1550 1893 1579 1941 et
1600 1888 1680 1944 simul

335 1969 433 2024 dextra
449 1982 545 2037 manus
562 1983 656 2024 arcum
674 1976 702 2024 et
718 1975 805 2026 setam
823 1985 873 2039 per
890 1971 1018 2026 chordam
1036 1971 1128 2035 trahit,
1146 1977 1194 2025 aut
1211 1975 1242 2023 ut
1253 1969 1294 2036 fit,
1312 1983 1374 2023 cum
1385 1966 1505 2021 chordae
1517 1966 1559 2020 vel
1572 1967 1681 2024 fistulae

333 2049 361 2104 ln
384 2049 512 2104 continua
536 2048 660 2104 leudone
682 2059 837 2117 vomuntur,
861 2050 969 2106 interim
987 2051 1105 2113 sonitum
1129 2047 1172 2104 sui
1189 2051 1321 2118 perpetuo
1339 2044 1497 2101 dissimilem
1515 2045 1613 2113 edunt,
1637 2048 1681 2103 vel

333 2143 366 2184 ao
383 2126 407 2183 si
424 2142 441 2182 e
458 2126 592 2182 connario
611 2125 692 2197 plane
710 2145 728 2183 a
744 2129 890 2183 semisexto
908 2128 1034 2185 tardioris
1052 2127 1179 2198 planetae
1197 2127 1287 2181 subito
1301 2125 1415 2181 saltaret
1432 2125 1467 2180 ad
1486 2125 1599 2181 dealem
1611 2127 1679 2197 ejus,

333 2206 397 2261 inde
413 2204 449 2260 ad
466 2205 603 2275 sextilem,
630 2222 685 2261 non
703 2208 814 2263 veniens
831 2208 866 2262 ad
885 2207 985 2277 gradm
1002 2206 1191 2269 intermedius,
1218 2212 1266 2260 aut
1284 2220 1317 2261 ac
1335 2204 1357 2260 si
1375 2204 1516 2260 celerrimo
1534 2214 1609 2261 motu
1627 2215 1681 2264 tra

327 2284 425 2354 jicsret
449 2284 500 2339 hos
525 2300 606 2340 arcas
627 2284 815 2354 intermedius,
850 2288 878 2341 in
902 2286 970 2357 ipsis
996 2301 1060 2340 vero
1085 2284 1242 2353 aspectibus
1267 2282 1431 2352 aliquamdiu
1455 2284 1616 2341 subsisteret
1632 2286 1680 2341 im-

333 2363 449 2419 mobilis.
485 2363 588 2419 Similia
605 2363 640 2420 de
657 2365 810 2420 intensione
834 2372 862 2418 et
878 2365 1037 2422 remissione
1059 2362 1213 2434 cogitanda.
1250 2363 1294 2418 Sic
1315 2364 1386 2418 enim
1409 2369 1437 2418 et
1454 2361 1528 2418 vocis
1550 2378 1681 2421 aseensus

333 2441 367 2495 ab
385 2456 440 2496 uno
459 2442 591 2497 concinno
609 2442 644 2498 ad
663 2442 736 2499 eliud
753 2443 781 2497 in
799 2436 935 2499 momento
953 2444 993 2513 fit,
1012 2458 1062 2499 uec
1083 2443 1130 2497 illc
1147 2448 1237 2497 motus
1256 2442 1373 2497 sonitum
1398 2440 1511 2509 emittit3
1535 2446 1564 2496 at
1580 2441 1628 2496 ubi
1645 2443 1681 2499 ad

333 2521 423 2576 locum
447 2519 608 2575 concinnum
631 2522 718 2591 venit,
743 2522 799 2591 jam
820 2523 848 2576 in
873 2538 905 2576 eo
928 2529 1005 2579 tanto
1029 2530 1152 2591 ternpore
1169 2522 1339 2585 immoratur,
1364 2519 1534 2588 aequabilem
1556 2520 1681 2576 emittens

336 2613 439 2663 sonum,
457 2606 587 2667 quantum
606 2600 730 2656 varietati
748 2608 776 2656 et
793 2603 936 2672 quantitati
954 2609 1080 2659 notarum
1103 2599 1270 2671 singularum
1292 2598 1453 2669 praeseribit
1470 2597 1613 2669 rhythmus
1632 2615 1681 2656 seu

335 2682 435 2731 tactus.
471 2674 595 2747 Inferius,
613 2678 661 2733 ubi
678 2679 714 2735 de
730 2680 942 2750 planetariorum
962 2687 1082 2736 motuum
1100 2677 1297 2745 intersionibus
1318 2684 1347 2731 et
1364 2676 1567 2733 remissionibus
1584 2677 1681 2747 agitur,

333 2748 397 2802 loca
418 2747 573 2817 systematis
596 2750 727 2807 concinna
751 2750 880 2806 definient
896 2752 1022 2821 planetae
1040 2758 1163 2805 motuum
1181 2757 1362 2805 extremorum
1383 2748 1559 2803 diuturnitate
1577 2755 1605 2805 et
1622 2764 1685 2803 con·

333 2826 441 2892 stantia,
459 2843 520 2882 cum
537 2828 711 2885 intermedius
730 2830 855 2886 celeriter
873 2829 1042 2899 pervolitant.
1080 2828 1212 2898 Septimo.
1240 2828 1317 2883 Sicut
1329 2833 1419 2883 motus
1431 2826 1478 2881 ille
1496 2828 1569 2882 vocis
1582 2828 1682 2885 surdus

333 2905 367 2960 ab
385 2921 440 2961 uno
458 2907 573 2962 artenao
591 2907 692 2963 cuculo
711 2908 746 2963 ad
764 2908 859 2978 adum,
884 2916 932 2964 aut
951 2909 1049 2979 plectri
1057 2908 1287 2981 xplectrorumque
1305 2907 1332 2962 in
1350 2904 1409 2976 lyra
1426 2912 1455 2961 et
1473 2907 1596 2977 organis,
1614 2907 1681 2977 digi-

334 2993 421 3043 torum
438 2987 467 3041 in
483 2987 622 3043 testudine
639 2993 667 3043 et
683 2987 808 3058 pandura
826 2989 861 3043 ab
880 3003 934 3042 uno
952 2988 1011 3042 loco
1029 2985 1147 3059 chordae
1164 2987 1199 3042 ad
1211 2986 1302 3056 alium,
1321 2985 1399 3055 sicut,
1417 2986 1536 3056 inquam,
1555 3001 1585 3042 se
1598 2987 1683 3044 habet

333 3064 378 3119 bic
394 3072 485 3121 motus
502 3064 545 3119 vel
563 3064 648 3121 saltus
666 3065 702 3121 ad
720 3066 936 3135 percussionem,
962 3081 1033 3136 quae
1056 3066 1089 3122 fir
1104 3066 1222 3137 plectro,
1240 3066 1275 3122 ad
1294 3065 1508 3135 asperationem,
1532 3081 1603 3134 quae
1621 3072 1682 3123 seta

341 3161 430 3216 meus,
455 3146 540 3200 etsie
562 3144 596 3200 ad
615 3146 819 3214 expressionem
841 3144 909 3199 clari
927 3146 988 3201 soni
1010 3145 1038 3200 iu
1056 3145 1169 3215 singulis
1193 3160 1307 3216 asperae
1325 3143 1441 3200 arteriae
1458 3143 1566 3201 circulis
1588 3146 1681 3201 autin

334 3222 447 3292 singulis
474 3223 583 3280 chordis
607 3224 807 3300 immorantem,
840 3224 879 3277 sic
904 3240 1047 3293 possemus
1073 3224 1164 3280 dicere
1190 3238 1220 3280 se
1245 3223 1347 3278 hahere
1367 3218 1550 3278 cessationem
1579 3223 1682 3279 stimuli

334 3301 423 3371 hunus,
441 3307 572 3370 quaeest
589 3317 638 3370 per
656 3308 728 3358 totos
745 3317 825 3359 arcus
843 3301 1000 3371 aspectibus
1018 3302 1183 3372 interiectos,
1200 3302 1235 3358 ad
1252 3303 1436 3372 operationem
1455 3316 1505 3357 sen
1522 3300 1681 3373 efficaciam,

333 3395 403 3449 quae
421 3381 555 3449 sequitur,
573 3379 684 3450 planeta
701 3380 729 3434 in
747 3386 888 3448 aspectum
905 3379 1054 3436 incedente.
1113 3407 1118 3417 ·

403 3460 541 3530 Denique,
570 3459 635 3528 quia
653 3457 711 3527 jam
729 3458 797 3521 haec
815 3460 984 3529 comparatio
1002 3459 1125 3526 linietur,
1149 3460 1303 3516 addendum
1320 3468 1371 3530 est,
1389 3459 1462 3529 quod
1480 3459 1613 3515 hactenus
1631 3461 1685 3518 luit

245 3531 249 3545 “
335 3539 448 3596 dilatum
469 3548 497 3596 et
514 3540 562 3607 iis,
588 3554 658 3608 quae
684 3537 780 3594 ultimo
807 3539 880 3595 dicta
902 3540 947 3595 hic
971 3547 1049 3609 sunt,
1076 3540 1223 3610 praecipue
1246 3539 1335 3596 lucem
1363 3538 1457 3608 affert,
1484 3536 1556 3606 quod
1582 3538 1688 3597 scilicet

335 3627 392 3676 totu
410 3635 510 3689 genere
528 3619 636 3676 differat
660 3635 754 3675 amea
772 3620 948 3690 philosophia
965 3620 1145 3675 Ptolemaeus.
1181 3619 1251 3675 Nam
1273 3618 1320 3672 ille
1338 3626 1462 3674 versatur
1483 3617 1512 3670 in
1530 3630 1581 3670 sna
1597 3616 1683 3688 hypo·

333 3698 413 3764 thesi,
432 3705 600 3760 ostensurus,
619 3698 693 3768 qnod
711 3699 869 3755 harmonica
886 3699 1118 3770 comparationum
1135 3699 1232 3756 harum
1249 3697 1427 3755 fundamenta
1438 3700 1585 3767 propterea
1601 3696 1685 3756 insint
1790 3730 1798 3735 ·

335 3776 424 3845 coelo,
451 3778 516 3846 quia
532 3777 561 3832 id
585 3779 622 3833 sit
639 3778 846 3847 praestantioris
873 3786 993 3834 naturae.
1030 3778 1090 3848 Ego
1108 3793 1172 3833 sero
1190 3776 1265 3847 dicu,
1291 3776 1448 3833 harmonica
1464 3776 1519 3831 ista
1540 3782 1694 3851 proptereau

333 3856 520 3914 tautummodo
546 3857 659 3926 reperiri
682 3858 709 3912 in
734 3857 952 3927 separationibus
975 3856 1146 3931 planetarum
1169 3856 1352 3926 abinvicem,
1379 3855 1445 3925 quia
1461 3856 1530 3911 haee
1547 3858 1684 3924 separatio

335 3942 425 3992 motus
443 3935 538 3991 loculis
556 3942 599 3991 est
615 3935 779 4004 conficitque
798 3942 900 3991 certam
917 3935 1034 4004 aliquam
1053 3934 1263 4005 longitudinem,
1285 3940 1353 4005 puta
1370 3936 1464 3992 cirouli
1481 3937 1584 3995 zodiaci
1602 3954 1685 4011 appa·

333 4022 433 4073 tenter.
469 4014 529 4084 ille,
547 4014 571 4069 si
589 4020 678 4069 ortum
697 4013 790 4069 muudi
807 4014 949 4083 receperit,
967 4012 1122 4081 contendet,
1140 4013 1269 4082 singulari
1286 4012 1377 4069 studio
1389 4015 1560 4077 introductas
1577 4019 1606 4073 in
1623 4033 1685 4072 eum

334 4097 385 4152 has
402 4095 601 4165 proportiones.
621 4110 671 4164 ego
690 4109 759 4162 uego
777 4093 907 4163 possibile
924 4091 1020 4156 luisse,
1044 4099 1075 4146 ut
1093 4092 1311 4155 excluderentur,
1330 4090 1394 4146 data
1411 4095 1494 4149 semel
1512 4095 1687 4166 separatione

334 4174 504 4243 planetarum
528 4174 556 4229 in
579 4172 698 4243 longum,
722 4172 791 4227 adeo
813 4177 844 4227 nt
867 4173 922 4229 sint
943 4171 1052 4227 soboles
1077 4172 1247 4233 necessitatis
1264 4171 1411 4228 materialis
1430 4173 1467 4242 (id
1487 4181 1531 4230 est
1552 4174 1685 4232 hocloco

333 4251 553 4321 quantitativae),
573 4267 627 4306 non
646 4250 759 4307 consilii.
796 4249 845 4305 Ille
864 4257 953 4320 putat,
972 4249 1038 4319 ipsis
1057 4250 1139 4305 etiam
1157 4251 1314 4308 coelestium
1333 4267 1477 4321 corporum
1492 4252 1589 4309 formis
1607 4268 1685 4322 prse-

334 4330 439 4385 sidibus
456 4330 552 4387 insitas
571 4345 631 4386 esse
649 4329 813 4402 harmonias,
832 4331 896 4399 quia
914 4336 1030 4386 testetur
1048 4330 1230 4400 experientia,
1249 4330 1341 4385 radios
1358 4344 1452 4385 eorum
1470 4332 1545 4388 uelut
1562 4334 1637 4401 ipsos
1655 4348 1686 4388 se

334 4409 400 4479 ipsis
425 4425 481 4465 nun
506 4408 586 4464 aliter
610 4409 736 4465 efficaces
762 4425 835 4479 csse,
862 4425 942 4479 quam
967 4407 1121 4477 harmonice
1140 4415 1332 4477 coamentem
1361 4423 1411 4478 ego
1432 4424 1514 4481 nego,
1540 4418 1687 4481 propterea

333 4488 401 4558 ipsis
419 4488 579 4544 coelestium
599 4487 693 4543 formis
711 4488 808 4544 insitas
825 4488 935 4558 probari
954 4488 1122 4557 harmonias,
1141 4487 1205 4557 quia
1223 4487 1388 4557 operationis
1406 4488 1478 4560 ejus,
1497 4506 1568 4560 quae
1585 4490 1686 4560 allega·

334 4576 379 4622 tur
396 4569 432 4624 ab
449 4567 628 4638 experientia,
647 4568 782 4638 principia
799 4566 913 4623 ostendo
933 4566 1003 4637 alia,
1026 4568 1130 4623 animas
1147 4566 1318 4637 sublunares,
1343 4568 1596 4639 congruentiorem,
1615 4584 1687 4639 quae

334 4646 494 4716 contingunt
516 4644 545 4700 iu
567 4645 638 4701 binis
660 4645 832 4714 planetarum
859 4645 957 4715 radiis,
985 4644 1182 4701 observatrices
1205 4653 1233 4701 et
1249 4646 1447 4718 perceptriceu,
1476 4646 1576 4716 quibus
1593 4648 1685 4715 etiam,

334 4724 441 4794 quoties
459 4724 633 4797 contingunt,
657 4726 684 4779 iu
701 4724 831 4796 operibus
849 4725 906 4780 suis
925 4722 1130 4793 sublunaribus,
1153 4724 1183 4781 iu
1201 4739 1313 4781 suorum
1334 4725 1444 4795 inquam
1468 4740 1611 4794 corporum
1629 4740 1686 4781 mo·
