3882 5862
396 376 460 437 aro
823 443 827 450 ,
913 368 1062 430 enimc
1079 370 1233 435 nauata

395 540 524 608 mentum.
559 548 611 605 Est
633 560 699 603 saue
718 549 868 604 communis
892 549 1021 618 utrinque
1038 557 1141 617 notus,
1163 551 1213 607 sed
1237 550 1264 606 id
1282 550 1335 607 boc
1353 551 1519 624 discr‘mine,
1544 564 1576 611 ut
1592 555 1640 613 ille
1656 559 1684 613 iu
1701 574 1747 615 ex·

394 626 542 699 primendia
565 623 701 682 sonitibus
724 626 833 681 incedat
855 627 1006 689 saltuatim,
1032 626 1061 681 iu
1076 628 1213 687 sideribus
1235 632 1272 685 sit
1289 633 1443 689 continuus.
1479 634 1568 690 Multo
1584 635 1668 705 igitar
1684 653 1747 692 enn-

394 708 500 764 cinnius
519 713 715 774 componentur
733 712 829 761 cantus
848 721 909 761 cum
927 706 1036 761 incessu
1054 708 1172 767 hnmano
1190 708 1343 778 graduum,
1361 728 1522 779 quamnam
1540 721 1615 767 motu
1632 714 1746 783 adonius

394 788 499 849 sideris.
535 783 616 855 Quod
633 802 696 841 vero
716 785 889 840 Ptolemaeus
907 801 942 839 ex
960 801 992 840 eo
1012 786 1065 843 vina
1083 786 1210 853 intendit,
1236 787 1309 856 qaod
1326 797 1417 844 motus
1434 790 1531 847 localia
1551 792 1695 862 utrobique
1712 796 1747 848 sit

393 864 477 935 solus,
494 866 523 922 id
541 880 650 924 rursum
667 867 747 934 longe
764 864 879 932 petitum
897 865 1041 932 minusque
1058 863 1187 934 mumulo
1203 872 1246 922 est
1263 875 1451 935 argumentum
1469 871 1679 940 comparationis
1697 888 1747 927 nec

394 948 448 1002 vim
466 945 550 1003 ullam
567 945 659 1001 habet.
695 944 764 999 Nam
782 949 903 997 autnon
923 944 1110 1000 est'absolntc
1126 960 1219 1000 rernm
1242 944 1277 999 de
1293 945 1451 1003 limmonlcc
1472 957 1561 1017 motu,
1587 957 1636 1005 aut
1653 951 1681 1005 in
1699 951 1746 1007 illo

393 1025 452 1082 solo
469 1041 523 1081 non
535 1032 586 1094 est,
605 1040 656 1079 nec
667 1038 718 1093 pro
731 1036 760 1076 re
772 1019 882 1075 coelesti
901 1021 995 1077 haberi
1015 1024 1104 1091 debet,
1122 1039 1184 1079 cnm
1201 1023 1238 1080 sit
1256 1024 1366 1095 vulgare
1384 1026 1418 1081 de
1435 1027 1528 1083 multis
1545 1027 1678 1085 localibus
1689 1045 1745 1085 mn

393 1106 475 1162 tibin.
510 1104 580 1172 Quid
599 1104 673 1172 quod
691 1115 780 1170 neque
797 1101 832 1156 de
850 1099 927 1155 coelo
946 1109 1049 1157 certum
1068 1112 1119 1172 est,
1137 1110 1228 1158 motus
1240 1102 1359 1158 siderum
1377 1105 1480 1161 locales
1497 1105 1600 1162 nnllam
1617 1108 1747 1177 consequi

393 1181 590 1239 attentionem.
627 1182 707 1236 Certe
723 1185 827 1235 motum
838 1179 927 1255 ,unias
944 1178 1054 1249 sideris,
1073 1189 1104 1235 nt
1122 1182 1273 1250 copemico
1291 1181 1394 1251 planet,
1413 1183 1532 1240 Telluris
1550 1200 1660 1255 nempe,
1684 1203 1746 1241 con·

393 1262 516 1331 nequitur
534 1259 693 1315 vicissitudo
711 1260 825 1314 aestatis
843 1265 872 1313 et
889 1257 994 1313 hiemis.
1031 1260 1102 1315 Esse
1120 1268 1148 1315 et
1165 1261 1192 1315 in
1212 1261 1317 1330 reliquo
1334 1261 1411 1317 coelo
1429 1262 1611 1333 alterationes,
1630 1272 1748 1333 arguam

394 1339 516 1397 maculae
533 1336 618 1407 Solis,
645 1346 767 1394 camene
791 1343 819 1391 et
841 1336 908 1405 alis,
932 1338 1079 1407 incertum,
1105 1355 1140 1394 an
1164 1354 1199 1394 ex
1217 1347 1296 1408 parte
1317 1340 1361 1394 rel
1383 1347 1442 1413 toto
1464 1341 1528 1396 illae
1546 1350 1696 1411 sequmm
1711 1358 1747 1398 ea

393 1417 512 1475 motibus
529 1416 673 1472 localibus.
708 1417 756 1472 Sin
774 1414 808 1471 de
826 1415 1020 1485 eoloqnimnr,
1039 1417 1111 1486 quod
1130 1423 1253 1472 veterum
1271 1417 1442 1486 planetarum
1460 1419 1551 1476 nullus
1563 1420 1642 1489 perit,
1661 1435 1747 1475 novus

393 1495 486 1555 nullus
504 1495 638 1565 nascitur,
661 1495 734 1550 idem
752 1502 780 1550 et
798 1493 832 1548 de
850 1490 936 1549 Terra
953 1510 1044 1551 verum
1065 1503 1114 1552 est.
1136 1497 1244 1553 ·Pcsito
1262 1513 1326 1552 reru
1350 1498 1402 1552 hoc
1423 1498 1577 1552 discrimine
1598 1498 1669 1552 iuter
1686 1513 1746 1553 coe

392 1576 477 1632 lentes
502 1570 682 1643 muneque
707 1581 811 1641 motus,
838 1588 894 1628 non
915 1573 978 1629 ideo
1003 1574 1148 1644 quicquam
1174 1583 1348 1645 promovetur
1370 1575 1518 1630 similitudo
1542 1576 1747 1644 proportionum

393 1653 553 1710 cedentium
570 1670 632 1709 cum
648 1653 822 1717 harmonicis,
839 1668 891 1708 nec
907 1654 1026 1709 vicissim
1035 1655 1239 1723 impedirentur,
1258 1655 1309 1710 etsi
1326 1654 1354 1707 in
1366 1653 1445 1710 coelo
1458 1664 1551 1710 essent
1562 1654 1748 1727 alterationes,

394 1749 449 1787 uon
466 1732 552 1801 magis
569 1749 651 1800 quam
676 1741 791 1788 ecantu
815 1731 934 1787 humano
957 1731 1061 1789 tollitm
1087 1734 1240 1804 proportio,
1265 1733 1289 1787 si
1307 1749 1359 1787 roa
1385 1734 1457 1788 inter
1473 1734 1625 1788 canendum
1650 1733 1748 1790 debilis

393 1810 529 1867 reddatur.
564 1810 628 1879 Ipse
645 1826 694 1880 per
712 1826 743 1866 se
765 1816 856 1869 notus
874 1810 970 1866 localis
995 1811 1078 1867 trabit
1096 1827 1187 1868 secum
1206 1811 1327 1866 rationes
1345 1825 1422 1879 suas,
1445 1811 1574 1880 quicquid
1594 1813 1654 1879 jam
1671 1829 1748 1882 prae

392 1896 469 1945 terea
485 1887 599 1946 accidat.
1599 1922 1602 1929 ·

421 2040 425 2047 .
463 1968 618 2024 Secundum
640 1977 844 2045 argumentum,
873 1986 927 2041 qna
949 1962 978 2025 in
995 1977 1075 2038 parte
1093 1969 1202 2025 deficiat
1219 1971 1407 2035 Ptolemaeus,
1430 1968 1490 2038 ipse
1513 1984 1562 2039 per
1587 1969 1748 2039 objectionis

393 2047 512 2119 speciem
526 2047 646 2117 detexin
671 2048 776 2104 valeret
792 2056 886 2105 tamen
903 2051 938 2105 ad
955 2046 1174 2119 probabilitatem
1193 2048 1386 2106 adstruendam
1405 2047 1603 2104 accidentes-lae
1625 2048 1747 2117 ejusdem

392 2126 575 2186 similitudinis
593 2129 631 2197 (in
648 2144 730 2196 qnam
748 2127 874 2184 rhetoras
892 2128 993 2199 petius,
1012 2142 1093 2196 quam
1112 2125 1291 2197 philosophos
1308 2125 1464 2183 incumbere
1482 2142 1532 2196 par
1549 2130 1629 2197 erat),
1651 2128 1747 2183 sinon

391 2209 477 2280 magis
495 2208 530 2264 ad
548 2216 631 2278 capnt
649 2200 767 2276 seqne'ns
785 2208 941 2277 pertineret
977 2206 1065 2261 Nimis
1082 2207 1152 2261 euim
1172 2206 1275 2262 recedit
1293 2207 1464 2263 Ptolemaeus
1482 2207 1511 2259 iu
1529 2214 1647 2276 utroque
1664 2223 1743 2278 argn-

392 2296 483 2345 mentc
506 2304 524 2343 a
545 2288 687 2357 proposito
708 2285 831 2355 andiaco,
858 2287 988 2343 delabens
1014 2285 1048 2339 ad
1067 2295 1170 2342 motam
1197 2288 1315 2343 siderum
1337 2287 1389 2342 snb
1407 2302 1452 2355 eo,
1478 2287 1512 2342 de
1530 2303 1584 2356 qno
1606 2296 1688 2343 crunt
1705 2304 1747 2341 se·

392 2370 505 2438 quentia
521 2367 621 2438 capita.
657 2364 730 2420 Illud
756 2382 790 2419 ne
809 2365 983 2429 obliviscare,
1009 2363 1083 2431 quod
1101 2366 1220 2422 reversio
1239 2367 1389 2436 specierum
1411 2365 1493 2421 anius
1516 2365 1648 2436 diapason
1670 2367 1747 2421 nullo

392 2449 472 2504 mode
491 2461 602 2503 causam
619 2444 722 2500 habeat
738 2459 827 2514 neque
845 2443 1023 2514 archetypum
1040 2443 1210 2501 identitatem
1233 2446 1359 2516 principii
1376 2445 1494 2514 finisque
1512 2462 1561 2502 sen
1580 2448 1608 2501 in
1626 2446 1747 2514 zodiaco,

395 2542 444 2583 sen
462 2527 490 2581 in
507 2524 673 2582 motionibus
691 2523 744 2580 snb
762 2539 808 2589 eo,
828 2539 891 2579 nam
909 2524 961 2578 hcc
979 2530 1085 2579 tantum
1105 2523 1191 2593 abest,
1211 2532 1243 2579 ut
1259 2525 1283 2578 si
1301 2524 1329 2578 in
1348 2523 1451 2579 chorda
1469 2524 1508 2578 sic
1519 2523 1681 2593 principium
1697 2523 1747 2579 llni

394 2622 549 2662 cennmnm
566 2611 649 2671 esset,
673 2603 826 2673 specierum
844 2602 982 2658 distinctio
1007 2599 1082 2655 nulla
1105 2601 1199 2657 futura
1215 2602 1298 2659 merit
1323 2603 1408 2673 ipsius
1429 2603 1568 2672 diapason.
1606 2604 1746 2672 Quomodo

391 2699 455 2740 nero
473 2681 641 2740 instituenda
659 2682 696 2737 sit
713 2681 783 2736 baec
800 2681 979 2750 comparatio,
1005 2688 1036 2732 ut
1053 2690 1082 2735 et
1100 2680 1253 2736 maculatio
1271 2681 1308 2736 sit
1331 2681 1412 2737 etad
1430 2696 1531 2738 causae
1555 2684 1747 2738 necessitatem

391 2762 505 2832 propina
529 2761 693 2830 adducatur,
719 2761 806 2816 dmm
830 2762 857 2815 in
882 2762 954 2815 notis
978 2759 1012 2814 ad
1037 2766 1121 2828 caput
1143 2773 1270 2828 sequens.
1305 2760 1385 2829 Quod
1411 2760 1477 2815 item
1502 2768 1529 2816 et
1552 2761 1586 2815 de
1608 2760 1702 2817 tertin'
1719 2769 1747 2816 et

392 2848 490 2912 quarto
509 2847 669 2910 argumento
687 2840 843 2909 dicendum,
869 2854 940 2909 quae
962 2839 1035 2893 land
1054 2836 1136 2907 paulo
1159 2845 1224 2892 sunt
1240 2838 1354 2893 meliore
1376 2839 1528 2907 prioribus,
1555 2855 1615 2894 cum
1634 2847 1747 2896 naturae

391 2920 543 2991 monade
559 2920 694 2989 referant,
720 2920 754 2974 sd
773 2935 892 2988 sequens
911 2918 982 2972 enim
1002 2923 1086 2987 caput
1109 2924 1138 2971 ct
1162 2917 1222 2986 ipss
1245 2919 1394 2986 perducat.
1429 2918 1489 2973 Nec
1506 2917 1577 2972 enim
1602 2919 1663 2975 ideo
1689 2918 1746 2974 dia·

391 3017 479 3071 paeon
497 3000 676 3055 consonantia
692 3000 841 3068 respondet
857 2997 911 3067 ipsi
928 2994 1081 3051 diaruetrali
1099 2994 1318 3064 configurationi‚
1338 2996 1402 3064 qula
1420 3011 1453 3049 ex
1471 3003 1620 3066 systemate
1637 2996 1746 3066 quidam

391 3079 466 3135 velut
487 3079 615 3135 zodiacus
638 3077 757 3132 efficitur
781 3076 891 3143 (accidit
909 3075 962 3130 lanc
980 3074 1020 3128 illi
1038 3075 1183 3144 aptationi,
1211 3084 1241 3129 nt
1258 3075 1377 3130 chordae
1401 3075 1533 3144 diapason
1557 3075 1688 3132 iacientes
1706 3076 1746 3130 in·

394 3158 487 3217 m'dant
503 3160 531 3213 in
550 3159 611 3213 loca
629 3156 722 3212 circuli
741 3154 887 3225 opposita),
905 3154 953 3209 sed
972 3155 998 3208 in
1017 3168 1125 3223 genere,
1144 3155 1209 3223 quia
1227 3162 1254 3208 et
1272 3153 1320 3208 illu
1337 3154 1515 3209 consonantia
1534 3162 1577 3208 est
1594 3155 1701 3224 aliqua,
1719 3164 1747 3210 et

390 3237 460 3293 been
478 3243 607 3307 aspectam
630 3234 736 3304 aliquis.
773 3232 881 3288 Accidit
902 3232 969 3288 illud
988 3232 1097 3301 quidem
1115 3233 1254 3300 systemati
1273 3231 1395 3300 perlecto
1421 3231 1545 3302 pulchre;
1570 3242 1598 3287 at
1624 3235 1676 3288 hoc
1702 3249 1746 3288 ac·

391 3315 457 3371 cidit
474 3315 555 3370 simul
572 3313 681 3369 minime
699 3312 822 3381 pulchre,
842 3320 873 3366 nt
891 3312 962 3367 duae
980 3313 1099 3368 chordae
1117 3310 1238 3366 incidant
1254 3311 1282 3365 in
1301 3311 1373 3367 idem
1391 3320 1530 3381 punctum,
1549 3328 1620 3382 quae
1632 3315 1703 3367 inter
1714 3327 1745 3366 se

390 3390 567 3461 ffipmon
583 3390 696 3451 iaciunt
715 3407 777 3447 cnm
789 3392 997 3462 confignrstioui
1009 3388 1151 3460 corporali,
1171 3388 1198 3442 id
1211 3397 1254 3442 est
1265 3390 1458 3457 conjunctioni,
1478 3392 1569 3458 potius
1580 3389 1746 3460 respondeat

393 3470 531 3539 umaonus,
550 3468 682 3540 diapason
701 3486 764 3525 vern
781 3469 948 3540 respondeat
965 3469 1173 3538 configurationi
1193 3469 1417 3538 quadrangulari,
1437 3476 1469 3524 nt
1489 3469 1639 3525 andlenans.

477 3547 557 3617 Quod
575 3551 730 3618 oppositum
750 3556 892 3619 aspectum
909 3550 1028 3605 siderum
1047 3555 1075 3601 et
1092 3547 1297 3602 consonantiam
1322 3547 1453 3617 diapason
1472 3546 1675 3604 efficacissimos
1698 3565 1745 3618 sp·

390 3628 491 3697 pellat,
516 3627 545 3683 id
562 3628 615 3683 boc
633 3644 717 3684 sensu
735 3645 827 3684 verum
846 3643 908 3684 esse
921 3627 1031 3695 jndice,
1053 3626 1076 3680 si
1094 3626 1153 3695 pari
1172 3636 1316 3696 utrumqne
1333 3644 1418 3695 paean
1438 3628 1473 3681 sit
1491 3627 1602 3695 efficax,
1622 3628 1746 3684 eillcacia

389 3705 496 3763 seilicet
512 3722 568 3761 non
585 3707 687 3776 activa,
715 3707 763 3763 sed
776 3707 932 3775 'objectiva,
951 3707 979 3761 id
998 3715 1054 3775 ent,
1079 3723 1149 3776 qnae
1172 3722 1227 3760 nou
1244 3708 1397 3774 materiam,
1422 3706 1471 3761 sed
1494 3707 1610 3762 animam
1628 3708 1744 3775 aliquam

389 3792 510 3854 moreat,
534 3792 566 3839 ut
584 3784 692 3853 objecta
709 3792 819 3841 movent
836 3800 942 3855 seusus.
979 3788 1031 3840 Est
1050 3785 1121 3839 enim
1140 3784 1413 3853 subintelligendum,
1438 3785 1543 3841 ammas
1561 3786 1636 3855 ipsas
1654 3787 1745 3856 potius

387 3865 563 3934 perceptione
581 3863 677 3918 harum
695 3864 917 3934 proportionum,
936 3870 991 3918 tam
1012 3864 1153 3934 vocalium,
1172 3880 1254 3934 qnam
1273 3865 1438 3933 sideralium,
1457 3866 1530 3921 circa
1542 3867 1613 3921 hanc
1630 3868 1658 3922 in
1670 3874 1746 3922 ntro·

389 3958 444 4012 qne
461 3958 561 4015 genere
579 3941 691 4012 duplam
709 3943 913 4014 proportionem
931 3943 1138 4013 operosissimas
1157 3960 1230 4014 esse,
1256 3945 1297 3997 vel
1316 3944 1364 4000 illa
1381 3944 1616 4000 vehementissime
1639 3945 1745 3999 incitari

389 4020 425 4077 ad
442 4037 527 4092 opera
544 4037 601 4078 sua
638 4023 700 4091 Qus
718 4024 752 4077 dc
770 4038 799 4076 re
817 4018 887 4079 inira
904 4023 991 4091 plura.

476 4101 530 4157 Hic
547 4101 629 4157 etiam
648 4103 737 4159 obiter
754 4103 916 4170 notandum,
935 4103 1121 4159 Ptolemaeum
1137 4105 1196 4173 jam
1215 4121 1270 4159 non
1289 4104 1404 4159 obscure
1422 4120 1439 4159 a
1457 4105 1590 4175 numeris,
1609 4104 1635 4158 in
1655 4104 1744 4160 canus

388 4181 627 4236 consonantiarum
645 4182 857 4250 constituendis,
876 4181 911 4236 ad
928 4197 1004 4237 mess
1022 4182 1116 4238 circuli
1133 4182 1279 4240 divisiones
1296 4182 1452 4238 desciscere
1473 4190 1502 4238 et
1520 4198 1626 4238 mecum
1644 4182 1745 4239 rendre

388 4260 520 4330 meinero,
543 4258 609 4315 dnm
626 4276 661 4317 er
679 4262 731 4317 bac
749 4260 857 4317 demam
875 4259 1059 4331 applicatione
1077 4261 1233 4331 systematis
1244 4260 1292 4316 ·ad
1309 4260 1450 4317 andacnm
1474 4260 1622 4331 legltlmam
1641 4260 1745 4316 invenit

387 4337 587 4408 probotionem,
606 4356 655 4396 cur
672 4339 805 4411 diapason
823 4340 860 4396 sit
877 4341 1069 4410 operosissima
1088 4341 1340 4409 consonamiarnm,
1365 4339 1471 4395 scilicet
1488 4347 1602 4411 propter
1618 4348 1744 4397 naturam

387 4414 527 4476 drlrleuie
544 4417 640 4477 circuli
657 4435 708 4491 per
726 4419 895 4477 damonum
