3882 5862
724 458 727 465 '
837 461 993 534 “Apologia
1534 454 1598 517 448

247 642 277 699 ei
290 639 344 699 'cic
367 638 404 700 de
426 643 539 702 ceteris.
586 636 616 722 3)
640 639 752 718 Quodsi
775 658 861 718 urges
884 642 1104 702 similitudinem
1125 644 1216 711 team,
1239 644 1273 694 ni
1289 633 1395 694 claudo
1417 634 1506 693 etiam
1521 631 1598 711 pede

246 734 389 803 imperit,
414 727 459 788 dle
482 742 601 805 quieto,
626 728 775 807 quodnam
798 748 834 790 ex
857 732 1005 790 concinnis
1021 744 1171 806 compares
1196 725 1387 785 curnnnitats
1410 738 1500 781 cansa
1514 724 1597 797 prio·

245 813 367 873 nitatis?
409 817 494 876 Anne
517 833 575 875 non
605 834 695 891 unum
717 821 861 898 primum,
890 818 941 878 sed
966 820 1064 878 ernnia
1086 818 1141 876 tria
1164 811 1250 872 simul
1271 813 1399 871 existunt
1432 816 1500 868 ante
1524 825 1597 866 con·

246 901 420 961 sonantius?
464 903 502 962 Et
530 920 581 962 cur
607 921 665 963 nen
693 904 793 981 plura,
826 922 885 964 nen
907 905 1073 983 pauciora?
1115 903 1154 961 Et
1176 917 1266 978 quam
1287 899 1326 958 eb
1349 910 1468 956 cansam
1499 895 1599 972 qued·

248 988 346 1049 libet?
389 989 524 1066 Denique
548 1008 624 1066 quas
647 1008 738 1051 causa
760 992 936 1070 triplicitatis
965 995 1082 1068 inipso
1106 989 1193 1049 ortui
1237 986 1327 1045 Hisce
1354 985 1499 1060 angustiis
1520 982 1598 1042 liba·

245 1084 325 1135 ratur
347 1078 381 1149 is,
405 1080 454 1153 qni
479 1081 622 1138 concinna
643 1079 760 1154 singula
785 1080 886 1140 definit
900 1096 965 1140 csse
991 1081 1167 1139 differentias
1183 1075 1437 1135 consonantiarum
1454 1070 1596 1145 binarum,

246 1165 356 1242 priores
380 1170 511 1225 statuens
535 1170 759 1240 consonantias,
792 1178 854 1227 tum
877 1168 993 1227 demum
1022 1170 1102 1244 ipsas
1124 1164 1237 1224 differre
1268 1161 1434 1236 intelligens
1460 1157 1598 1218 differen-

144 1314 148 1331 ‚
246 1253 376 1326 tiamque
405 1251 461 1311 bec
487 1256 604 1319 nemine
633 1255 765 1313 concinni
798 1255 980 1332 indigetans,
1011 1272 1078 1314 nam
1109 1269 1162 1331 pro
1191 1249 1361 1309 diversitate
1391 1247 1525 1321 bigarum
1548 1246 1598 1305 di·

247 1356 332 1398 versa
363 1337 404 1397 illi
428 1341 587 1415 gignuntur
609 1343 766 1417 concinna3
798 1344 923 1420 denique
946 1346 1075 1402 emnium
1104 1340 1302 1418 quaesitorum
1327 1350 1432 1395 causas
1462 1334 1599 1410 expediet

247 1444 282 1486 cx
305 1424 362 1485 hec
385 1436 449 1485 ertn
472 1430 632 1504 assignate.
677 1428 735 1488 Hic
763 1438 795 1489 tu
818 1431 911 1490 multa
932 1430 1095 1503 interseris,
1126 1443 1202 1504 quac
1225 1424 1388 1501 dispeream
1420 1423 1445 1479 si
1468 1421 1595 1498 rideam,

247 1512 395 1590 quomedo
418 1528 533 1574 mecum
553 1524 703 1592 pugnent3
726 1530 802 1593 quae
826 1521 897 1594 quia
918 1537 965 1579 me
988 1535 1046 1578 nen
1069 1517 1201 1586 attinent,
1223 1528 1319 1589 neque
1342 1508 1476 1584 deiende,
1499 1527 1595 1587 neque

230 1602 349 1671 ,reluta
1374 1640 1377 1649 ,

333 1687 511 1748 absurdum
532 1690 625 1768 feret,
657 1693 779 1766 inquis,
799 1699 919 1768 pende
946 1691 1082 1752 deriuari
1114 1709 1134 1749 e
1156 1690 1251 1748 lincis.
1297 1686 1384 1745 Nora
1404 1684 1597 1746 similitudine

246 1794 361 1853 pugnas
384 1779 512 1835 emnium
537 1777 740 1837 dissimillima.
786 1778 931 1838 Punctum
961 1786 993 1839 et
1010 1778 1090 1838 linea
1122 1784 1185 1836 tete
1207 1790 1313 1853 genere
1341 1772 1491 1847 differunt,
1521 1772 1596 1833 illud

245 1872 339 1944 negat
356 1867 558 1938 quantitatem,
581 1865 638 1925 bec
661 1868 712 1925 ait.
757 1865 907 1926 Concinna
930 1876 959 1927 et
982 1882 1111 1925 consona
1133 1865 1188 1923 sub
1211 1863 1314 1921 eedem
1333 1863 1466 1938 proxime
1489 1876 1595 1937 genere

245 1953 464 2028 proportionum
489 1955 681 2012 continentur.
727 1936 765 2012 bt
787 1961 884 2014 tamen
908 1962 941 2013 ut
962 1952 1022 2012 fieri
1041 1952 1121 2027 ,solet
1143 1954 1172 2009 ln
1193 1950 1301 2028 plane,
1330 1955 1363 2008 ut
1385 1953 1493 2025 puncta
1516 1955 1597 2009 certa

246 2038 472 2098 determinentur
500 2046 643 2099 concursu
673 2039 831 2114 linearum,
865 2042 914 2100 nbi
944 2041 1039 2099 lineae
1071 2041 1156 2098 binae
1178 2041 1290 2115 priores
1313 2042 1380 2095 sunt
1411 2041 1521 2112 puncto
1542 2036 1596 2096 ille

247 2143 338 2185 eausa
361 2128 406 2185 sui
432 2126 615 2193 determinati
637 2130 720 2202 situs,
744 2131 898 2188 sicariam
922 2146 957 2187 cx
981 2128 1179 2187 consonantiis
1208 2124 1286 2184 binis
1308 2140 1398 2181 enum
1422 2127 1595 2182 concinnum

248 2212 464 2286 determinatur,
488 2214 518 2272 id
534 2215 613 2290 qued
630 2213 835 2275 declarationis
845 2217 940 2275 solum
957 2233 1046 2277 eausa
1059 2215 1168 2274 dictum
1179 2212 1257 2285 velo,
1282 2226 1340 2268 nen
1355 2206 1597 2291 probationis.⁴⁰)

335 2300 502 2376 Sequuntur
526 2302 699 2362 Cimmerias
729 2304 884 2378 tenebrne3
914 2305 1035 2379 ignosce
1056 2301 1184 2361 Reberte
1217 2299 1369 2359 obtusitati
1400 2304 1503 2376 eaptus
1527 2300 1595 2362 mai.
1629 2299 1638 2311 ‘

248 2388 282 2447 ln
306 2388 406 2464 figuris
429 2388 525 2465 planis
549 2389 715 2449 consideras
738 2392 883 2465 trigenos.
908 2399 941 2449 ut
963 2390 1140 2450 elementum
1163 2379 1320 2464 figurarum
1341 2384 1595 2461 simplicissimum,
1683 2462 1686 2467 ⁴

198 2484 202 2497 ·
246 2479 275 2532 in
300 2478 414 2549 trigeno
437 2477 579 2536 observas
601 2477 704 2550 lineas,
728 2492 801 2564 quas
824 2486 921 2555 partes
944 2480 1049 2554 trigeni
1072 2476 1214 2555 appellas,
1237 2476 1266 2532 in
1282 2474 1368 2532 lineis
1386 2480 1505 2549 puncta,
1529 2477 1598 2549 qul-

245 2563 301 2622 bus
324 2561 393 2622 illae
417 2571 599 2623 concurrunt.
645 2556 715 2624 Jam
738 2568 945 2624 consonantias
967 2556 1068 2642 figulis
1084 2580 1244 2641 comparas,
1269 2568 1369 2620 tenum
1392 2560 1497 2621 lineae.
1536 2564 1597 2622 Er-

246 2652 433 2726 spectabam,
466 2660 499 2710 ut
533 2645 658 2711 sicut'a
686 2654 809 2728 trigonis
839 2653 964 2729 figuras,
996 2656 1039 2711 sic
1073 2670 1091 2711 a
1120 2653 1197 2710 tonis
1227 2650 1432 2709 consonantias
1462 2651 1598 2726 componi

246 2750 416 2825 assererem¹
440 2737 497 2796 bec
520 2738 596 2798 enim
619 2738 775 2799 ridebatur
796 2744 941 2816 requirere
970 2740 1104 2799 instituta
1131 2740 1205 2798 ratio
1227 2735 1443 2810 similitudinis,
1476 2738 1598 2813 Jamque

245 2824 391 2909 habebm
422 2827 450 2882 in
475 2842 541 2898 ore,
574 2824 645 2903 qnid
667 2825 724 2885 hec
746 2826 854 2886 dicenti
880 2844 1058 2903 reponerem.
1105 2825 1144 2884 At
1174 2834 1280 2895 tonos,
1309 2831 1341 2880 ut
1363 2822 1470 2896 video,
1502 2823 1597 2883 linens

246 2918 446 2988 comparatur,
477 2922 511 2971 ut
533 2916 608 2972 sieut
630 2913 783 2989 infigaris
805 2914 1036 2991 multiplicantur
1057 2914 1166 2985 latera,
1197 2913 1240 2971 sic
1262 2913 1291 2968 in
1314 2912 1513 2970 consonantiis
1536 2914 1598 2970 tent

246 2997 446 3075 intelligantur
462 3004 603 3059 acerrari.
649 3000 688 3059 At
704 3001 773 3077 quid
789 3017 863 3077 epus
879 3007 931 3073 cst,
955 3000 1091 3075 Reberte,
1116 3008 1210 3059 ertum
1226 2999 1481 3058 consonantiarum
1497 3015 1598 3071 meere

245 3082 282 3146 de
304 3076 383 3145 neve
406 3102 441 3145 ex
464 3087 607 3148 similibus
629 3087 878 3159 claudicantibus,
909 3105 973 3147 cum
997 3090 1036 3147 sit
1059 3090 1087 3145 in
1110 3095 1225 3164 promtu
1255 3086 1400 3162 genuinus
1422 3093 1452 3144 et
1475 3087 1597 3145 verissi-

246 3190 312 3233 mus
336 3188 436 3233 earum
461 3184 541 3233 ortus
564 3193 600 3234 cx
623 3177 752 3234 sectione
777 3174 903 3235 clrerdae
926 3174 1087 3246 circularis,
1117 3190 1193 3251 quae
1216 3173 1248 3231 iit
1270 3189 1321 3250 per
1343 3171 1476 3248 figuras?
1519 3171 1603 3248 Quid

246 3278 321 3337 epus
343 3261 527 3337 transfugere
551 3261 589 3321 ad
611 3261 827 3331 multitudinem
850 3262 972 3323 lateam
995 3262 1115 3337 figurae,
1138 3265 1162 3319 si
1177 3261 1261 3321 locus
1276 3269 1321 3319 est
1339 3261 1414 3317 edei
1432 3276 1598 3327 consenan-

245 3351 351 3408 tiarum
374 3348 404 3405 in
426 3352 614 3426 proportione
645 3353 868 3409 constitutarum
891 3350 1017 3427 partium
1048 3348 1168 3427 circuli?
1212 3348 1278 3407 Non
1300 3347 1426 3421 habent,
1458 3347 1596 3422 lieberto,

246 3426 456 3495 consonantiae
479 3454 534 3495 sua
556 3436 750 3495 multitudinis
766 3440 884 3496 nemina
901 3452 1052 3496 enumero
1068 3437 1190 3495 laterum
1211 3436 1331 3512 figurae,
1358 3452 1434 3510 quae
1449 3453 1598 3513 quamque

245 3524 350 3599 gignit.
395 3520 434 3581 Et
456 3525 527 3599 quia
550 3523 585 3583 de
608 3523 711 3583 iisdem
733 3524 833 3599 figuris
857 3532 888 3582 tu
911 3524 1050 3597 balbutia,
1075 3541 1149 3600 quas
1172 3532 1200 3583 et
1224 3538 1278 3599 ege
1302 3521 1422 3581 adhibui
1446 3524 1484 3582 ad
1507 3538 1597 3597 gene·

245 3613 390 3669 rationem
412 3613 683 3684 consonantiarum,
715 3629 785 3685 age,
816 3612 968 3671 discrimen
991 3612 1144 3672 estendam
1168 3613 1242 3669 inter
1264 3609 1308 3681 id,
1341 3609 1420 3685 quod
1443 3625 1544 3669 rerum
1567 3618 1598 3669 et

247 3697 366 3765 clarum,
390 3705 419 3757 ct
442 3697 479 3770 id,
504 3698 637 3772 quodie
662 3700 800 3761 semeias.
846 3699 891 3758 Sit
913 3700 994 3758 verbi
1018 3716 1108 3762 causa
1137 3706 1335 3774 pentagonum
1365 3697 1443 3757 hnne
1471 3704 1504 3756 tu
1524 3713 1598 3775 pre·

247 3783 294 3843 cul
319 3785 408 3843 dubie
431 3801 614 3863 comparares
638 3793 753 3859 sextae,
783 3788 853 3862 quia
880 3792 913 3844 ut
934 3794 1117 3864 pentagonus
1146 3782 1237 3844 habet
1267 3787 1396 3861 quinque
1418 3782 1525 3859 latera,
1555 3786 1598 3844 sle

248 3878 333 3931 sexta
356 3873 484 3947 quinque
508 3872 598 3930 habet
621 3878 707 3932 tenes
728 3876 918 3951 promiscuos.
968 3875 1007 3932 At
1034 3875 1115 3932 irrita
1146 3880 1190 3931 est
1212 3874 1410 3950 comparatio,
1438 3889 1496 3932 nen
1520 3874 1598 3931 enim

248 3958 404 4018 discrimen
426 3960 517 4018 ellum
541 3959 651 4018 indicat
673 3961 877 4031 intersertas,
900 3961 1041 4037 majorem
1065 3968 1094 4019 ct
1108 3963 1257 4019 minorem.
1305 3959 1398 4019 Aliter
1420 3974 1485 4037 ege.
1522 3959 1598 4018 Nam

246 4048 481 4119 consonantiam,
516 4063 591 4123 quae
620 4049 706 4106 tertia
728 4047 822 4123 major
845 4047 963 4117 dieitur,
995 4048 1081 4108 elicio
1105 4064 1141 4106 ex
1163 4055 1347 4124 pentagono,
1378 4049 1428 4123 qni
1459 4047 1597 4105 circulum

177 4182 181 4187 ,
247 4133 401 4209 distinguit
423 4134 452 4190 in
476 4152 561 4193 arcus
583 4134 724 4208 aequales
747 4137 887 4209 quinque.
933 4135 1003 4195 Sive
1034 4136 1122 4211 igitur
1149 4141 1243 4193 tetum
1268 4133 1405 4195 circulum
1433 4150 1598 4212 comparem

248 4236 314 4280 cum
338 4228 464 4297 quatuor
485 4223 546 4280 suis
570 4222 688 4297 quintis,
713 4223 778 4280 sive
801 4224 931 4301 quinque
946 4223 1104 4298 pentagoni
1128 4223 1221 4281 latera
1242 4224 1271 4280 in
1289 4237 1377 4280 unam
1391 4230 1500 4281 rectam
1517 4238 1599 4282 cem·

245 4308 344 4385 peslta
373 4325 438 4367 cum
460 4307 692 4384 lateribusrcjus
722 4316 863 4383 quatuor,
894 4310 1030 4385 utrinque
1052 4309 1124 4367 mibi
1152 4311 1281 4386 gignitur
1307 4310 1457 4385 proportio
1482 4304 1539 4393 75,
1570 4316 1599 4367 et

246 4397 400 4454 inveniunt
423 4413 522 4471 aures,
556 4411 715 4455 consonare
738 4395 862 4455 chordas
892 4396 1025 4471 ejusdem
1047 4398 1189 4456 tensionis
1218 4399 1261 4457 sic
1283 4403 1477 4471 comparatas.
1523 4395 1599 4455 inni

247 4484 335 4558 igitur
361 4482 490 4558 gignitur
517 4484 618 4560 aliqua
648 4485 840 4541 censenantia
867 4494 1091 4560 apentagene,
1120 4494 1151 4543 at
1177 4498 1235 4542 nen
1258 4485 1365 4558 accipit
1386 4498 1507 4557 nemen,
1540 4500 1597 4542 nen

246 4586 398 4629 numerum
427 4577 563 4629 tenorum
593 4579 812 4646 apeutagone.
859 4570 896 4629 in
918 4574 943 4629 si
972 4571 1056 4629 nulla
1078 4570 1137 4629 alia
1160 4578 1239 4630 esset
1261 4573 1453 4630 consenantia
1482 4578 1599 4648 praeter

246 4654 332 4729 hanc,
355 4664 461 4716 natura
483 4656 561 4717 banc
582 4660 699 4717 unicam
722 4670 780 4715 nen
803 4656 922 4718 doceret
951 4660 980 4715 in
1004 4668 1089 4717 tenes
1114 4657 1262 4732 dividere,
1295 4656 1347 4717 sed
1371 4656 1404 4715 nt
1429 4658 1491 4733 jaun
1515 4674 1598 4718 corn·

245 4744 398 4822 paratione
421 4744 548 4820 plurium
572 4746 830 4804 consonantiarum
851 4748 1016 4821 quantitate
1031 4745 1239 4822 inaequalium,
1261 4752 1296 4804 nt
1314 4743 1475 4806 secundnm
1498 4760 1598 4805 earum

246 4846 385 4893 excessus
413 4833 563 4906 minimos,
596 4848 671 4910 ques
700 4834 843 4893 concinna
873 4832 1011 4908 didmns,
1025 4835 1029 4842 “
1043 4839 1072 4894 et
1093 4833 1169 4893 baec
1198 4840 1229 4893 et
1258 4834 1334 4893 aliae
1357 4846 1459 4893 omncs
1491 4828 1527 4892 in·
1544 4848 1599 4895 sua
