3882 5862
732 388 814 445 Liber
831 390 879 446 Ill.
899 390 987 461 Caput
1004 387 1078 447 XVI.
1128 350 1133 367 ¹
1309 382 1316 408 '
1488 350 1491 365 Ι
1516 389 1576 455 ill

231 562 408 631 oppositum:
435 564 464 621 id
487 564 732 639 petroselinum
757 565 859 635 negotii
876 569 983 621 tantum
999 563 1158 636 reliquisse,
1185 567 1218 620 ut
1232 579 1283 635 pro
1300 560 1463 619 tractatione
1480 558 1578 631 capitis

230 640 369 713 problema
385 643 488 698 nudum
506 644 644 698 censuerit
659 641 874 712 relinquendum.
1266 704 1271 709 ,
1565 710 1569 719 ,

316 736 389 792 Nota
404 736 451 795 IV.
488 738 607 793 Rursum
623 739 788 796 hocturbat
804 741 1035 810 comparationem
1052 738 1210 810 perfectam,
1229 738 1368 812 quodSol,
1386 740 1513 807 respectu
1531 735 1579 791 Sa·

229 815 303 871 turni
322 821 431 870 acutum
449 817 593 872 terminum
610 817 697 888 ipsius
716 818 847 890 diapason
865 820 999 887 abnuens,
1018 835 1073 874 uon
1090 827 1181 877 umen
1198 819 1315 877 babetur
1336 816 1417 873 etiam
1435 831 1484 885 pro
1502 813 1579 868 lemi-

229 897 293 950 nino
311 894 433 965 planeta,
453 903 480 951 et
497 895 570 966 qnod
588 897 740 955 Mercurius
758 897 905 966 promiscui
925 912 1008 959 sexus
1027 897 1157 968 babetur,
1183 914 1246 955 cum
1267 905 1360 954 umen
1377 910 1432 952 uon
1450 893 1579 951 sortiatur

230 988 327 1029 sonum
345 991 463 1046 marem,
482 976 613 1047 diapason
630 976 829 1032 terminantem.

316 1071 398 1126 Nota·
406 1072 440 1127 V.
476 1072 547 1128 Satis
566 1072 650 1129 multa
668 1073 713 1128 hie
725 1079 790 1147 sunt
807 1079 928 1143 aggesta,
941 1087 1030 1142 neque
1043 1080 1134 1129 mensu
1147 1071 1346 1142 astrologorum
1357 1067 1467 1125 ecditio
1479 1072 1522 1122 eat
1533 1083 1579 1122 er·

229 1161 333 1216 pressa.
361 1151 480 1206 Rursum
497 1151 568 1206 enirn
585 1152 631 1206 bic
648 1152 785 1222 discrepat
802 1154 863 1221 boc,
888 1152 961 1222 qnod
979 1152 1088 1223 Jupiter
1108 1161 1138 1208 et
1154 1150 1320 1218 Mercurius,
1343 1149 1419 1204 Mars
1441 1154 1470 1203 et
1487 1147 1579 1202 Venus

229 1224 339 1294 domos,
365 1229 474 1297 Jupiter
491 1236 519 1284 et
537 1229 625 1299 Mars,
650 1232 743 1286 Venus
760 1240 789 1288 et
804 1233 959 1297 Mercurius
985 1230 1166 1289 exaltationes
1183 1228 1285 1284 babent
1311 1227 1466 1298 oppositas,
1490 1236 1579 1292 neque

228 1310 320 1358 tamen
337 1304 370 1360 iis
388 1306 427 1361 sic
444 1306 604 1363 combinatio
621 1310 789 1378 respondent
807 1312 867 1366 soni
886 1312 1017 1380 diapason
1036 1310 1174 1367 iacientes.
1214 1348 1220 1360 ·

316 1382 348 1437 In
365 1399 471 1451 genere,
489 1385 563 1453 quod
581 1384 675 1440 domos
694 1394 723 1440 et
739 1387 920 1444 exaltationes
938 1390 1043 1451 attinet
1074 1389 1156 1458 longe
1174 1388 1228 1444 alia
1245 1402 1328 1457 quam
1344 1383 1510 1449 sarmenta,
1528 1396 1579 1435 ¹10⁰

228 1458 365 1528 profunde
382 1462 584 1535 philosophica,
609 1465 658 1518 scd
680 1464 748 1521 levis
772 1468 865 1539 potius
887 1475 916 1523 et
937 1469 1050 1538 puerilis
1073 1483 1156 1524 causa
1173 1465 1279 1521 ridetur
1301 1479 1362 1519 csse
1379 1458 1578 1517 distributionis

229 1539 368 1608 signorum
385 1543 456 1597 iuter
473 1544 605 1613 planetas.
640 1543 760 1600 Primum
777 1546 844 1602 ordo
862 1545 1032 1615 planetarum
1050 1546 1144 1616 primis
1162 1545 1320 1601 auctoribus
1338 1541 1383 1597 bic
1399 1547 1459 1597 erat
1475 1540 1504 1595 is
1522 1538 1579 1594 ani·

229 1635 291 1687 mo,
317 1622 344 1675 in
362 1638 416 1690 quo
435 1627 498 1692 post
514 1623 630 1676 Martem
648 1622 740 1677 Venus
758 1626 897 1693 sequitur,
923 1634 987 1695 post
1011 1627 1082 1682 banc
1098 1625 1269 1693 Mercurius,
1297 1632 1355 1681 tum
1373 1620 1436 1690 Sol,
1462 1619 1579 1687 maique

229 1698 315 1754 Luna
349 1702 411 1756 iam
434 1717 451 1757 a
467 1700 617 1770 penultimo
636 1700 700 1756 Sole
722 1702 829 1760 initium
847 1705 974 1760 domuum
996 1704 1229 1779 attribueuderum
1254 1702 1414 1757 estfactum
1432 1698 1578 1766 datumque

230 1777 263 1847 ei,
284 1785 314 1834 ut
333 1779 504 1848 calidissimo,
523 1781 633 1857 signnm·
642 1781 751 1847 Leonis,
769 1789 801 1837 ut
818 1782 1008 1838 calidissimam
1021 1783 1084 1838 anni
1102 1789 1208 1851 partem
1225 1781 1345 1849 umens,
1362 1778 1425 1841 Sole
1443 1794 1481 1833 sc.
1499 1777 1528 1833 in
1545 1792 1577 1831 eo

228 1862 362 1913 versante.
400 1860 467 1914 Cum
491 1865 580 1915 autem
606 1859 653 1917 Sol
676 1867 751 1916 esset
772 1859 953 1929 penultimas,
974 1862 1094 1917 Leonem
1112 1860 1194 1915 etiam
1217 1857 1361 1929 oportebat
1385 1872 1445 1913 esse
1471 1858 1577 1926 signam

229 1936 420 2005 penultimum,
446 1937 498 1992 hoc
516 1944 559 1993 est
576 1953 647 2007 pene
669 1938 820 2007 proximum
838 1938 987 1993 cervicibus
1011 1953 1060 1994 seu
1077 1938 1171 1993 vertici
1188 1945 1292 1994 nostro.
1326 1938 1421 1993 Lunae
1438 1935 1521 2006 igitur
1538 1937 1577 1991 in·

229 2018 308 2072 timae
327 2018 429 2072 Cancer
447 2016 604 2086 debebatur,
622 2018 729 2088 signum
747 2017 842 2072 vertici
859 2018 1020 2086 proximum.
1057 2017 1174 2073 Duobus
1191 2017 1276 2086 signis
1294 2017 1328 2071 de
1345 2030 1457 2070 numero
1474 2016 1576 2073 dnode-

229 2095 304 2150 nano
323 2100 361 2163 (et
377 2097 438 2166 ipso
457 2096 599 2151 arbitrario
638 2105 669 2152 nt
687 2096 794 2151 ostendi
811 2096 882 2152 libro
901 2097 935 2152 de
952 2098 1029 2152 Nora
1049 2096 1143 2164 Stella)
1159 2097 1189 2152 in
1206 2094 1276 2151 dnos
1293 2094 1418 2164 planetas
1435 2093 1471 2149 clo
1487 2102 1577 2164 septe·

230 2175 307 2229 nario
324 2176 469 2244 absumtis,
481 2191 542 2230 ·eos
561 2139 683 2244 qaudam,
712 2176 758 2244 qui
776 2176 907 2245 peculiari
921 2176 1144 2244 jure'luminaria
1165 2174 1232 2232 dicti
1251 2173 1382 2244 peculiari
1399 2173 1479 2231 ethna
1496 2171 1577 2227 modo

229 2254 337 2324 singula
354 2261 459 2310 tantum
476 2256 554 2322 signa
572 2256 712 2324 possidere
731 2264 795 2310 sunt
807 2255 893 2324 jussi;
912 2255 1136 2326 relinquebantur
1152 2252 1263 2309 residua
1280 2252 1374 2308 decem
1390 2252 1478 2323 sigua,
1493 2251 1523 2306 iu
1535 2264 1577 2303 re·

229 2333 322 2388 siduos
346 2334 465 2402 quinque
490 2333 615 2403 planetas
639 2341 667 2388 et
687 2333 726 2387 sic
748 2334 813 2389 bina
834 2333 863 2388 iu
885 2335 1008 2405 singulos
1033 2334 1225 2392 distribuenda.
1260 2333 1352 2402 Atque
1375 2331 1416 2389 sic
1432 2326 1577 2395 Mercurio,

230 2410 277 2479 qui
294 2412 416 2479 proxime
435 2411 612 2467 luminaribus
631 2411 806 2478 succedebat,
828 2412 952 2481 proxima
970 2412 1060 2483 signa,
1085 2413 1191 2468 Gemini
1209 2420 1237 2467 et
1254 2413 1350 2479 Virgo,
1369 2410 1469 2469 veneri
1486 2423 1577 2464 sncce-

229 2489 304 2544 denti
321 2491 399 2559 signa
415 2489 598 2558 succedentia
617 2491 724 2549 Taurus
743 2499 771 2547 et
787 2491 880 2559 Lrisre,
898 2492 983 2547 Marti
1000 2492 1133 2562 superiori
1149 2493 1286 2561 contigua,
1306 2489 1385 2547 Aries
1397 2498 1427 2547 et
1438 2487 1576 2556 Scorpius,

228 2569 291 2624 Jori
301 2585 372 2639 pene
384 2585 510 2638 supremo
528 2569 704 2639 praecedens,
720 2570 814 2627 Pisces
829 2578 857 2625 et
869 2586 987 2640 sequeus
1000 2570 1170 2640 Sagittarius,
1189 2571 1306 2626 Saturno
1320 2568 1452 2627 drusion
1469 2565 1578 2621 residua

229 2649 307 2719 signa
325 2651 505 2719 Capricornus
532 2657 560 2703 et
587 2649 739 2720 liquamus,
762 2649 849 2706 Solsri
866 2650 952 2706 Leoni
977 2657 1005 2705 et
1021 2650 1122 2707 Lunari
1141 2651 1243 2707 Cancro
1266 2648 1405 2719 opposita,
1427 2646 1578 2703 veniebant

229 2726 420 2783 Exultatioues
446 2743 510 2782 sero
537 2726 656 2796 planetis
674 2728 808 2798 oppositis
825 2730 982 2798 assignatae
1000 2726 1028 2782 in
1046 2728 1131 2797 signis
1149 2727 1297 2797 oppositis3
1325 2734 1443 2796 quatuor
1468 2724 1577 2796 quidem

228 2806 414 2875 superioribus
436 2805 464 2861 iu
490 2812 608 2874 quatuor
632 2807 815 2863 cardinalibus
838 2807 937 2873 signis,
960 2805 1030 2874 Soli,
1055 2806 1101 2876 quii
1125 2805 1213 2875 aperit
1231 2824 1331 2863 ausim
1350 2808 1376 2860 irs
1394 2806 1503 2873 Ariete,
1531 2801 1578 2858 ubi

228 2883 328 2953 aperit3
353 2900 417 2953 ergo
441 2884 594 2939 ceruariae
617 2884 755 2941 facultatis
777 2885 904 2956 planetae
927 2885 1044 2939 Saturno
1067 2885 1095 2940 in
1120 2885 1198 2955 signo
1221 2887 1302 2941 ctiam
1325 2885 1451 2956 opposito
1468 2884 1576 2952 Librae,

227 2963 289 3018 Jovi
306 2962 461 3018 succedenti
479 2962 507 3015 in
526 2963 644 3033 Cancro,
663 2962 754 3019 altiori
771 2963 964 3026 cardinalium,
981 2965 1064 3020 Marti
1081 2964 1204 3019 interiori
1220 2965 1249 3019 in
1268 2964 1446 3035 Capricorno,
1468 2963 1577 3018 residuo

227 3040 421 3107 cardinalium,
445 3039 545 3095 Veneri
563 3041 590 3096 iu
610 3041 690 3097 domo
709 3044 785 3100 Joris
803 3043 896 3112 amici,
916 3041 1020 3099 reboet
1037 3041 1065 3097 in
1083 3042 1216 3111 Piscibus,
1235 3043 1360 3113 proximo
1378 3042 1455 3109 amno
1473 3040 1578 3095 exalta·

227 3120 308 3176 donis
326 3117 407 3187 Solis,
425 3118 489 3187 qnia
506 3127 534 3173 et
551 3118 644 3175 Venus
661 3123 816 3193 propinqua
835 3122 905 3189 Soli,
931 3121 1080 3189 Mercurio,
1105 3121 1231 3192 planetae
1248 3121 1393 3192 opposito,
1411 3120 1440 3175 in
1456 3119 1577 3188 Virgine,

228 3197 307 3252 domo
326 3197 448 3267 propria,
476 3198 552 3267 signo
571 3199 694 3255 Piscibus
713 3201 853 3272 opposito;
878 3200 975 3256 Lunae
992 3197 1108 3269 denique
1126 3199 1246 3257 solitarie
1263 3200 1292 3255 in
1310 3199 1413 3269 Tauro,
1439 3197 1518 3268 signo
1535 3211 1577 3252 sc·

227 3278 321 3346 quenti
339 3278 410 3332 Solis
428 3277 635 3346 exaltationem,
661 3279 741 3336 sicuti
758 3280 834 3349 prius
853 3280 946 3334 cadem
965 3278 1044 3333 Luna
1066 3277 1176 3333 domum
1194 3284 1253 3333 crat
1270 3283 1352 3332 nacta
1368 3275 1577 3346 praecedentem

227 3357 336 3411 domum
355 3354 434 3410 Solis.
471 3357 546 3411 llaec
564 3357 592 3411 ni
610 3354 691 3412 fallor
709 3359 826 3426 genuina
844 3366 871 3413 et
889 3358 1000 3428 propria
1017 3373 1102 3413 causa
1118 3356 1172 3412 iuit
1190 3355 1402 3423 distributionis,
1425 3362 1456 3412 nt
1474 3353 1577 3409 frustm

227 3435 290 3503 sint,
310 3436 356 3503 qui
374 3434 454 3489 aliam
472 3449 507 3489 er
525 3435 615 3489 causis
632 3434 796 3494 harmonicis
814 3439 900 3493 velint
917 3437 1048 3507 indagare
1066 3446 1115 3494 ant
1132 3453 1167 3493 ex
1185 3452 1347 3507 quacunque
1365 3435 1419 3492 alia
1437 3435 1577 3493 facultate.

313 3513 367 3567 Hic
384 3512 464 3566 finem
482 3512 579 3581 capies
597 3528 670 3567 eram
689 3514 824 3585 facturus,
855 3534 915 3572 cum
934 3531 998 3571 ecce
1022 3515 1049 3570 iu
1066 3515 1234 3571 Macrobium
1251 3517 1334 3573 incidi
1352 3517 1397 3572 lio.
1415 3517 1436 3570 1.
1453 3514 1484 3575 is
1502 3514 1577 3568 Sors·

226 3592 300 3646 nium
319 3590 453 3659 Scipionis
470 3592 509 3645 sic
527 3590 703 3648 scribentem:
729 3594 784 3666 Qui
800 3612 865 3652 cero
881 3596 1015 3667 sulpureas
1031 3595 1112 3651 Jccis
1128 3596 1248 3651 tamone
1263 3597 1358 3667 genesi
1370 3610 1535 3666 prosperam
1553 3598 1578 3646 ct

226 3672 382 3738 salutarem,
401 3676 498 3725 contro
515 3669 621 3724 Mortis
637 3672 756 3727 nitidam
767 3680 793 3729 ct
810 3674 959 3729 terribilem
976 3673 1068 3729 Teos
1085 3673 1200 3735 eocaeit,
1218 3675 1335 3733 alienam
1351 3680 1469 3730 tractum
1487 3678 1526 3727 est
1544 3685 1578 3723 ee

226 3750 367 3807 mucram
384 3749 473 3803 colore
492 3747 569 3811 (tam
584 3748 670 3819 dolcat
686 3749 775 3820 Joois,
792 3753 891 3809 satiet
908 3752 1033 3819 Martie),
1052 3753 1169 3807 atterum
1187 3768 1221 3806 ex
1237 3752 1389 3809 traditiose
1406 3744 1512 3817 enred,
1530 3748 1579 3819 gai

227 3828 259 3883 ce
276 3828 320 3882 bis
336 3826 420 3882 stellis
438 3826 476 3881 cd
492 3825 632 3879 hominem
649 3829 734 3884 υίιαηι
753 3846 866 3885 manare
883 3831 977 3885 colent
995 3830 1112 3885 adsero
1129 3831 1170 3885 ccl
1188 3846 1334 3900 prospero.
1369 3831 1445 3886 Nam
1457 3830 1577 3899 plerum·

226 3924 277 3977 pue
294 3906 328 3961 de
345 3906 451 3960 Martie
467 3904 546 3959 stella
564 3907 711 3975 terricolis,
735 3907 769 3963 de
785 3908 866 3963 Jcois
887 3908 1027 3963 salutm
1049 3908 1200 3976 diffiniunt.
1238 3909 1356 3964 Comum
1379 3910 1404 3963 si
1425 3907 1486 3977 gaia
1505 3906 1577 3974 forte
1659 3910 1663 3917 ‘

226 3987 310 4040 altine
332 3989 462 4054 emeret,
486 3982 558 4037 aa&
582 3983 683 4041 diuinas
706 3988 908 4054 malevolentia,
932 3994 964 4042 at
985 3988 1065 4043 mella
1087 3988 1209 4053 atdeficta
1233 4003 1289 4042 esse
1310 3987 1432 4053 dicator,
1456 3985 1527 4039 sicut
1544 3982 1577 4037 de

226 4064 331 4120 Martie
348 4070 373 4118 ct
392 4061 509 4117 Saturni
525 4062 610 4117 stellis
628 4064 814 4134 emetirentur,
838 4072 888 4119 cet
911 4082 960 4120 cer
976 4066 1128 4121 notabilior
1150 4065 1400 4136 asportantem
1417 4072 1444 4120 et
1466 4063 1577 4118 Veneris

224 4142 297 4196 inter
311 4141 494 4212 genethliacos
511 4139 654 4207 taceatur,
674 4159 735 4197 cam
752 4143 788 4198 sit
805 4143 961 4197 divitiorum
977 4159 1036 4197 seso
1052 4149 1170 4198 actare:
1192 4142 1223 4197 irs
1240 4143 1359 4198 sudden
1372 4145 1514 4212 proferam
1531 4160 1576 4199 ra·

224 4214 326 4275 tionem
348 4219 424 4289 opud
444 4235 530 4273 onam
555 4220 681 4287 omisinc,
704 4220 777 4289 quod
792 4222 891 4287 sciam,
914 4221 1017 4276 lectum.
1052 4220 1130 4277 Nom
1146 4221 1368 4277 Ptolemocratia
1385 4223 1463 4278 libris
1480 4222 1576 4291 tribue,
1686 4260 1692 4286 ,

223 4314 291 4368 paee
308 4297 341 4352 de
358 4298 505 4353 immersio
516 4299 676 4368 conspersit,
690 4299 823 4369 patefecit
835 4315 954 4367 masam,
973 4316 1055 4369 qnam
1067 4300 1183 4355 breciter
1195 4299 1344 4369 reputabo.
1365 4299 1441 4356 Certe
1452 4308 1516 4357 aare
1528 4308 1575 4357 etc.

223 4378 285 4446 Ego
302 4376 395 4444 itaque
413 4379 447 4432 ab
465 4376 518 4432 hoc
535 4376 667 4433 Macrobii
680 4374 794 4445 vestigio
813 4392 936 4446 exorsus,
955 4384 1061 4432 textum
1074 4376 1224 4431 Ptolemaei
1242 4377 1375 4446 integrari
1393 4395 1463 4449 pene
1479 4380 1575 4437 iisdem

224 4454 325 4519 verbis,
351 4456 448 4525 quibus
465 4457 624 4512 Macrobius
643 4461 686 4512 est
703 4471 786 4523 usus,
811 4455 864 4510 nisi
882 4455 954 4524 quod
973 4457 1075 4525 passim
1092 4455 1210 4526 paucula
1229 4455 1394 4526 interspersi.
1430 4458 1491 4514 Nou
1510 4475 1575 4514 sane

223 4534 335 4588 inissem
352 4549 445 4601 ausus,
461 4535 582 4591 tribuere
600 4534 654 4590 boc
671 4532 844 4599 Ptolemaeo,
872 4535 946 4603 quod
964 4536 987 4590 is
1006 4534 1214 4604 Pythagoricum
1231 4536 1386 4604 opinionem
1405 4537 1438 4593 de
1456 4538 1576 4594 uomens

226 4616 249 4676 i,
268 4612 293 4679 2,
312 4612 367 4676 4,ss
385 4620 412 4666 et
432 4618 454 4681 1,
473 4613 500 4679 3,
518 4613 543 4680 9,
553 4614 588 4669 27
605 4611 748 4683 amplexos
765 4611 849 4667 inerit
866 4612 954 4681 aliter,
973 4614 1024 4669 nisi
1042 4627 1178 4685 qumenus
1196 4627 1231 4667 er
1249 4628 1342 4667 eornm
1359 4615 1496 4686 abqnibus
1514 4617 1575 4672 bar·

223 4690 344 4744 monicae
362 4690 552 4759 proportiones
570 4690 742 4746 definiuntur.

309 4767 345 4822 At
363 4768 427 4837 quie
443 4766 599 4824 Macrobius
617 4769 670 4825 boc
687 4769 796 4824 disertis
809 4771 900 4827 verbis
917 4770 991 4839 dicit,
1011 4788 1041 4827 se
1054 4773 1127 4842 quod
1145 4772 1248 4828 scribat
1260 4788 1295 4828 ex
1312 4772 1389 4829 libris
1407 4773 1494 4830 tribus
1506 4777 1573 4830 llar-
1625 4778 1628 4793 ¹

169 4872 174 4889 ·
222 4847 389 4904 mosaicorum
407 4845 558 4903 Ptolemaei
574 4847 740 4919 exscribere,
766 4848 848 4904 fidem
870 4848 954 4918 igitur
969 4844 1102 4907 Macrobii
1124 4851 1203 4907 testis
1221 4851 1388 4923 sequendam
1405 4856 1508 4911 cenam.
1545 4855 1574 4916 st
