3882 5862
415 359 480 418 434
816 314 819 321 Ι
884 355 1052 427 Appendieis
1070 357 1295 414 Harmonicornm

414 534 622 601 subterraneus
653 538 685 593 et
715 533 812 594 calore
840 536 1029 597 subterraneo
1061 539 1100 597 ab
1130 540 1229 597 anima
1251 536 1359 596 Terrae
1390 535 1535 594 coudmte
1558 531 1705 594 resolutas
1734 534 1764 591 in

414 638 554 696 vaporem
577 623 785 697 exspiransque
808 624 836 679 in
859 624 997 700 frigidum
1018 630 1125 698 adrem,
1149 628 1288 684 continuo
1305 626 1334 682 iu
1350 623 1474 682 formam
1488 639 1584 697 aquae
1601 623 1763 681 revertitur.

413 707 521 766 Adbuc
543 710 631 782 igitur
653 709 727 767 benc
751 716 809 767 stat
830 713 929 770 anima
952 711 1069 772 Terrae.

502 794 574 853 Post
597 799 865 870 argumentationes
888 798 926 857 ad
949 799 1167 861 conclusionem
1189 795 1455 870 tarrdousdeveuls,
1480 813 1576 872 neque
1592 804 1689 854 tamen
1713 793 1767 854 de-

413 882 485 940 sinis
507 885 703 942 intermiscere
726 888 960 961 consequentias.
1006 887 1037 946 Si
1061 891 1110 946 adr
1134 887 1201 946 talis
1225 894 1270 944 est
1292 885 1496 961 spiritus,·qui
1519 887 1610 942 vitam
1633 884 1766 957 inspirat,

413 978 447 1035 ut
470 978 501 1027 tu
524 971 647 1045 probare
672 973 753 1029 risus
777 989 817 1043 es,
843 990 899 1048 ego
921 974 1057 1047 refutari,
1080 985 1111 1033 et
1135 977 1159 1032 si
1183 973 1271 1049 bujus
1288 973 1406 1048 spiritus
1431 974 1530 1030 anima
1545 965 1652 1052 (quem
1667 968 1767 1027 mundi

412 1057 539 1115 animam
569 1074 632 1116 esse
656 1074 744 1135 supra
767 1056 913 1141 docuisti)
933 1072 979 1120 est
1007 1063 1082 1137 ignis
1102 1061 1156 1137 (de
1178 1077 1239 1136 quo
1263 1060 1335 1119 alibi
1357 1059 1469 1131 sobrie,
1500 1057 1569 1117 ride
1591 1057 1692 1116 Herm.
1715 1056 1766 1115 lib.

411 1143 466 1202 IV.
491 1143 540 1202 fol.
566 1140 661 1225 255),
693 1148 777 1220 sequi
808 1148 861 1206 tibi
885 1147 1015 1222 ridetur,
1047 1156 1079 1207 ut
1105 1153 1157 1207 aer
1179 1149 1300 1222 recipiat
1330 1146 1497 1204 influentias
1529 1154 1559 1205 et
1587 1143 1766 1203 radiationes

412 1230 555 1290 coelestes
587 1231 778 1307 infundatque
809 1245 941 1312 receptas
971 1238 999 1293 in
1030 1239 1143 1295 viscera
1173 1244 1275 1294 terrac.
1323 1234 1362 1291 At
1387 1232 1458 1290 mibi
1490 1231 1547 1292 hoc
1570 1249 1628 1291 uon
1652 1230 1768 1290 videtur

412 1334 448 1376 ex
479 1319 536 1376 illis
564 1322 662 1394 sequi,
693 1321 718 1377 si
751 1322 839 1380 etiam
867 1340 937 1381 vera
965 1324 1016 1382 illa
1043 1323 1210 1383 concedam.
1256 1321 1371 1396 Recipit
1394 1320 1525 1396 quidem,
1558 1318 1615 1378 lroc
1644 1328 1689 1378 eat
1711 1317 1767 1377 ad-

411 1406 501 1463 mittit
532 1409 582 1464 adr
604 1405 798 1478 radiationcs‚
828 1410 901 1467 nilril
932 1414 1008 1471 enim
1032 1411 1098 1469 illas
1122 1408 1259 1484 impedit,
1289 1425 1325 1466 ne
1346 1405 1453 1467 Terrae
1477 1405 1596 1483 quidem
1619 1408 1768 1484 opacitas;

411 1494 610 1569 penetrantior
634 1495 742 1570 quippe
766 1499 811 1553 ris
835 1506 879 1555 est
902 1499 1092 1575 inconspicua
1115 1497 1204 1574 radii,
1232 1513 1321 1570 quam
1344 1493 1442 1554 lumen
1467 1494 1597 1552 visibile:
1631 1491 1767 1569 exemplo

412 1590 458 1638 cot
481 1581 572 1638 virtus
596 1585 769 1656 magnetica,
793 1600 869 1657 quae
894 1587 1067 1660 transspirat
1089 1603 1140 1660 per
1162 1601 1267 1642 aureas
1282 1581 1416 1641 laminas.
1463 1583 1501 1639 At
1517 1598 1575 1665 uon
1598 1583 1640 1639 sic
1662 1583 1770 1655 recipit

413 1671 463 1725 ae'r
484 1665 680 1737 redimimus,
709 1679 741 1726 ut
764 1688 815 1729 eas
839 1690 858 1730 a
880 1674 942 1731 suis
965 1673 1188 1731 formationibus
1210 1671 1396 1746 geometricis
1423 1669 1554 1745 singulas
1578 1670 1766 1728 internoscat.

412 1754 472 1813 Adr
495 1757 571 1812 euim
594 1758 715 1813 materia
738 1768 791 1827 est,
817 1774 921 1834 corpus
944 1768 1000 1838 est,
1023 1762 1201 1836 geometrice
1224 1756 1324 1832 anguli
1341 1755 1538 1831 pulchritudo,
1562 1773 1639 1831 quae
1660 1772 1768 1832 aspec-

413 1849 474 1898 tum
498 1842 612 1914 format,
635 1859 687 1900 eus
709 1845 830 1903 rationis
854 1855 915 1920 est3
939 1850 1037 1907 anime
1060 1847 1107 1906 vel
1130 1846 1218 1905 simili
1234 1844 1383 1916 facultate,
1406 1846 1526 1903 rationis
1548 1841 1767 1919 quodammodo

413 1930 564 2005 participe,
588 1946 663 2004 opus
686 1940 746 2000 est,
777 1939 809 1989 ut
832 1932 1010 1993 radiationes
1033 1934 1090 1993 boc
1113 1942 1200 2011 pecto
1223 1933 1408 2008 recipiantur.
1452 1930 1513 1991 Sed
1536 1929 1639 2006 quales
1661 1947 1767 2005 recep·

413 2018 508 2075 tiones
532 2022 563 2073 tu
586 2014 708 2089 statuas,
733 2016 761 2074 id
784 2021 910 2095 probant
932 2030 1002 2081 tuac
1024 2024 1251 2093 transfusionem
1283 2018 1319 2077 de
1342 2018 1454 2094 liquore
1477 2019 1622 2093 loqueris,
1645 2034 1703 2077 nou
1729 2016 1767 2075 de
1807 2052 1810 2061 =
1863 2068 1869 2079 .

410 2103 580 2165 affabilitate
604 2107 830 2180 proportionum,
854 2125 885 2167 re
907 2111 1096 2182 geornetrloa,
1119 2110 1237 2168 omnino
1261 2108 1345 2181 quasi
1369 2107 1405 2165 de
1427 2106 1510 2166 coelo
1535 2104 1686 2182 deplueret
1706 2103 1768 2164 ali-

414 2208 475 2267 qua
497 2193 633 2263 materia,
657 2207 746 2265 quam
768 2203 799 2251 tn
824 2195 1003 2254 influentiam
1028 2196 1118 2255 dicas

499 2277 694 2337 concluseras
724 2287 753 2337 et
783 2298 850 2339 eece
883 2285 1013 2343 vicissim
1044 2284 1140 2360 aperis
1163 2300 1272 2341 uorum
1301 2290 1519 2356 argumentum:
1554 2278 1645 2339 Terra
1667 2279 1768 2354 passi-

361 2376 364 2383 ·
410 2380 481 2422 vum
511 2375 557 2423 est
587 2364 777 2439 elementum,
811 2386 871 2426 non
901 2372 990 2446 igitur
1017 2373 1079 2446 agit
1109 2373 1140 2429 in
1162 2374 1259 2428 adrem
1280 2371 1421 2428 activum.
1466 2365 1552 2431 Tolle
1586 2366 1765 2441 depositum,

408 2449 482 2508 nibil
505 2452 654 2527 pugnabo.
700 2452 776 2511 Num
800 2472 869 2514 rero
893 2457 959 2517 idco
981 2475 1088 2532 corpus
1111 2456 1184 2515 illud
1206 2455 1334 2515 Telluris
1360 2457 1452 2515 etiam
1480 2446 1620 2513 facultate
1644 2452 1766 2510 animali

410 2546 506 2610 caret,
539 2539 622 2613 cujus
643 2538 776 2598 efficacia
807 2560 931 2619 vapores
954 2545 1136 2604 subterranei
1169 2546 1258 2603 exciti
1289 2545 1432 2602 misceant
1461 2549 1492 2601 et
1525 2541 1644 2600 turbent
1666 2543 1765 2598 adrem

410 2620 517 2683 tuum?
558 2625 651 2684 sl’erra
678 2631 830 2702 passivum
859 2639 905 2690 est
926 2632 1120 2704 elementum,
1155 2633 1243 2691 etiem
1267 2648 1333 2689 cum
1363 2632 1393 2687 in
1416 2645 1538 2704 corpore
1561 2627 1687 2687 bominis
1708 2633 1763 2699 est,

408 2728 465 2771 neo
487 2720 518 2771 at
540 2711 571 2771 id
594 2717 713 2772 nonsit
736 2716 891 2793 impeditur
913 2719 951 2778 ab
974 2720 1101 2778 hominis
1124 2720 1232 2777 anima

496 2799 571 2858 Turn
596 2804 684 2860 etiam
706 2805 910 2877 quaestionem
932 2806 1004 2865 milri
1027 2824 1137 2877 moves,
1160 2805 1276 2880 puplici
1296 2806 1359 2862 sint
1377 2804 1489 2878 capuli
1509 2803 1559 2859 isti
1581 2819 1625 2860 ort
1646 2799 1766 2858 matite-

409 2887 540 2945 moit‘ci?
582 2887 769 2949 Perturbarit
792 2901 819 2951 te
842 2892 995 2970 multiplex
1018 2894 1241 2971 aequivocarum*
1259 2899 1291 2948 ut
1313 2890 1361 2949 bie
1382 2892 1412 2946 in
1425 2907 1474 2949 me
1496 2904 1684 2963 consurgeres
1707 2889 1766 2945 im·

409 2973 532 3049 provide
556 2983 586 3033 et
614 2977 703 3034 irrito.
753 2977 819 3037 Non
841 2990 910 3039 suat
932 2999 1003 3040 saue
1036 2984 1110 3055 istae
1133 2979 1228 3039 lineae
1250 2977 1448 3038 radiationum
1477 2976 1574 3036 nudae
1595 2974 1763 3035 matbema-

330 3126 333 3137 Ι
408 3063 495 3134 tinae,
519 3072 588 3121 sunt
610 3065 685 3121 enirn
708 3064 839 3139 lucidae,
869 3067 919 3126 lux
943 3084 1012 3127 vero
1034 3086 1080 3127 res
1100 3075 1147 3128 eat
1168 3066 1308 3144 physica,
1333 3083 1388 3124 nec
1410 3072 1510 3123 carent
1532 3062 1764 3121 dimensionibus

409 3148 488 3222 suis,
524 3167 588 3208 curu
612 3149 714 3229 stellae
738 3155 797 3211 siut
817 3171 942 3231 corpora
965 3156 1159 3231 omnibusque
1182 3156 1298 3232 punctis
1321 3151 1448 3212 luceant
1494 3150 1571 3226 Quia
1598 3150 1675 3209 ultro
1698 3159 1765 3208 tuas
1823 3164 1827 3171 ’

409 3236 565 3294 instantias
588 3239 704 3310 augebo
728 3244 946 3301 accessionibus
969 3242 1128 3320 ejusmodi,
1160 3239 1197 3300 de
1221 3242 1328 3317 quibus
1351 3248 1383 3298 tu
1411 3257 1448 3299 tre
1472 3240 1609 3314 cogitasti
1632 3237 1763 3313 quidem.

408 3321 474 3380 Non
499 3331 576 3395 sunt,
600 3326 729 3400 iuquam,
754 3345 791 3386 ne
814 3330 977 3405 airrgulares
1000 3330 1119 3406 quidem
1143 3329 1257 3405 iuguli,
1286 3338 1319 3386 ut
1341 3328 1415 3386 alias
1438 3327 1466 3383 in
1490 3324 1615 3384 mathesi
1639 3324 1764 3383 demon·

406 3412 556 3468 strationis
578 3428 669 3471 causa
691 3416 870 3491 pinguntur3
901 3426 964 3476 tots
987 3419 1064 3477 enim
1093 3424 1201 3475 natura
1222 3415 1404 3487 sublunaris,
1436 3421 1549 3489 quanta
1572 3422 1685 3488 quauta
1707 3422 1762 3482 est,

410 3496 539 3572 undique
561 3497 649 3574 plena
671 3510 714 3558 est
737 3503 854 3577 augulis
877 3505 1048 3579 sextilibus,
1073 3521 1138 3563 cum
1161 3503 1222 3561 bini
1245 3503 1382 3578 planetae
1404 3501 1540 3560 sextilem
1562 3500 1687 3572 faciunt,
1711 3508 1764 3557 aut

412 3584 570 3659 quadratis,
595 3602 660 3645 cum
684 3586 870 3668 quadratum,
893 3592 930 3650 ob
954 3609 1028 3667 qrros
1050 3591 1102 3650 illa
1123 3606 1222 3667 pauno
1241 3587 1462 3665 quodammodo
1478 3588 1639 3663 comparari
1656 3594 1763 3664 potest,

411 3671 576 3733 subtemine
598 3677 772 3735 staminibus
804 3680 1011 3738 intercurrente
1034 3678 1172 3753 nudique.
1217 3677 1305 3735 mun
1322 3679 1409 3748 ,enirn
1422 3676 1457 3733 'a
1479 3674 1605 3750 planetis
1628 3674 1764 3732 omuibus

406 3757 447 3818 ad
471 3763 569 3819 omnia
592 3765 682 3822 totius
705 3764 805 3823 mundi
827 3775 937 3842 puncta
959 3766 1144 3825 delabuntur.
1189 3763 1248 3823 Tot
1263 3766 1351 3840 igitur
1365 3764 1532 3822 nominibus
1555 3760 1684 3821 concedo
1699 3760 1763 3832 tibi,

407 3846 588 3907 radiationes
614 3867 677 3909 esse
702 3851 847 3928 physicas.
894 3856 934 3911 lit
956 3853 1030 3913 baec
1053 3855 1152 3912 omnia
1174 3856 1202 3912 in
1225 3860 1346 3928 aspectu
1368 3851 1465 3909 adbuc
1488 3857 1600 3909 tautum
1623 3849 1762 3931 materiae

405 3951 460 3993 seu
484 3935 609 4011 subjecti
632 3939 775 3997 rationem
797 3941 924 4013 babent,
954 3950 1089 4019 superest
1110 3941 1221 4013 forma,
1252 3940 1327 3998 ratio
1349 3939 1464 3997 seilicet
1487 3944 1640 4014 aspectus,
1672 3934 1761 3993 ducta

408 4038 444 4080 ex
466 4027 653 4099 proportione
675 4033 862 4102 geometrica,
885 4046 932 4087 res
955 4045 1032 4088 mere
1055 4028 1271 4098 mathematica,
1296 4043 1376 4097 mere
1397 4023 1614 4095 intellectualis,
1639 4032 1669 4082 et
1684 4038 1760 4097 quae

407 4109 438 4165 in
466 4109 576 4168 nullum
601 4126 706 4188 corpus
729 4116 819 4191 recipi
843 4116 890 4173 vel
913 4118 1029 4194 inprimi
1052 4124 1165 4191 potest,
1189 4133 1241 4174 seu
1261 4113 1388 4173 solidum
1409 4114 1448 4170 sit
1471 4111 1557 4185 illud,
1581 4118 1614 4169 ut
1635 4118 1712 4169 terra
1734 4118 1763 4169 et

406 4196 544 4270 metalla,
576 4215 629 4257 seu
652 4200 789 4273 fluidum,
813 4210 940 4278 utaque
964 4214 993 4264 et
1012 4209 1062 4263 aiir
1078 4212 1154 4262 tuus.
1199 4201 1266 4260 Hoc
1288 4204 1407 4277 iuquam
1430 4199 1599 4271 discrimen,
1622 4213 1762 4273 separans

405 4283 540 4343 sextilem
562 4303 581 4343 a
604 4286 712 4361 reptili,
736 4297 768 4346 ut
793 4288 841 4348 ille
864 4293 902 4349 sit
924 4292 1037 4365 efficax,
1061 4294 1117 4351 iste
1140 4309 1214 4363 non,
1238 4286 1319 4347 nulla
1342 4289 1454 4347 ratione
1478 4285 1567 4344 ullam
1591 4300 1761 4360 corpoream

406 4373 557 4429 materiam
581 4389 699 4433 morere
723 4384 835 4451 potest;
866 4379 986 4436 animali
1009 4379 1150 4438 facultate
1172 4394 1246 4457 opor
1270 4384 1328 4441 est,
1362 4392 1437 4451 quae
1460 4373 1601 4432 hacteuus
1625 4375 1664 4431 sit
1686 4387 1760 4446 geo-

406 4460 696 4538 metriaeparticeps
719 4464 835 4539 atejus
859 4464 976 4539 quidem
1000 4468 1188 4541 congenitae,
1211 4480 1270 4521 uon
1294 4461 1411 4525 demum
1433 4460 1708 4520 ratiocinationibus
1731 4465 1761 4518 et

407 4544 567 4621 disciplinis
591 4551 762 4626 acquisitae.

493 4633 569 4692 Illud
599 4652 668 4695 vero
700 4637 882 4696 ratiocinium
906 4645 987 4698 tuum
1020 4654 1078 4696 non
1100 4638 1252 4714 intelligo:
1281 4639 1315 4695 ia
1340 4636 1512 4713 primordio
1537 4638 1667 4711 spirituo
1688 4630 1758 4692 Do·

407 4723 486 4795 mini
508 4729 607 4780 ocutus
628 4731 670 4781 est
690 4728 843 4801 movitque
865 4743 955 4802 super
977 4729 1074 4802 aquia
1096 4744 1161 4785 non
1183 4728 1217 4784 in
1239 4725 1374 4785 tenebris
1420 4724 1504 4800 Erpo
1528 4723 1691 4783 radiorum
1712 4722 1761 4779 υἰ-

401 4807 539 4868 sibilium
570 4810 679 4885 eupuli
709 4812 786 4887 facti
817 4821 891 4873 aaut
923 4816 957 4872 in
979 4819 1070 4889 aeia,
1102 4808 1170 4875 rton'
1201 4816 1235 4873 in
1266 4820 1358 4872 terra.
1404 4812 1500 4873 Video
1534 4811 1668 4888 quidem,
1700 4824 1760 4886 quo
