3940 5856
739 364 822 422 einer
838 368 871 424 v.
890 368 979 439 capa
996 367 1056 425 vn.
1154 339 1158 345 ’

775 621 918 694 CAPUT
948 622 1011 693 Vll.

253 766 458 824 Harmoniae
481 769 700 825 uniuersales
729 769 872 824 omnium
898 784 960 835 sex
983 768 1205 838 planetarum
1228 765 1337 821 veluti
1361 771 1548 825 communia

584 862 834 928 contrapuncta
852 855 1112 926 quadriformia
1126 853 1209 908 dari.

305 998 390 1058 Nunc
413 1016 504 1081 opus,
527 996 652 1073 Uranie,
680 1003 778 1059 sonitu
800 999 930 1081 majore,
959 998 1103 1077 damper
1125 978 1236 1057 scalam
1258 996 1458 1061 harmonicam
1482 1000 1580 1062 coele-

220 1086 309 1145 stium
332 1094 463 1162 motuum
488 1085 525 1145 ad
548 1084 654 1146 altiora
677 1086 856 1160 conscendo,
888 1089 1114 1165 qua'genninus
1136 1083 1315 1162 archetypus
1343 1086 1470 1148 fabricae
1493 1108 1579 1149 mun-

219 1173 313 1233 danae
336 1173 502 1234 recnnditne
517 1182 693 1235 asservatur.
728 1175 898 1251 Sequimini,
922 1176 1027 1234 musici
1041 1173 1184 1247 moderni,
1199 1190 1318 1247 remque
1334 1176 1440 1234 vestris
1456 1177 1579 1255 artibus,

223 1263 395 1335 antiquitati
425 1279 483 1321 non
508 1263 648 1338 cognitis,
679 1265 810 1322 censetei
843 1261 907 1323 Vos
929 1262 975 1321 his
1000 1262 1109 1321 seculis
1132 1260 1242 1318 ultimis
1263 1262 1358 1335 prima
1380 1266 1580 1323 universitatis

219 1347 355 1426 exempla
377 1350 519 1426 genuina,
550 1351 593 1409 bis
622 1348 745 1411 millium
768 1367 911 1411 eunocum
940 1351 1095 1419 incubatu,
1125 1345 1243 1406 tandem
1266 1347 1403 1425 produxit
1429 1352 1477 1408 sni
1499 1369 1577 1410 nun-

220 1454 308 1513 quam
339 1454 399 1495 non
420 1435 545 1515 prodiga
573 1432 692 1511 natura,
725 1439 830 1496 vestris
860 1434 912 1496 iila
942 1454 1048 1495 vonum
1072 1436 1218 1494 variarum
1246 1435 1436 1495 concentibus
1466 1455 1577 1516 perque

220 1530 333 1583 vestras
356 1541 441 1583 aures
464 1541 529 1584 sese
551 1525 654 1601 ipsam,
679 1523 775 1601 qualis
798 1525 1113 1601 eristat‘penitissimo
1137 1523 1213 1597 sinu,
1237 1524 1327 1581 menti
1341 1523 1497 1601 humanae,
1520 1525 1579 1587 Dei

220 1608 367 1671 Crantoris
387 1608 468 1672 tiliae
492 1610 715 1684 dilectissimae,
738 1607 986 1695 insusurraret)

307 1697 388 1773 Quae
410 1698 596 1759 harmonicas
624 1701 828 1777 proportiones
858 1699 920 1760 bini
942 1698 1081 1775 planetae
1106 1697 1201 1754 vicini
1226 1701 1359 1755 motuum
1383 1714 1502 1758 suorum
1525 1718 1579 1759 ex·

221 1786 415 1846 tremitatibus
438 1784 706 1863 complecterentur,
731 1786 761 1845 id
784 1783 961 1864 explicatum
984 1786 1152 1860 initsupra.
1197 1781 1308 1859 Verum
1325 1786 1469 1862 contingit
1489 1790 1579 1846 raris-
1612 1781 1627 1817 '¹

221 1873 303 1946 sime,
327 1881 361 1933 ut
384 1872 453 1948 duo,
476 1875 650 1951 praesertim
673 1872 841 1945 tardissimi,
864 1870 952 1931 simul
974 1873 1003 1929 in
1026 1889 1081 1930 sua
1103 1867 1233 1930 incidant
1255 1876 1386 1930 extrema
1407 1874 1578 1951 intervalla3

221 1961 303 2019 verbi
326 1977 424 2034 cause,
448 1959 565 2020 Saturni
589 1968 619 2020 et
640 1958 728 2020 Jovis
750 1959 868 2036 apsides
891 1960 1001 2018 distant
1024 1958 1136 2018 circiter
1159 1954 1231 2031 81⁰,
1255 1958 1343 2032 igitur
1365 1960 1484 2034 interea,
1509 1962 1579 2021 dum

221 2047 295 2107 hacc
316 2047 432 2107 iliorum
455 2047 597 2107 distantia
618 2050 705 2107 certis
725 2050 895 2107 vicenorum
911 2061 1055 2106 annorum
1067 2044 1194 2105 saltibus
1217 2052 1313 2103 totum
1326 2044 1479 2107 zodiacum
1496 2065 1578 2110 eme·

222 2137 319 2203 riatur,
342 2137 411 2193 anni
435 2133 573 2195 labuntur
597 2136 669 2208 800,
692 2152 787 2217 neque
810 2142 908 2194 tamen
931 2133 1041 2208 saltus,
1066 2134 1116 2209 qui
1140 2139 1278 2191 newsum
1301 2131 1413 2193 claudit
1434 2130 1577 2218 seculum,

221 2223 353 2299 praecise
374 2222 464 2281 ierim
486 2220 523 2283 ad
545 2223 707 2300 ipsissimas
729 2222 858 2299 apsidas,
882 2228 912 2281 et
933 2222 959 2279 si
981 2219 1071 2297 paulo
1093 2217 1211 2297 longius
1234 2219 1364 2299 aberret,
1386 2223 1578 2299 exspectandi

222 2316 292 2368 sunt
312 2308 362 2368 aiii
387 2310 450 2369 800
472 2311 550 2383 euni,
574 2316 607 2369 ut
628 2309 721 2368 saltm
744 2308 795 2368 illo
816 2309 928 2369 ieiicier
949 2326 1016 2366 cum
1038 2309 1151 2379 ratione
1174 2309 1277 2383 quaeri
1291 2309 1395 2383 possit,
1418 2309 1507 2386 idque
1529 2318 1579 2370 tn-

223 2398 279 2456 ties
294 2397 474 2470 iterandum,
497 2398 614 2474 quoties
636 2395 772 2459 modulus
793 2397 986 2456 aberrationis
1009 2398 1039 2453 in
1061 2397 1149 2454 nnius
1170 2393 1264 2454 esitus
1287 2393 1433 2455 dimidiati
1454 2398 1578 2474 prolixi-

223 2492 284 2543 tate
306 2485 478 2544 continetnr.
524 2483 611 2544 Tales
635 2483 771 2561 periodos
795 2483 925 2543 efficiunt
947 2486 1036 2543 edam
1059 2489 1173 2542 ceterae
1196 2482 1283 2559 bigae
1305 2482 1456 2560 singulae,
1480 2473 1576 2563 quanss

224 2589 312 2647 quam
334 2566 392 2630 non
416 2574 456 2630 ita
471 2570 609 2648 prolixas.
653 2571 773 2631 Interim
788 2572 1043 2647 verocontingunt
1063 2573 1152 2629 etiam
1167 2569 1244 2628 aliae
1258 2570 1428 2630 harmoniae
1443 2573 1578 2635 binorum
1663 2596 1667 2605 ’
1726 2606 1735 2617 -

223 2659 421 2736 planetarum,
445 2658 520 2720 inter
541 2664 637 2717 motus
660 2672 719 2718 non
742 2667 887 2719 extremos
909 2663 1065 2735 utrosque,
1089 2656 1141 2718 sed
1165 2655 1382 2731 intermedium,
1415 2659 1464 2718 vel
1486 2678 1578 2723 uuum

224 2745 271 2805 vei
293 2753 465 2822 utrumque,
490 2764 601 2823 eaeque
622 2748 651 2804 in
676 2745 801 2807 diversis
824 2747 915 2806 veluti
939 2744 1131 2805 tensionibus.
1176 2743 1251 2802 Nam
1281 2746 1352 2820 quia
1373 2743 1517 2807 Saturnus
1541 2765 1577 2809 ex

226 2831 253 2892 G
275 2835 305 2890 in
326 2830 347 2891 lr'
369 2840 399 2894 et
419 2831 509 2911 paulo
532 2834 654 2901 ulterius
675 2832 812 2907 tenditur,
837 2832 955 2910 Jupiter
970 2850 1006 2891 ex
1028 2832 1048 2890 n
1070 2831 1142 2889 iud
1162 2836 1192 2891 et
1214 2829 1349 2905 amplius,
1371 2836 1577 2911 possuntigi-

223 2927 270 2980 tur
292 2922 460 2997 contingere
481 2921 557 2979 inter
577 2919 687 2981 Jovem
709 2927 739 2981 et
760 2912 919 2981 Saturnum
948 2917 1117 2979 harmoniae
1145 2920 1234 2996 etiem
1256 2920 1331 2977 istae
1361 2936 1450 2996 supra
1472 2910 1577 3000 diapa-

225 3024 290 3081 son,
313 3009 400 3067 tertia
422 3014 545 3083 utraque
575 3016 605 3067 et
627 3007 825 3082 diatessaron3
857 3006 972 3069 iliarum
1002 3006 1121 3084 quidem
1151 3004 1291 3065 alterutra
1326 3023 1377 3083 per
1404 3010 1576 3084 tensionem,

225 3113 301 3170 quac
324 3094 416 3155 habet
438 3092 660 3171 amplitudinem
676 3094 830 3174 reliquae,
853 3094 926 3156 haec
949 3111 1019 3153 vero
1042 3111 1095 3170 per
1117 3091 1339 3168 amplitudinem
1362 3096 1423 3152 toni
1445 3096 1575 3172 majoris.

225 3178 415 3242 Diatesearou
437 3185 514 3241 enim
538 3184 592 3241 erit
614 3199 673 3242 non
695 3188 850 3242 tantuma
874 3178 901 3241 0
923 3182 1040 3243 Saturni
1063 3184 1149 3240 in·cc
1169 3178 1272 3253 Jovis,
1300 3180 1352 3239 sed
1375 3183 1463 3241 etiam
1486 3183 1524 3243 ab
1547 3187 1575 3243 A

224 3268 344 3329 Saturni
366 3272 395 3327 iu
418 3268 460 3328 del
472 3269 558 3329 lovis
581 3276 610 3328 et
631 3287 684 3348 per
705 3269 877 3329 intermedia
897 3270 998 3328 omnia
1018 3271 1093 3328 inter
1106 3266 1142 3342 G,
1164 3271 1192 3327 A
1215 3267 1294 3325 iliius
1310 3275 1340 3327 et
1355 3286 1394 3341 ce,
1417 3268 1459 3329 dd
1476 3270 1575 3348 hujus.

226 3356 380 3433 Diapason
412 3374 481 3415 vero
513 3362 542 3415 et
573 3355 710 3433 diapente
740 3358 769 3415 in
797 3356 869 3417 eolis
891 3355 1026 3433 apsidum
1048 3358 1164 3433 punctis
1191 3357 1342 3431 contingit.
1387 3355 1467 3415 Mars
1495 3375 1593 3434 vero,-

223 3443 320 3520 majue
340 3452 445 3503 nactus
468 3442 653 3503 intervalium
675 3445 833 3521 proprium,
857 3444 915 3503 hoc
937 3444 1077 3517 obtinuit,
1102 3450 1135 3501 ut
1156 3444 1244 3503 etiam
1268 3442 1411 3519 diapason
1434 3462 1500 3504 cum
1520 3463 1575 3505 sn·

223 3531 387 3609 purioribus
414 3548 466 3607 per
487 3531 616 3608 aliquam
638 3533 780 3591 tensionis
800 3530 1024 3608 amplitudinem
1046 3530 1144 3589 iaciat.
1188 3529 1351 3591 Mercurius
1381 3537 1495 3590 tantum
1519 3534 1575 3592 ob-

224 3620 312 3678 tinuit
333 3618 536 3693 intervalium,
567 3626 601 3677 ut
627 3618 798 3695 plerumque
829 3636 930 3679 omnes
962 3619 1229 3679 hanoniensem
1252 3617 1395 3677 'omnibus
1416 3621 1575 3680 constituat

225 3706 303 3765 intra
327 3722 417 3765 unam
448 3705 600 3782 periodum
627 3722 727 3779 snam,
758 3724 835 3782 quae
863 3722 923 3766 nou
951 3701 1092 3783 proiixior
1119 3713 1163 3765 est
1192 3707 1279 3764 trium
1301 3706 1444 3764 mensium
1465 3709 1571 3783 spatio.

225 3791 328 3853 Tellus
349 3810 366 3853 e
388 3800 490 3853 contra
510 3793 672 3869 Venusque
693 3793 786 3853 multo
807 3796 903 3870 magis
924 3795 1061 3871 angustia
1081 3794 1264 3870 propriorum
1286 3791 1504 3852 intervallorum
1525 3812 1574 3854 re·
1596 3802 1601 3818 ‘

225 3881 371 3956 stringunt
392 3880 560 3940 harmonias
581 3897 652 3939 suas
673 3897 732 3939 non
756 3888 869 3940 tuntum
892 3897 959 3941 cum
980 3883 1098 3954 ceteris,
1130 3877 1182 3938 sed
1205 3881 1331 3940 maxime
1353 3882 1427 3940 inter
1449 3898 1481 3939 se
1503 3900 1574 3940 mu-

225 3974 302 4041 tuas,
324 3967 362 4026 ad
385 3969 563 4046 paudtstem
585 3967 785 4045 spectabilem.
832 3967 945 4043 Quulsi
968 3976 1027 4028 tres
1050 3969 1079 4026 in
1102 3984 1191 4026 unam
1205 3967 1386 4041 harmoniam
1409 3970 1574 4044 conspirare

228 4054 370 4123 debeant,
402 4054 510 4114 multae
540 4053 658 4131 quidem
680 4056 767 4127 vices,
790 4062 858 4115 suut
886 4054 1111 4132 exspectandae,
1141 4053 1251 4113 multae
1282 4045 1378 4113 tamen
1405 4053 1574 4117 harmoniae

225 4149 308 4214 sunt,
326 4147 373 4207 ‚nt
401 4144 443 4201 ita
462 4148 545 4215 tanto
572 4143 687 4201 ieciiine
715 4144 901 4219 contingant,
931 4142 1000 4201 dum
1022 4144 1147 4202 vicinam
1161 4158 1255 4201 ,suam
1284 4143 1417 4217 proxima
1439 4160 1574 4220 quaeque

193 4264 197 4285 .
226 4231 342 4304 excipit,
367 4226 560 4304 videnturque
582 4230 657 4288 inter
679 4228 812 4303 Martem,
836 4228 984 4289 Tellurem
1004 4236 1034 4289 et
1056 4229 1231 4289 Mercurium
1253 4228 1380 4308 triplices
1405 4232 1574 4308 contingere

225 4316 422 4393 saepiuscule..
463 4315 596 4391 Qnstuor
616 4333 687 4376 vero
709 4317 892 4393 planetarum
914 4316 1084 4377 harmoniae
1102 4317 1165 4391 jam
1186 4318 1327 4394 incipiunt
1349 4318 1447 4392 spargi
1468 4320 1499 4375 in
1522 4335 1571 4377 se-

230 4402 307 4476 cula,
331 4405 461 4480 quinque
480 4404 666 4480 planetarum
689 4407 718 4462 in
741 4404 890 4483 myriadas
912 4420 1062 4464 annornm.
1109 4400 1149 4464 Ut
1165 4420 1235 4463 vero
1257 4420 1309 4463 sex
1325 4419 1425 4463 omncs
1447 4421 1571 4464 consen-

302 4595 327 4647 i⁵)
340 4586 406 4637 Anne
419 4595 528 4645 flagitium
539 4595 622 4645 inemo,
637 4595 658 4636 si
671 4606 685 4635 a
697 4594 794 4644 singuiis
808 4589 875 4645 hujus
888 4593 971 4633 salatia
985 4592 1132 4642 componistis
1145 4591 1288 4632 nunciorum
1301 4591 1398 4640 aliquam
1411 4593 1516 4633 motatum

225 4649 268 4689 hoc
281 4648 355 4698 elogio
364 4646 473 4697 exigunt
501 4644 597 4688 'sextum
610 4649 654 4688 lruo
667 4651 743 4698 aptum
756 4646 847 4686 Psalles
860 4636 946 4695 nasim
960 4642 1073 4695 ceterique
1087 4644 1151 4685 litori
1165 4644 1216 4684 iibri
1230 4644 1374 4693 suppeditare
1386 4646 1498 4694 poterunt.
1525 4601 1568 4685 de·

225 4710 274 4742 run
289 4702 344 4742 ireos
357 4710 407 4747 vos,
420 4702 444 4741 in
458 4701 521 4740 coeio
534 4701 612 4749 plures
625 4710 689 4751 quem
704 4710 744 4741 sex
758 4709 802 4739 non
816 4698 958 4738 concordent.
986 4698 1041 4737 Nem
1053 4697 1118 4737 Luna
1137 4697 1232 4737 seorsim
1245 4705 1307 4735 susm
1320 4696 1442 4736 monodism
1456 4696 1567 4745 cantillst,

225 4755 304 4795 cmi·
318 4757 343 4794 ut
356 4754 421 4794 oanis
434 4753 546 4795 midens-
574 4752 678 4795 &nistre
698 4752 819 4801 symbolas,
834 4761 889 4800 ego,
910 4754 936 4790 ut
951 4750 1010 4791 iiim
1021 4749 1071 4798 ilat,
1094 4759 1135 4789 m
1153 4750 1255 4797 pertibus
1270 4753 1394 4791 annum
1409 4759 1445 4789 ms
1465 4749 1569 4790 sedulum

225 4807 341 4858 polliceor.
369 4806 413 4854 Qut
426 4804 517 4898 propigr
530 4805 636 4846 musicum
649 4806 770 4848 coelestem
779 4804 894 4858 ,apameo
908 4802 951 4842 hoc
963 4812 1031 4853 opero
1045 4802 1188 4852 descriptam,
1203 4802 1254 4841 nuic
1263 4800 1311 4843 Glto
1325 4804 1416 4851 sertum,
1432 4802 1515 4851 Ursule
1524 4802 1567 4849 Va

225 4869 302 4902 nm
314 4868 419 4912 moneam
431 4867 487 4908 spon
503 4859 550 4898 snt.

1544 4601 1569 4631 ΓΟ
