3882 5862
447 391 511 449 448
918 381 1084 453 appendicis
1101 382 1325 438 Harmonicorum

449 562 535 623 datur
559 562 717 623 descensus
746 562 777 620 in
799 559 918 622 Terram
949 561 1028 621 illius
1057 561 1226 635 coelestium
1255 571 1387 623 motuum
1418 565 1602 639 harmoniae,
1634 583 1723 643 quam
1745 585 1793 646 ego

448 651 549 711 doceo.
595 650 724 711 Termini
748 650 826 709 enim
855 653 1077 727 proportionum
1099 650 1333 710 harmonicorum
1356 652 1545 726 coelestium,
1574 651 1674 712 idest
1703 666 1793 715 motus

450 739 634 817 planetarum
657 738 853 797 dimensiones
883 754 952 796 suas
975 740 1123 813 accipiunt
1150 755 1208 797 non
1232 756 1267 798 ex
1291 742 1430 811 terrestri,
1461 740 1513 799 sed
1537 740 1685 800 exsulari
1708 736 1808 821 appa-¹

448 830 549 889 rentia.
593 827 776 886 Descensum
800 826 888 900 igitur
911 825 1082 884 coelestium
1105 825 1322 886 harmoniarum
1344 845 1402 885 non
1425 831 1455 886 in
1471 826 1599 900 Terram,
1624 829 1676 887 sed
1700 831 1728 886 in
1743 832 1794 889 So-

449 914 505 972 lem
529 913 615 973 docui
637 917 667 972 in
691 913 808 989 epilogo
831 912 958 974 libriV
997 912 1151 988 Rccaquis
1185 931 1220 973 ex
1251 914 1364 991 analyai
1388 916 1491 990 quinta
1514 916 1725 991 objectionem,
1751 935 1795 976 cm

446 1008 579 1079 tempora
603 1019 658 1076 ego
681 1018 738 1058 non
762 998 912 1058 attendam
941 1000 1107 1077 periodica,
1138 1002 1165 1058 si
1191 1003 1265 1059 inter
1286 1010 1398 1075 motus,
1430 1004 1479 1077 qui
1512 1005 1541 1059 in
1565 1011 1696 1081 tempora
1719 1005 1794 1078 fiunt,

446 1088 614 1148 harmonias
638 1104 806 1165 agnoscam.
852 1085 931 1147 Satis
955 1086 1077 1146 dilutam
1100 1091 1234 1147 existimo
1258 1090 1334 1148 hauc
1356 1084 1586 1187 objectionem
1578 1107 1608 1147 m
1631 1097 1794 1167 responsio-

445 1178 533 1236 nibus
556 1178 628 1235 meis
650 1178 793 1253 superius.

364 1257 365 1261 ’
533 1263 664 1323 Tandem
688 1259 800 1337 aliquid
823 1261 986 1337 subjungis,
1011 1277 1102 1337 qqu
1104 1278 1140 1319 ιιι
1163 1236 1246 1320 tuum
1269 1265 1384 1321 asseris.
1428 1262 1494 1322 Nan
1517 1281 1629 1339 pugno.
1668 1266 1795 1326 Accedat

445 1351 519 1410 haec
541 1353 767 1430 comparationis
789 1348 933 1425 particula
957 1367 991 1409 ea
1014 1354 1043 1408 te
1067 1348 1124 1406 illis
1147 1352 1220 1408 meis
1243 1350 1520 1426 comparationibus
1564 1351 1613 1410 De
1635 1352 1794 1413 lrarmonia

445 1442 526 1497 enim
549 1438 725 1500 ascendente
746 1443 774 1495 et
795 1435 987 1495 descendente
1014 1436 1086 1494 nibil
1112 1453 1166 1512 ego
1197 1436 1255 1495 hoc
1277 1455 1383 1506 sensu,
1415 1455 1469 1497 nec
1494 1438 1529 1495 de
1550 1457 1656 1497 rerum
1678 1442 1794 1501 excite·

382 1514 386 1531 ‘
446 1529 527 1585 tione
548 1545 603 1603 per
624 1526 836 1600 harmoniamJ
864 1522 1001 1583 lectorem
1025 1525 1112 1599 igitur
1135 1523 1176 1607 ad⁴
1196 1540 1270 1601 opus
1292 1532 1386 1584 totum
1409 1527 1554 1584 remitto·
1579 1525 1636 1601 Qui
1660 1530 1685 1584 si
1710 1531 1794 1587 etiam

447 1612 504 1672 hoc
534 1618 562 1670 in
586 1613 637 1673 illo
661 1614 819 1685 invenerit,
851 1610 937 1687 quale
966 1621 998 1669 tu
1020 1610 1133 1671 coelum
1166 1610 1276 1672 habeas
1297 1615 1331 1670 in
1354 1613 1451 1686 terra,
1469 1614 1552 1672 'tunc
1574 1614 1692 1673 demum
1717 1632 1794 1675 com-

444 1711 544 1779 paret,
578 1718 655 1777 quae
684 1718 739 1775 ego
771 1699 806 1759 de
834 1698 1000 1759 charactere
1032 1698 1146 1757 zodiaci
1174 1702 1203 1757 in
1236 1701 1333 1759 anima
1361 1700 1511 1759 sublunari
1545 1703 1634 1778 inque
1667 1706 1794 1761 omnium

446 1788 599 1848 bantinum
622 1788 762 1848 vitalibus
785 1786 973 1846 facultatibus
988 1804 1052 1873 sum
1067 1787 1302 1863 philosophatus,
1323 1786 1503 1863 judicatque,
1528 1787 1642 1847 idemne
1666 1790 1794 1849 dicamus

444 1888 481 1935 ἰιι
507 1875 647 1936 diversa?
691 1876 766 1934 Nam
795 1872 875 1949 quod
899 1874 1019 1934 Terram
1046 1876 1121 1933 inter
1142 1874 1240 1933 sidera
1265 1875 1332 1934 ferri
1359 1875 1462 1949 credo,
1494 1892 1552 1933 rron
1575 1879 1600 1934 is
1623 1884 1668 1935 ιιι
1689 1886 1796 1953 raptus

441 1968 590 2040 poeticas,
614 1962 666 2024 sed
689 1964 916 2036 astronomicus,
939 1970 972 2020 ut
995 1963 1125 2039 proxime
1148 1970 1275 2021 cautum.

532 2051 586 2109 Ad
612 2051 799 2127 hnalein
821 2048 931 2108 XVII.
970 2048 1005 2107 In
1029 2051 1237 2109 constitutione
1260 2051 1452 2108 terminorum
1467 2049 1638 2110 harmoniae
1654 2052 1795 2128 cujusque

444 2137 599 2215 descripsi,
623 2147 651 2199 te
675 2139 759 2196 fisum
782 2137 944 2209 veteribus,
969 2137 1018 2211 qui
1042 2136 1198 2196 credebant
1221 2139 1280 2195 vim
1303 2137 1500 2197 harmonicam
1523 2155 1587 2196 esse
1610 2155 1646 2197 ιιι
1669 2141 1795 2200 numeris

443 2227 607 2289 abstractis.
652 2226 714 2285 Etsi
747 2226 824 2283 enim
854 2223 896 2282 illi
926 2222 1041 2283 chordis
1072 2223 1257 2301 applicarant
1286 2226 1411 2283 unitates
1440 2224 1623 2300 longitudine
1646 2227 1794 2302 aequales,

445 2317 504 2372 vim
529 2324 706 2374 tamennon
730 2331 748 2371 a
770 2312 934 2387 quantitate
958 2313 1112 2384 continua,
1136 2313 1188 2370 sed
1212 2331 1230 2370 a
1252 2328 1386 2385 numero,
1403 2319 1443 2370 -ut
1465 2329 1619 2386 numerus,
1645 2331 1711 2373 asse
1735 2331 1795 2375 cre-

444 2399 589 2462 diderunt.
633 2399 690 2459 Per
713 2399 769 2463 boc
792 2398 899 2475 dogma
929 2397 991 2456 fieri
1014 2398 1099 2458 facilc
1121 2406 1233 2476 potest,
1256 2406 1289 2456 ut
1312 2402 1376 2474 quis
1401 2402 1490 2458 missa
1521 2391 1700 2476 aequalitate
1724 2418 1795 2477 geo·
1851 2406 1858 2413 “

442 2492 564 2548 metrica
588 2490 734 2546 unitatum
763 2495 863 2545 contra
892 2487 979 2545 etiam
1011 2504 1121 2546 morem
1153 2495 1283 2545 vetorum
1316 2485 1470 2545 delabatur
1495 2487 1533 2545 ad
1565 2490 1692 2547 unitates
1722 2506 1795 2565 geo-

443 2579 561 2635 metrice
583 2573 762 2650 inaequales.
808 2572 875 2633 Hoc
907 2575 957 2632 tibi
982 2575 1140 2650 contigisse
1163 2573 1233 2632 dixi.
1253 2570 1258 2577 ’
1277 2572 1361 2632 Tunc
1384 2573 1440 2632 boc
1462 2574 1589 2632 affirmas
1621 2593 1658 2633 an
1681 2574 1796 2653 negas?

445 2663 592 2723 Exordiris
622 2663 705 2740 quasi
729 2670 906 2737 negaturus,
938 2660 1023 2721 affers
1045 2670 1218 2737 argumenta
1239 2663 1404 2737 negationis
1434 2662 1651 2737 impertinentia
1674 2673 1796 2740 totaque

442 2753 553 2829 passim
584 2742 720 2810 oratione'
745 2742 932 2808 corrfitentem'
961 2758 989 2808 tc
1011 2749 1120 2825 prodis.
1165 2748 1294 2808 Exhibcs
1322 2751 1415 2825 primo
1438 2747 1626 2827 Pythagorae
1649 2753 1797 2827 trigonum

442 2840 639 2912 audientum,
668 2855 732 2897 non
760 2837 867 2913 figuris
893 2837 990 2912 plane
1018 2839 1218 2911 mercatoriis,
1249 2836 1301 2895 sed
1320 2853 1401 2894 mere
1428 2837 1613 2912 formalibus
1634 2838 1796 2913 depictam,

442 2929 543 3004 itaque
567 2927 604 2985 ab
628 2926 783 2985 abstractis
806 2927 932 2984 numeris
954 2926 1050 2999 ipsum
1074 2923 1160 2999 longe
1184 2923 1291 2983 distare
1314 2923 1474 2983 contendis.
1520 2924 1626 3000 Atqui,
1657 2925 1795 2998 Robertc,

439 3013 503 3090 janr
526 3014 582 3073 hoc
611 3021 657 3071 cst
683 3011 809 3087 amplius
839 3010 966 3087 aliquid,
997 3029 1085 3087 quam
1114 3011 1238 3070 formare
1261 3012 1398 3070 terminos
1421 3010 1607 3087 harmoniaeJ
1640 3022 1684 3071 eat
1718 3015 1796 3073 enim

442 3101 583 3161 formatos
607 3098 715 3159 dudum
740 3098 888 3175 applicare
912 3100 1008 3201 rebus,
1032 3098 1068 3158 de
1091 3116 1150 3176 qua
1172 3099 1243 3156 milri
1267 3114 1356 3175 opera
1378 3114 1472 3156 sermo
1495 3116 1553 3156 raon
1576 3100 1639 3158 luit.
1687 3100 1723 3159 lt
1747 3118 1797 3159 cur

443 3206 490 3248 me
513 3188 621 3248 refutas
651 3195 684 3247 ut
710 3193 878 3261 negantem,
910 3187 961 3261 qui
989 3187 1064 3262 legis
1096 3186 1266 3279 aldpnantis
1297 3186 1404 3259 verba,
1434 3192 1463 3245 ιι
1488 3188 1615 3245 unitates
1647 3188 1796 3263 applicare

435 3277 543 3350 rebus,
568 3274 647 3351 quod
671 3284 715 3335 est
736 3284 816 3332 sane
832 3291 868 3333 ex
890 3273 1037 3333 abstracto
1060 3282 1225 3333 concretum
1248 3270 1365 3331 lacer'ei

532 3362 627 3440 Quam
658 3364 747 3438 igitur
768 3369 812 3418 tu
809 3352 870 3419 hic
891 3360 979 3436 plena
1001 3362 1110 3438 pagina
1133 3362 1184 3419 26.
1216 3361 1303 3419 infers
1326 3359 1543 3437 philosophiam
1566 3360 1796 3437 Pythagoricam

443 3449 479 3509 de
506 3451 651 3530 mysteriis
674 3451 882 3524 trigonicorum
904 3462 1088 3508 numerorum
1115 3451 1147 3519 l,
1172 3450 1205 3521 3,
1232 3449 1269 3537 6,
1294 3447 1342 3516 10,
1365 3465 1400 3506 ιι
1422 3465 1506 3506 suam
1528 3457 1655 3507 meretur
1676 3450 1796 3508 laudem

443 3537 508 3597 loeo
540 3554 594 3597 suo
627 3554 646 3595 a
672 3536 859 3613 peritioribus
887 3526 974 3611 liujus
1003 3535 1209 3613 philosophiae
1240 3551 1328 3611 quam
1357 3551 1422 3593 sum
1451 3553 1515 3611 ego.
1570 3535 1639 3594 Mea
1674 3536 1795 3613 quidem

442 3624 515 3683 haec
538 3627 641 3683 messis
672 3641 731 3683 non
753 3631 813 3697 est,
845 3639 900 3681 nec
923 3641 958 3681 ιι
986 3623 1115 3699 indigeo.
1159 3623 1263 3701 Spicea
1293 3632 1389 3681 tamen
1413 3621 1528 3698 aliquas
1556 3625 1668 3698 passim
1696 3624 1795 3697 legere

428 3712 569 3789 ,expedit
618 3709 740 3771 Gradus
761 3714 978 3787 progressionis
999 3712 1152 3789 formae
1140 3728 1175 3769 sn
1197 3718 1314 3769 statura
1338 3709 1377 3768 ab
1395 3711 1622 3787 imperfectione
1643 3711 1687 3769 ad
1707 3730 1796 3770 mam·

366 3786 370 3809 '
440 3818 523 3858 mam
544 3800 759 3876 perfectionem
782 3797 914 3876 appellas
933 3801 1143 3874 proportiones
1163 3798 1317 3876 formales.
1347 3796 1450 3856 ¹Hunc
1478 3814 1630 3857 numerum
1660 3801 1705 3857 ais
1725 3800 1796 3876 fcr-

440 3886 566 3961 maiem,
590 3904 659 3945 vere
681 3888 818 3961 igneam,
849 3890 964 3947 rationi
984 3887 1273 3964 familiarissimum.
1319 3884 1410 3958 Vide,
1439 3902 1498 3962 qua
1519 3902 1550 3946 re
1574 3888 1794 3945 conveniamus.

440 3973 515 4033 Mihi
543 3977 649 4033 meritis
677 3982 706 4033 ιι
734 3976 763 4031 in
793 3992 829 4033 ea
857 3976 1053 4055 quantitatum
1084 3982 1114 4033 et
1142 3974 1257 4047 circuli,
1291 3974 1493 4032 tibi·naturae
1524 3974 1691 4049 generantis
1721 3990 1796 4050 opes

440 4062 636 4138 praecedunt,
667 4078 740 4137 quas
763 4062 894 4137 sequitur
916 4065 1052 4139 utrinque
1076 4078 1223 4122 numerus.
1270 4061 1306 4119 Et
1328 4070 1359 4117 nt
1381 4078 1436 4134 ego
1462 4063 1525 4119 sine
1548 4063 1714 4137 quantitate
1739 4062 1796 4121 de-

442 4152 597 4209 terminata
621 4151 649 4207 in
673 4158 778 4221 mente,
803 4152 844 4207 sic
868 4156 897 4206 ta
920 4152 983 4209 sinc
1006 4148 1097 4226 gradu
1122 4158 1199 4208 certo
1224 4150 1436 4224 progressionis
1460 4149 1497 4205 in'
1511 4156 1624 4224 natura,
1650 4152 1795 4207 unitatem

440 4237 555 4296 nnllam
578 4240 774 4313 agnoscimus.
819 4235 943 4314 Propior
965 4247 1061 4298 tamen
1085 4254 1149 4295 snm
1173 4253 1227 4312 ego
1256 4234 1459 4313 philosophiae
1482 4234 1596 4309 Procli,
1629 4239 1679 4313 qni
1704 4234 1794 4295 Jam-

440 4325 539 4385 blicho
563 4333 614 4384 tuo
632 4327 780 4401 posterior
803 4323 871 4398 luit,
902 4329 952 4401 qul
984 4325 1102 4384 titulum
1131 4324 1211 4382 illurn
1243 4342 1311 4383 cere
1334 4325 1415 4400 ipnei
1446 4323 1482 4382 ad
1504 4332 1630 4383 mentem
1654 4322 1795 4397 traducit,

439 4434 531 4491 napae
552 4436 655 4492 anepos
681 4412 892 4486 inculcatione,
922 4421 988 4471 tuas
1020 4428 1088 4471 vero
1118 4417 1339 4473 moderationes
1367 4418 1395 4468 et
1414 4411 1607 4487 perfectiones
1636 4411 1742 4486 abjicit
1766 4415 1794 4469 in

437 4523 508 4579 peJa
532 4523 608 4573 κυμιι
629 4503 859 4578 denominandam
883 4504 1025 4578 Jaceillqa.

525 4588 625 4665 Atque
647 4588 713 4647 hinc
739 4588 784 4646 vel
808 4589 933 4646 maxime
948 4586 1123 4657 demonstro,
1146 4585 1256 4644 nullam
1278 4584 1426 4645 doctrinae
1442 4595 1509 4644 tuae
1524 4585 1661 4662 injuriam
1677 4584 1794 4644 illatam

439 4691 457 4731 a
479 4676 553 4735 meis
576 4676 854 4752 comparationibus,
878 4674 945 4733 dum
969 4690 1024 4750 ego
1040 4688 1121 4733 meos
1136 4660 1352 4732 harmoniarum
1369 4676 1507 4731 terminos
1529 4673 1647 4750 appello
1672 4673 1793 4733 matbe-

439 4764 570 4834 maticos,
594 4771 660 4821 tuas
674 4778 742 4822 vero
759 4764 979 4840 aenigmaticos,
1003 4764 1107 4840 pictos,
1127 4759 1319 4820 Hermeticos.
1357 4760 1432 4819 Nam
1448 4777 1505 4819 non
1522 4778 1586 4820 esse
1601 4761 1795 4822 mathemati-

440 4864 499 4925 cos,
523 4849 609 4911 lacile
632 4856 677 4910 eat
700 4867 735 4910 ex
757 4848 817 4910 illis
840 4854 898 4909 tuis
920 4848 1059 4927 gradibus
1082 4849 1291 4928 perfectionum
1315 4851 1344 4906 in
1367 4859 1472 4909 natura
1495 4842 1759 4930 demonstrare.⁶'²)
