3792 5860
325 417 387 479 m
535 410 541 416 “
875 406 917 462 ne
934 402 1163 476 Propertionttns

324 588 485 658 tiproaat,
503 580 1357 661 quaenaipeapartnntsoaaiproqaaaiawoaaas,r
1375 586 1541 640 missin
1558 587 1697 654 aarum

326 663 341 709 t
360 658 514 712 mennatum
533 655 592 724 qais
609 671 708 725 corpus
727 660 776 719 sat,
787 657 818 702 ·8
837 658 968 721 temporo
985 650 1107 719 effracta
1125 656 1234 721 emapsr
1250 653 1433 711 saaraim
1449 661 1595 719 massar,
1615 662 1631 711 t
1649 659 1697 713 lra—

284 722 289 729 ’
326 728 369 783 brt
385 743 468 783 sacra
485 733 560 780 enta
577 725 686 791 siderm
704 724 735 777 in
752 722 875 777 Damam
892 735 1034 774 namnum
1050 720 1155 799 relata,
1175 737 1246 790 qnae
1264 736 1368 775 annam
1386 740 1530 794 magnum,
1547 733 1578 781 at
1591 728 1697 797 perseo

325 803 389 851 tum.
407 797 568 863 conficiunt,
600 800 631 845 10
648 793 825 863 undiquaque
838 793 962 860 perlecta
980 795 1019 842 est
1036 790 1203 845 nncoern'tcs
1218 806 1322 858 reram,
1349 793 1452 848 habens
1469 795 1500 847 in
1516 812 1545 849 sc
1562 796 1698 851 animalia

325 868 433 932 omnia,
452 870 571 934 peutnor
587 865 685 932 formis
703 862 857 917 assimilata
875 863 966 926 (asna
984 859 1070 925 omia,
1088 874 1152 913 anes
1169 861 1246 928 aiot,
1269 862 1360 929 pisces
1376 878 1480 931 opace,
1508 865 1698 947 puadmpedes

324 938 434 1002 terrac)¹
471 935 535 988 Hoc
556 940 640 1003 pacto
667 935 702 988 ab
717 934 826 987 mirate
843 932 887 997 (at
904 929 1094 998 Ppthaqoeaei
1119 930 1267 996 „armis
1284 946 1320 985 sc
1344 934 1457 1000 antro‘t)
1481 949 1640 1004 poppam
1657 943 1698 991 m

323 1021 408 1076 enque
425 1004 463 1059 ad
480 1011 598 1073 quatuos
626 1005 669 1070 (ct
685 1004 728 1057 ati
744 1002 849 1070 „dam
859 1001 989 1055 amiatae·
1005 997 1043 1053 ad
1059 999 1150 1067 ipsam
1161 1000 1271 1055 asiaca
1282 1000 1436 1069 diuitum‘)
1452 1005 1543 1074 sicque
1553 1005 1696 1061 &narium

320 1077 409 1145 parit,
428 1082 544 1129 matrem
562 1074 691 1140 omnium,
709 1072 752 1128 uti
769 1071 897 1126 dminus
936 1066 990 1123 Est
1009 1072 1101 1142 autern
1118 1069 1236 1125 unitatis
1248 1086 1412 1140 propreseas
1428 1072 1599 1141 immoni:
1625 1092 1698 1130 anna

323 1146 396 1199 enirn
413 1151 453 1199 cst
470 1143 602 1211 mundum
621 1144 746 1198 binarius
763 1143 854 1213 agnat
866 1140 990 1209 pansam
1006 1138 1037 1191 in
1055 1152 1086 1191 eo
1104 1138 1323 1208 comprehensam
1339 1142 1581 1213 multiplicitatem
1605 1151 1697 1200 terrm

321 1213 382 1269 rins
397 1214 534 1269 vinculum
551 1220 577 1268 ct
593 1213 704 1279 nodum,
723 1212 893 1280 coaptationi
909 1224 1001 1262 rernm
1017 1209 1199 1263 camerariam
1204 1228 1216 1276 ‚·
1232 1226 1298 1265 narn
1315 1215 1347 1265 ut
1364 1210 1436 1267 duae
1446 1213 1522 1268 soloe
1538 1230 1583 1269 res
1600 1222 1696 1269 coeant

322 1284 354 1338 r'n
370 1300 470 1350 annm,
489 1283 603 1339 seorsim
621 1301 639 1337 a
656 1284 737 1338 tertio
745 1323 754 1350 ,
776 1297 834 1336 non
851 1285 891 1334 est
904 1278 1043 1348 possibile.
1082 1275 1283 1357 Quaternarias
1300 1286 1340 1335 cat
1358 1297 1487 1337 numeras
1505 1283 1696 1339 camenarum

323 1353 451 1420 definitor
469 1353 666 1408 arscennene
701 1351 826 1407 Mandas
843 1350 915 1403 enim
932 1353 971 1402 est
989 1362 1087 1415 corpas
1104 1348 1231 1414 solidam
1245 1348 1411 1405 solidarem
1430 1351 1485 1406 dno
1504 1353 1611 1408 duabus
1628 1370 1695 1407 sem·

318 1439 372 1494 per
388 1422 579 1479 maeroribus
595 1422 726 1494 indiqent,
755 1428 787 1475 rrt
803 1421 834 1475 in
852 1419 984 1475 continno
997 1419 1179 1486 proportione
1196 1425 1357 1488 capream.
1392 1420 1503 1477 Horam
1520 1438 1584 1477 oero
1603 1426 1651 1489 (sc.
1673 1431 1695 1491 t,

323 1500 349 1561 a,
368 1498 383 1544 3
402 1500 428 1548 et
446 1494 475 1559 t)
493 1508 600 1549 summa
618 1499 657 1546 est
674 1492 819 1556 denariae,
846 1489 880 1543 de
897 1505 950 1557 qao
969 1487 1107 1540 hactenus.
1143 1485 1201 1542 Hic
1216 1490 1287 1541 enirn
1305 1494 1422 1544 matus
1439 1498 1478 1545 est
1494 1493 1692 1559 universitatis,

322 1572 389 1627 base
408 1570 466 1638 dos,
485 1587 541 1640 qua
558 1570 666 1625 dotavit
683 1567 866 1635 incasaetos
884 1565 949 1633 qiua.
978 1559 1130 1621 Hactenus
1144 1560 1328 1622 Camerarius
1351 1581 1387 1622 err
1403 1567 1559 1639 veteribus,
1583 1568 1692 1642 quibus

325 1656 467 1733 pleraque
495 1654 710 1713 consentientia
739 1648 867 1709 inculcat
894 1646 1019 1708 Hermes
1041 1646 1249 1725 'trismegistus
1280 1646 1431 1731 (quisquis
1461 1651 1510 1711 illa
1539 1653 1605 1731 tuit)
1632 1653 1694 1712 lilio

324 1760 379 1802 suo
402 1741 500 1814 'Patio,
526 1740 609 1815 cujus
625 1739 700 1799 haec
715 1738 824 1815 verba:
848 1738 965 1810 ,unitas
979 1734 1141 1799 secundum
1155 1738 1299 1796 rationem
1321 1737 1471 1797 denarium
1494 1741 1695 1818 complectitur

323 1845 496 1905 rursumque
520 1826 658 1886 denarius
673 1825 845 1884 1111111111.ιι
877 1822 993 1882 Deinde
1009 1823 1265 1901 concupiscibilem
1280 1826 1396 1885 animae
1418 1825 1590 1887 facultatem
1613 1845 1693 1891 som-

323 1919 406 1995 ponit
432 1933 468 1975 ex
493 1917 532 1974 12
556 1913 716 1987 ultoribus,
747 1931 801 1971 seu
823 1911 903 1969 vitiis
931 1911 1035 1969 ethicis
1064 1910 1277 1971 adnumerum
1307 1914 1457 1989 signorum
1486 1914 1616 1990 zodiaci,
1647 1919 1694 1975 cui

323 2020 430 2082 corpus
453 2011 482 2062 et
505 2000 582 2061 hauc
602 2001 642 2061 ad
658 2014 764 2079 corpus
780 2007 949 2074 vergentem
963 2000 1079 2058 animae
1095 2002 1260 2076 potentiam
1273 2001 1403 2074 subjicit,
1425 2003 1602 2075 rationalem
1623 2019 1693 2062 vera

322 2090 491 2151 facultatem
514 2092 628 2147 animae
651 2105 688 2147 ex
710 2087 831 2147 denario
853 2093 883 2145 et
904 2087 967 2164 ipsa
990 2088 1139 2164 componit
1161 2088 1302 2145 virtutum
1324 2086 1494 2149 ethicorum.
1540 2092 1590 2149 ste
1614 2089 1695 2167 quod

323 2177 521 2257 Pythagoraei
552 2176 701 2235 celebrant
729 2181 873 2251 tetractyn
902 2173 1012 2232 iontem
1040 2174 1218 2249 animarum,
1250 2182 1280 2234 et
1311 2171 1495 2235 Camerarius
1524 2176 1621 2255 plures
1652 2178 1696 2239 ait

323 2266 413 2327 luisse
435 2272 602 2342 tetractyas,
626 2281 685 2321 non
708 2262 789 2321 illam
811 2261 916 2336 solum,
941 2277 1018 2338 quae
1040 2278 1059 2320 a
1081 2262 1259 2337 quaternarii
1283 2263 1351 2321 basi
1373 2265 1466 2339 surgit
1488 2264 1528 2325 ad
1548 2282 1695 2324 summam
1717 2268 1721 2273 “

327 2354 376 2425 10,
399 2352 451 2412 sed
473 2355 563 2411 etiam
577 2350 667 2412 aliam
682 2351 877 2428 praecipuam,
901 2365 977 2424 quae
991 2349 1031 2408 ab
1047 2347 1190 2425 ogdoadis
1204 2346 1268 2409 basi
1290 2348 1328 2409 ad
1353 2354 1492 2411 vartimm
1514 2370 1608 2429 mque
1631 2353 1695 2411 col-

291 2465 306 2479 =
326 2438 393 2517 ligit
417 2456 562 2498 summam
585 2439 642 2497 aa:
665 2438 744 2497 idem
766 2445 796 2495 et
810 2436 913 2495 Tatius
938 2436 985 2494 hic
1008 2454 1044 2495 ex
1067 2436 1201 2497 doctrina
1221 2441 1312 2513 patris
1327 2435 1475 2498 Hermctls
1497 2441 1600 2513 innuit,
1625 2439 1695 2498 dum

323 2533 439 2607 tempus
461 2529 505 2585 ait
525 2527 628 2599 luisse,
665 2541 731 2583 cum
754 2527 817 2603 ipse
839 2523 937 2584 adhuc
966 2532 1044 2583 esset
1071 2525 1100 2581 in
1129 2522 1281 2599 ogdoade,
1312 2528 1477 2602 octonari03
1509 2526 1601 2585 fllium
1623 2544 1694 2586 vero

323 2624 408 2693 pater
435 2613 472 2673 ad
494 2611 683 2672 Pimaudrum
705 2614 841 2685 remittit,
874 2610 911 2670 de
941 2615 1090 2684 octonario
1122 2604 1292 2687 canentem,
1321 2614 1351 2671 iu
1382 2630 1441 2689 quo
1467 2632 1540 2677 sane
1568 2617 1695 2674 occurrit

323 2702 490 2762 octonarius
513 2700 668 2760 habituum
690 2701 806 2759 animae
828 2697 1007 2770 ethicorum,
1030 2708 1142 2777 septem
1166 2697 1285 2774 quidam
1305 2700 1545 2777 respondentium
1567 2701 1694 2779 planetis

323 2799 451 2868 septem,
482 2793 516 2846 ut
537 2796 672 2867 apparet,
702 2788 786 2845 initio
808 2804 828 2845 a
850 2785 935 2844 buna
957 2787 1050 2862 lacto,
1079 2789 1178 2846 octavi
1208 2802 1278 2845 vero
1308 2785 1460 2847 divinioris
1490 2797 1520 2847 et
1542 2791 1695 2865 quietioris

324 2876 362 2937 ad
384 2875 525 2954 sphaerae
548 2883 620 2953 puto
641 2874 765 2934 finarum
788 2873 893 2932 ideam.
939 2870 1046 2933 Omnia
1068 2877 1157 2933 etiam
1180 2883 1320 2951 geruntur
1342 2892 1395 2953 per
1416 2876 1601 2954 harmonias3
1625 2877 1695 2956 plu-

322 2967 397 3024 rima
419 2962 576 3023 inculcatio
598 2961 716 3037 silentii,
739 2962 865 3040 plurima
887 2964 993 3020 mentis
1016 2963 1208 3037 veritatisque
1229 2964 1358 3037 mentio,
1391 2966 1562 3040 proponitur
1584 2972 1616 3025 st
1638 2981 1695 3023 an-

323 3059 415 3124 trum,
438 3049 559 3124 lundus,
583 3049 747 3127 penetrale,
771 3057 864 3108 crater
885 3051 1048 3109 animarum
1071 3058 1101 3108 et
1122 3057 1219 3107 cetera
1241 3049 1345 3119 multa,
1380 3059 1414 3108 ut
1436 3051 1558 3110 dunum
1579 3051 1695 3111 nullum

324 3155 390 3198 csse
421 3140 532 3215 possit,
564 3138 634 3212 quin
658 3144 710 3196 aut
731 3136 916 3214 Pythagoras
939 3135 1123 3208 hermetiset,
1155 3143 1206 3195 aut
1228 3134 1353 3196 Hermes
1375 3137 1586 3215 pythagoriaet.
1632 3139 1695 3199 Ac·

325 3224 402 3283 cedit
423 3226 501 3284 enirn
523 3231 553 3283 et
575 3224 646 3297 hoc,
678 3223 756 3299 quod
780 3221 904 3282 Hermes
926 3223 1106 3301 theologiam
1127 3222 1277 3301 quandam
1299 3223 1387 3283 tradit
1409 3224 1578 3302 cultumque
1602 3224 1696 3286 divini

324 3312 470 3387 numinis,
491 3330 581 3390 saepe
603 3310 714 3384 Masis,
744 3328 834 3388 saepe
857 3310 1066 3388 Evangelistae
1088 3310 1215 3372 Joanuis
1238 3314 1266 3369 in
1290 3329 1345 3370 suo
1368 3329 1454 3371 sensu
1478 3313 1695 3391 paraphrastes,

324 3401 494 3477 praesertim
517 3399 554 3458 de
575 3399 805 3473 regeneratione,
829 3400 1070 3475 ceremoniasque
1085 3398 1230 3475 discipulo
1245 3407 1340 3458 cartu
1355 3400 1502 3475 inardestq
1525 3417 1593 3459 enm
1615 3401 1694 3461 idam

324 3488 361 3547 de
384 3487 599 3565 Pythagoraeis
622 3484 767 3544 affirment
789 3494 940 3559 auctores,
971 3495 1082 3564 partem
1112 3503 1213 3546 eorum
1246 3485 1415 3563 theologiae
1438 3490 1588 3565 variisque
1610 3504 1693 3548 cere—

325 3576 431 3635 moniis
456 3580 486 3633 et
507 3573 763 3652 superstitionibus
787 3571 923 3631 deditam¹
939 3572 1046 3646 luisse,
1076 3582 1106 3633 et
1128 3572 1251 3632 Procius
1274 3573 1490 3651 Pythagoricus
1513 3573 1693 3653 theologiam

323 3663 353 3720 in
376 3678 561 3723 numeromm
584 3659 830 3737 contemplatione
852 3658 985 3721 collocet

411 3748 494 3809 llaec
516 3765 569 3826 per
592 3746 817 3824 digressionem:
848 3747 1001 3808 redeamus
1029 3764 1109 3807 uune
1138 3746 1176 3807 ad
1197 3748 1429 3825 Pythagoricsm
1457 3749 1695 3810 harmonicarum

285 3879 296 3905 .
323 3840 544 3917 proportionum
567 3834 854 3896 demonstrationem.
1228 3876 1230 3883 ,

410 3923 489 3984 Huic
518 3925 596 3983 enim
619 3923 853 4004 'philosophandi
881 3923 992 3981 lorrnae
1026 3939 1078 4001 per
1109 3939 1247 3983 numeros
1277 3931 1428 4002 tantopere
1456 3924 1571 3983 luerunt
1601 3922 1693 3983 dediti

324 4011 532 4090 Pythagoraei,
556 4021 588 4071 ut
607 4011 671 4087 jam
689 4029 726 4069 ne
749 4013 863 4070 aurium
885 4010 1004 4086 quidem
1023 4009 1136 4087 judicio
1159 4018 1282 4082 starent,
1307 4028 1432 4087 quarum
1454 4018 1552 4072 tamen
1574 4010 1692 4081 indiciis

324 4099 362 4159 sd
384 4098 602 4179 philosophiam
624 4099 700 4157 hanc
722 4099 804 4157 initio
826 4106 1001 4176 perventum
1022 4106 1094 4171 erat,
1127 4098 1181 4158 sed
1209 4099 1280 4175 quid
1304 4101 1477 4158 concinnum
1499 4106 1590 4172 esset,
1619 4099 1691 4175 quid

322 4189 538 4261 inconcinnum,
565 4185 635 4263 quid
659 4202 834 4258 consonum,
858 4184 930 4260 quid
952 4185 1118 4258 dissonum,
1143 4203 1179 4245 ex
1201 4185 1274 4245 solis
1294 4188 1356 4245 suis
1378 4188 1506 4246 numeris
1529 4185 1691 4262 definirent,
1752 4182 1760 4201 ¹

325 4276 385 4333 vim
414 4277 554 4336 iacientes
587 4274 738 4332 instinctui
767 4273 893 4333 naturali
923 4271 1051 4331 auditus.
1096 4271 1242 4351 Stetitque
1271 4276 1401 4351 tyrannis
1434 4276 1491 4333 ista
1520 4273 1691 4333 harmonica

326 4381 419 4439 usqne
441 4362 479 4422 ad
502 4361 720 4434 Ptolemaeum,
752 4362 802 4436 qui
830 4362 940 4438 primus
969 4367 1037 4421 aute
1067 4377 1160 4421 annos
1186 4363 1268 4421 1500
1296 4376 1415 4421 sensum
1444 4361 1562 4421 auditus
1585 4370 1686 4421 conus

324 4450 541 4529 philosophiam
565 4448 793 4526 Pythagoricum
816 4450 941 4507 asseruit
963 4449 1131 4526 recepitque
1158 4451 1234 4510 inter
1255 4453 1398 4508 concinna
1419 4464 1478 4508 nou
1500 4456 1613 4507 tanturn
1636 4466 1689 4508 su·
1731 4491 1738 4507 ,

324 4554 379 4616 prs
400 4537 492 4597 dictas
515 4538 717 4615 proportiones
746 4544 776 4596 et
798 4536 1020 4613 sequioctavam
1049 4554 1102 4612 pro
1125 4543 1213 4610 tono,
1247 4535 1298 4594 aad
1321 4535 1440 4595 admisit
1461 4537 1550 4594 etiam
1571 4538 1689 4612 sesqui·

324 4639 432 4684 nonam
455 4641 506 4703 pro
530 4633 600 4683 tono
624 4625 744 4698 minori,
767 4632 797 4684 et
818 4622 1134 4702 sesquiquindecimam
1156 4641 1208 4703 pro
1231 4625 1401 4699 semitonio;
1421 4640 1478 4683 nec
1499 4631 1612 4683 tantum
1636 4641 1689 4683 su·

265 4785 270 4797 ἱ
324 4710 565 4791 perparticulares
587 4710 662 4772 alias
684 4711 798 4771 addidit
820 4714 858 4772 ab
883 4713 1002 4772 auribus
1025 4712 1173 4791 probatas,
1197 4720 1229 4769 ut
1249 4714 1500 4787 sesquiquartam,
1523 4709 1688 4771 sedetiam

325 4817 361 4860 ss
385 4800 663 4877 superpartientibus
685 4794 811 4859 adscivit
831 4798 956 4876 aliquas,
978 4807 1011 4859 ut
1034 4802 1108 4858 inter
1130 4800 1160 4869 3,
1185 4800 1202 4857 b
1226 4806 1256 4859 et
1276 4801 1353 4858 iuter
1368 4799 1397 4872 b,
1421 4800 1441 4859 8
1463 4806 1494 4858 et
1513 4798 1599 4861 allas.
1621 4798 1691 4859 Hoc

325 4894 413 4967 pacto
434 4886 622 4947 Ptolemaeus
642 4888 874 4964 speculationem
894 4886 1122 4966 Pythagoricum
1144 4884 1182 4947 de
1204 4894 1268 4947 ortu
1294 4888 1514 4967 proportionum
1536 4886 1690 4947 iammoni·
