3840 5854
377 362 419 425 eo
754 351 895 424 Epistoiee
912 349 1025 421 liepieri
1040 351 1210 422 sinumque
1225 355 1335 408 mutnus

375 533 455 587 dmdi
471 529 572 595 eliqnid
587 532 649 585 nori
665 532 841 595 impressorum
865 533 964 581 tuorum
982 544 1099 596 opernm,
1123 531 1269 593 prasertim
1293 528 1372 581 libros
1396 531 1489 595 primos
1506 527 1722 589 Hermonieorum,

376 607 480 657 haberes
498 602 663 668 discipulum,
690 602 734 663 qni
760 602 811 649 tuis
828 603 995 659 monumentis
1018 602 1128 651 maxime
1149 606 1250 651 raceret
1273 602 1411 663 horumque
1433 599 1548 663 plurimis
1572 600 1723 651 desiderium

376 675 533 739 accenderet3
553 677 578 721 et
596 674 734 732 cuicunque
751 669 910 720 mendereris
926 669 1118 733 persolvendum
1136 685 1202 731 esse,
1221 672 1288 733 quod
1307 671 1423 736 debuero,
1445 684 1529 720 omnes
1547 675 1644 720 sumtus
1661 685 1723 721 con·
1771 725 1778 741 ,

376 748 446 795 tinne
464 742 604 793 reddentur.
640 741 688 793 seri
706 741 769 789 mibi
786 739 872 789 videor
889 742 965 789 nimis
982 739 1096 803 prolixus
1119 740 1197 790 inisse
1219 745 1245 791 et
1261 742 1367 791 tortasse
1383 742 1459 790 nimis
1482 745 1611 804 eppstens.
1637 740 1723 807 Pares,

377 812 490 880 obsecro,
517 814 621 864 ementi
656 810 738 861 Ardor
755 811 822 859 enim
844 811 894 859 mei
912 824 971 872 erge
987 811 1023 860 Te
1040 811 1120 860 enimi
1138 810 1242 860 ulterius
1264 825 1306 861 me
1323 812 1419 876 repuit,
1445 824 1520 871 quam
1538 823 1596 859 cum
1617 811 1724 861 scribere

377 886 448 947 coepi
466 882 595 946 opineber.
631 881 660 932 st
676 881 716 930 ris
733 881 797 930 seire
814 881 917 942 onmem
934 894 979 942 ego
997 882 1054 946 sim,
1069 883 1131 943 ane
1147 895 1187 930 me
1199 880 1298 942 rliqeid
1314 883 1401 942 megni
1416 885 1462 930 tna
1477 893 1555 931 cansa
1566 880 1647 931 obire:
1664 894 1724 931 mox

376 957 410 1004 eb
427 951 555 1019 edecubns
573 952 742 1002 conditionem
758 963 880 1012 agnosces
898 949 1083 1011 qualitatesque
1109 965 1185 1004 mess.
1222 952 1335 1001 venetiis
1352 951 1421 1001 xiii
1439 948 1493 999 ilai
1511 951 1576 1001 Febr
1596 946 1671 1004 titt.

462 1023 510 1072 ilie
526 1017 607 1071 literis
624 1024 819 1084 supervenerunt
835 1019 902 1070 eliee
920 1019 1026 1070 iilanclti
1043 1019 1133 1070 literee
1150 1019 1184 1086 (d.
1203 1017 1257 1070 (iel
1268 1021 1358 1084 Febr),
1375 1023 1403 1070 in
1422 1020 1513 1082 quibus
1530 1022 1602 1084 petit,
1619 1024 1649 1068 nt
1664 1018 1725 1070 libri

378 1093 480 1158 iiepleri
497 1090 547 1139 sibi
564 1093 698 1141 mittentur
712 1103 758 1152 per
774 1096 935 1140 mercatorem
952 1089 1029 1140 Andr.
1049 1091 1137 1154 Super.

462 1156 590 1222 liepleri
606 1161 734 1224 responsio
745 1173 838 1221 magne
848 1173 880 1209 ex
890 1164 963 1223 perte
980 1159 1139 1228 morologus,
1158 1158 1262 1210 delicies
1275 1158 1394 1220 blanebi,
1410 1162 1504 1209 treetat
1519 1161 1545 1209 et
1567 1158 1601 1211 ed
1612 1158 1724 1210 Harmo-

376 1242 445 1291 niam
462 1254 534 1292 scen
556 1241 596 1290 bis
613 1238 717 1288 censu:
742 1230 904 1292 Ptolemaei
918 1229 1097 1293 Harmonice
1110 1248 1176 1293 cnm
1192 1231 1374 1293 Aristoxenis
1388 1229 1494 1306 babeo,
1509 1231 1651 1309 impresse
1660 1231 1725 1291 Ve-

375 1321 463 1381 netiis
479 1318 560 1399 apud
569 1317 756 1380 Vincentinm
765 1316 946 1397 Veigrisium
956 1336 983 1379 a
998 1320 1091 1395 1562,
1107 1321 1262 1398 interprete
1275 1319 1344 1379 ent
1355 1317 1521 1396 Gegerino.
1544 1317 1725 1396 Interpreta-

376 1410 486 1471 tionem
508 1426 546 1469 ex
559 1408 756 1484 manuscripto
779 1403 893 1467 Greeeo
907 1423 1016 1467 novem
1029 1408 1093 1485 ipse
1107 1406 1194 1481 eddo,
1217 1408 1313 1467 minus
1335 1406 1409 1466 terte
1429 1404 1573 1479 Letinem,
1595 1405 1648 1466 sed
1662 1423 1725 1467 ne-

376 1497 431 1574 gis,
453 1502 487 1557 nt
508 1512 612 1573 spero,
636 1495 839 1571 conspicuum
861 1493 993 1571 intellige
1014 1492 1072 1556 boc
1093 1493 1131 1557 de
1152 1501 1235 1572 perte
1256 1492 1322 1555 libri
1345 1492 1417 1568 llL,
1445 1494 1534 1570 quens'
1556 1495 1638 1570 operi
1658 1509 1724 1554 men

376 1584 533 1661 subjungo.
571 1580 683 1659 Quodsi
706 1597 783 1657 onec
804 1581 932 1642 indicari
946 1580 1013 1643 loce
1028 1582 1123 1660 operis
1138 1599 1290 1643 censuram
1309 1598 1368 1643 non
1383 1586 1511 1642 metuere
1525 1578 1642 1655 debent,
1661 1580 1725 1658 jstm

378 1671 432 1732 ebs
463 1678 492 1732 te
519 1668 654 1748 judicate
683 1671 757 1729 ratio
786 1676 848 1744 est,
878 1685 937 1747 qna
964 1684 1030 1729 cum
1058 1669 1116 1731 boe
1144 1684 1233 1747 opus,
1257 1676 1318 1729 tum
1344 1665 1554 1746 premeridee
1573 1667 1724 1744 Venetiae,

379 1764 489 1837 guento
512 1774 615 1820 censes
636 1772 767 1832 numero,
789 1758 914 1819 mittem.
958 1755 1035 1817 Nem
1061 1757 1142 1819 illins
1164 1758 1333 1819 mereatoris
1355 1756 1451 1833 Super
1473 1749 1621 1837 (Sebepsr
1645 1753 1724 1817 Ger·

377 1839 525 1928 meniee)‚
548 1845 632 1922 cujus
654 1845 684 1904 in
706 1845 915 1922 posterioribus
937 1846 1108 1921 meministi,
1138 1853 1279 1922 petronus
1301 1861 1354 1905 sen
1376 1841 1548 1922 principalis
1569 1841 1725 1904 Jenmcee

377 1933 435 1994 See
455 1932 571 1994 habitet
591 1930 712 1994 welsee
734 1930 843 2009 oppido
865 1931 951 1993 nobis
972 1927 1087 2008 viein03
1114 1949 1200 2009 quem
1223 1930 1404 2009 Schopernm
1424 1931 1450 1991 si
1468 1929 1576 2008 jubeas
1598 1931 1724 1992 seribere

378 2027 503 2100 petrono
525 2035 595 2096 sno,
623 2024 657 2078 nt
678 2021 704 2079 is
725 2019 796 2080 mihi
818 2018 963 2098 spondm
983 2036 1037 2097 pro
1059 2022 1153 2098 pretio
1175 2020 1329 2093 librorum,
1360 2019 1388 2080 ei
1409 2034 1466 2095 ego
1487 2016 1579 2078 libres
1600 2016 1723 2095 medem,

380 2125 454 2187 quus
476 2108 574 2168 mittet
595 2094 749 2181 Venetiae,
776 2106 932 2169 linteorum
954 2107 1161 2183 voluminibus,
1184 2106 1359 2183 quibuscum
1387 2105 1572 2184 negotietur,
1602 2107 1633 2166 in
1655 2122 1725 2166 ees·

379 2195 445 2257 dem
467 2197 597 2256 emeinee
625 2201 802 2272 compactos.
846 2193 943 2257 Video
966 2211 1020 2255 ros
1043 2195 1219 2272 exprobrare
1241 2193 1312 2254 mibi
1333 2194 1479 2273 promisse
1499 2209 1589 2271 seepc
1609 2191 1661 2253 din
1683 2194 1725 2252 ir-

378 2285 448 2343 rite:
479 2285 581 2358 iteque
608 2281 775 2360 exemplum
802 2283 886 2342 mitto
909 2298 1023 2358 eorum,
1054 2299 1131 2360 qnae
1159 2282 1312 2360 bucusque
1339 2283 1370 2341 in
1392 2280 1590 2341 Hermonieis‘
1608 2299 1628 2341 e
1648 2278 1724 2342 libro

378 2370 435 2432 111.
459 2376 529 2430 sunt
551 2385 668 2430 excuse
711 2367 789 2429 Nem
810 2385 876 2430 cnm
905 2368 944 2429 'ed
965 2368 1101 2430 Rhenum
1123 2367 1264 2432 excudere
1291 2369 1461 2430 statuissem
1483 2384 1571 2446 opus,
1603 2365 1724 2429 dimise·

379 2474 442 2518 rem
464 2456 539 2518 dnos
560 2457 669 2533 primos
690 2455 780 2517 libres
802 2475 822 2518 a
843 2473 905 2537 me,
929 2458 980 2535 oni
998 2457 1078 2535 jam,
1101 2463 1258 2536 postquem
1280 2458 1446 2519 institutum
1466 2455 1593 2529 munci,
1616 2453 1655 2516 ed
1675 2472 1724 2516 me

380 2546 495 2606 remissi
517 2551 595 2619 sunt,
617 2545 701 2605 initio
718 2544 782 2622 jam
802 2543 881 2606 iectu
903 2562 923 2604 e
943 2544 1019 2605 libro
1041 2544 1095 2605 ΠΙ.
1134 2543 1219 2621 Quae
1241 2545 1327 2622 igitur
1348 2562 1384 2605 er
1400 2542 1554 2622 multiplici
1575 2552 1629 2604 tue
1650 2542 1723 2605 deo·

378 2630 456 2694 tsine
479 2630 515 2692 de
537 2633 709 2708 qneestione
731 2631 784 2693 ille
804 2633 896 2692 mixte
917 2630 1040 2693 esndide
1068 2638 1099 2692 et
1120 2648 1199 2693 mere
1220 2632 1292 2692 mibi
1314 2633 1426 2692 nutstc
1447 2638 1562 2692 niseum
1589 2645 1722 2691 commn-

379 2719 501 2796 nicesti,
534 2718 642 2779 bonem
668 2719 741 2779 mibi
763 2736 845 2798 spem
865 2719 1021 2798 praebent:
1050 2735 1105 2781 nee
1127 2720 1204 2780 enim
1227 2736 1358 2799 consone
1386 2736 1451 2780 snm
1472 2723 1643 2797 provectus,
1669 2716 1724 2780 ssd

381 2809 462 2868 irrito
484 2809 577 2885 magis
601 2805 755 2885 theologos
777 2802 919 2885 quosdam
941 2808 970 2866 in
995 2806 1153 2870 Germania
1175 2804 1249 2891 (nen
1271 2824 1343 2869 sene
1364 2807 1553 2886 praecipuos,
1582 2804 1636 2868 sed
1656 2805 1723 2885 pls·
1746 2854 1748 2861 .

380 2896 465 2973 boios
486 2890 684 2977 plerumque),
708 2896 768 2973 qni,
790 2893 871 2954 nulle
894 2894 1044 2973 dignitatis
1067 2895 1153 2957 cilicii
1174 2895 1278 2957 bebite
1298 2897 1420 2969 tutione,
1441 2895 1630 2974 prognostica
1650 2896 1725 2956 seri·

380 2984 455 3044 bunt
477 2988 506 3043 et
528 2980 703 3042 Celenderis
723 2983 907 3060 ineptissime
928 2989 958 3042 et
979 3000 1102 3062 geneses
1124 2984 1352 3061 superstitiosas.
1388 2981 1513 3044 Videbis
1535 2987 1573 3056 et,
1596 2980 1726 3059 siquod

380 3068 541 3148 pericnlum
563 3076 593 3130 et
615 3068 686 3147 qnid
708 3085 842 3132 censores
865 3071 980 3147 possint
1001 3087 1157 3150 oppenere,
1180 3069 1436 3149 perticulerissime
1456 3068 1608 3144 rescribes,
1632 3070 1727 3131 rebe-

381 3164 492 3217 menter
515 3171 576 3217 oro.
621 3156 667 3218 De
689 3164 770 3219 motu
793 3158 901 3219 Terrae
922 3156 1017 3235 major
1038 3157 1210 3235 difficultas,
1240 3176 1307 3221 enm
1327 3156 1462 3235 videam,
1486 3173 1638 3219 censerem
1660 3156 1726 3219 edi·

381 3252 443 3306 tam
464 3249 494 3305 et
514 3242 694 3321 publicetsn
717 3248 805 3307 etiem
826 3264 846 3306 e
866 3250 896 3306 te
918 3247 983 3322 ipso
1004 3246 1165 3325 perhiberi,
1188 3265 1274 3324 quem
1296 3245 1369 3306 nibil
1389 3246 1492 3308 borum
1512 3245 1604 3307 lutere
1618 3251 1726 3324 potest.

382 3332 474 3410 Atqui
496 3346 582 3391 scens
609 3347 665 3409 ego
688 3332 876 3407 erectiorem,
899 3331 996 3394 edbue
1017 3333 1099 3397 illem
1120 3336 1151 3393 in
1166 3332 1374 3396 deliberatione
1388 3350 1454 3395 esse
1475 3331 1600 3394 necdum
1615 3332 1727 3394 Summi

383 3417 535 3480 Pontideis
557 3419 731 3480 auctoritate
759 3419 935 3482 roboretum.
979 3420 1085 3498 ltaque
1115 3420 1315 3499 suppediterit
1340 3421 1415 3483 beee
1433 3437 1566 3482 meorum
1586 3419 1728 3482 librorum

380 3524 432 3587 per
452 3503 571 3566 Itsliem
600 3504 752 3567 eslenfites
783 3510 967 3579 oeeesionem
996 3507 1074 3569 lusui
1101 3510 1227 3586 ingeniis
1257 3507 1330 3587 qnid
1357 3507 1583 3570 siedroeetnm
1610 3526 1728 3587 egerem

388 3593 541 3673 copemici
565 3591 779 3672 accensores,
808 3594 985 3658 edrocetum
1008 3597 1097 3658 etiem
1120 3597 1184 3675 ejus
1207 3594 1429 3676 discipulorum
1457 3613 1516 3658 non
1542 3612 1639 3657 meum
1660 3597 1729 3674 qni-

385 3681 452 3744 dem
473 3688 525 3741 ent
547 3677 767 3758 Germanorum,
790 3686 840 3761 qni
862 3683 1027 3744 Rumonem
1050 3683 1204 3746 scelernm
1225 3701 1283 3746 non
1306 3688 1481 3763 sequnntur,
1503 3681 1555 3745 ssd
1577 3681 1728 3759 Itelornm,

330 3780 334 3785 ’
383 3770 434 3848 qni
455 3767 507 3828 elii
528 3765 679 3830 Romsnm
701 3769 848 3848 subsunt,
879 3768 998 3848 quidsi
1020 3774 1192 3850 exceptione
1214 3778 1280 3834 nter
1300 3789 1359 3832 non
1382 3772 1513 3847 aetium,
1535 3787 1595 3831 non
1617 3771 1730 3834 scilieet

383 3857 516 3919 criminer
545 3854 684 3933 injustam
710 3857 768 3933 rel
789 3859 1021 3936 impertinentsm
1049 3876 1200 3921 eensnrem
1230 3858 1406 3922 neturelinm
1435 3876 1455 3920 s
1483 3857 1643 3936 theologis,
1674 3875 1730 3921 neu

275 4006 278 4013 ,
384 3944 480 4006 dicem
502 3958 561 4003 non
583 3944 656 4005 setis
678 3946 749 4022 ipsis
772 3962 837 4007 esse
858 3948 1004 4024 cognitam
1028 3963 1165 4024 censum,
1189 3951 1274 4026 onesi
1295 3965 1350 4010 sue
1369 3945 1549 4025 negligentia
1570 3941 1642 4028 (etsi
1663 3963 1731 4009 mee

385 4032 602 4093 Commentario
624 4028 661 4093 de
682 4032 787 4093 liertis
809 4034 938 4095 motibus
966 4032 1027 4112 legi
1055 4037 1136 4112 prius
1157 4034 1324 4114 potuissent
1352 4041 1382 4096 et
1408 4041 1486 4097 certe
1513 4033 1654 4114 perpendi
1675 4032 1731 4096 ds-

382 4119 516 4180 bnissent
543 4125 595 4179 ent
624 4118 729 4182 seitem
751 4137 852 4182 eorum
872 4123 1020 4183 metentis
1052 4121 1089 4184 de
1111 4122 1307 4201 possibilitate
1337 4121 1645 4202 re11mpossibiitete
1676 4139 1732 4183 er·

383 4209 524 4285 specteri,
555 4205 662 4284 quibus
690 4208 840 4286 negotium
868 4208 969 4270 datum
991 4208 1165 4273 emendandi
1187 4210 1380 4289 Cepernienm
1412 4227 1507 4288 eoque
1534 4215 1563 4271 et
1590 4208 1643 4271 ilie
1663 4226 1732 4272 mee

284 4330 289 4342 ·
385 4294 616 4371 Commentaria3
647 4295 853 4358 excerebrendi
881 4295 994 4359 scilieet
1021 4296 1139 4361 edemto
1169 4306 1250 4360 motu
1280 4294 1421 4381 uenae),
1453 4296 1507 4359 sed
1533 4297 1591 4358 boe
1619 4296 1730 4359 dicem

384 4381 515 4442 nondum
535 4380 647 4459 liquere
668 4384 800 4463 petuisse
821 4383 907 4445 nobis
931 4385 1016 4462 ipsis,
1046 4402 1123 4446 nune
1145 4383 1260 4448 demum
1282 4403 1361 4448 neve
1383 4386 1520 4461 inveniri,
1543 4401 1620 4462 qnae
1641 4386 1732 4446 etism

385 4471 444 4530 sint
466 4469 699 4532 consideranda?
741 4452 786 4530 bn
808 4470 905 4534 lusum
926 4473 1039 4549 ipsum,
1068 4474 1095 4533 si
1115 4491 1197 4551 spem
1218 4473 1291 4536 ieeis
1318 4474 1526 4557 restitutionis,
1555 4471 1733 4551 subjungam
1758 4498 1762 4505 ⁴

384 4556 444 4617 tele
467 4554 537 4632 qnid
566 4558 598 4615 in
619 4557 700 4621 ecies
731 4558 815 4636 iibri,
844 4567 896 4621 ent
924 4559 1081 4638 epistolam
1107 4562 1228 4622 seorsim
1256 4563 1432 4642 imprimam,
1463 4561 1509 4622 sin
1535 4559 1734 4623 inconsultum

384 4649 482 4722 putes.
525 4640 677 4715 Hactenus
698 4647 787 4726 igitur
816 4646 913 4710 insum
934 4652 1015 4708 estez
1044 4654 1131 4709 creet
1158 4649 1246 4726 igiter
1269 4648 1454 4710 dissimulate
1482 4664 1617 4723 mmure,
1649 4646 1735 4710 reiut

387 4733 490 4809 ignaro
513 4729 577 4807 eins
599 4741 728 4795 numere.
774 4733 844 4797 Jenr
866 4742 963 4797 entem
980 4735 1066 4797 iaciie
1088 4735 1141 4797 tibi
1157 4737 1220 4812 crit,
1243 4736 1344 4798 endite
1366 4738 1453 4797 nnius
1466 4734 1647 4814 bibliopolee
1662 4752 1734 4797 sen·

386 4820 479 4883 tentia
500 4817 642 4896 seribere,
673 4829 745 4899 quot
765 4821 945 4905 exemplaris
965 4821 1108 4886 Veneties
1129 4823 1273 4887 mittendo
1296 4826 1367 4889 sint
1410 4824 1521 4888 Verum
1543 4825 1633 4885 oritur
1653 4838 1735 4886 nore
