3792 5860
311 431 373 492 130
842 426 885 482 Da
902 424 1131 496 Proportiuuibns

311 607 339 678 l,
361 604 508 680 2,.ιιιίιιοι
530 619 603 663 vero
624 605 699 663 iuter
721 606 751 678 3,
775 606 804 678 4,
828 605 1095 682 minuamini
1118 605 1148 678 2,
1173 603 1202 676 3,
1225 601 1411 679 relinquebat
1432 604 1671 679 sesquioctavam

307 694 381 750 inter
404 691 434 766 8,
458 691 488 753 9.
532 689 573 755 Et
591 698 705 751 tautum
727 690 980 770 deprehenderunt
1000 709 1065 752 ease
1086 689 1273 751 intervallum
1295 693 1371 763 toni,
1394 690 1617 749 usitatissimum
1639 691 1671 747 in

309 780 389 838 omui
411 788 507 838 cantu.
553 777 646 854 Atqui
675 794 813 839 uumerus
836 782 855 840 8
878 790 924 841 est
945 780 1038 840 cubus
1060 778 1097 839 de
1120 780 1150 852 2,
1173 788 1204 839 et
1223 794 1362 838 numerus
1385 778 1405 837 3
1428 785 1473 837 est
1495 776 1671 853 quadratum

308 863 345 925 de
368 867 397 927 3.
443 864 513 926 Jam
535 865 624 941 igitur
644 864 675 924 bi
698 875 782 926 erant
802 868 832 926 in
861 876 977 946 promtu
998 867 1111 927 numeri
1136 869 1163 934 1,
1187 868 1217 940 2,
1240 867 1270 940 3,
1293 867 1324 939 4,
1348 865 1377 937 8,
1402 866 1431 925 e.
1475 863 1549 923 Cum
1572 872 1671 924 autern

307 951 411 1013 eedem
431 953 528 1010 unitas
550 954 589 1011 sit
611 960 641 1012 et
661 953 839 1029 quadratum
859 972 946 1016 suum
967 962 996 1015 et
1017 955 1128 1029 cubus,
1151 952 1280 1013 binarius
1303 969 1374 1013 uero
1388 951 1563 1027 quadratum
1585 968 1672 1010 suunt

307 1040 427 1099 baberet
451 1041 471 1097 4
495 1046 524 1098 et
546 1040 653 1099 cubum
676 1041 705 1112 8,
729 1044 855 1102 ternario
877 1046 967 1103 etiam
988 1050 1101 1120 praeter
1117 1039 1326 1118 quadratum9
1347 1039 1541 1116 adjunxerunt
1563 1039 1670 1098 cubum

308 1144 395 1185 suum
417 1128 476 1199 27,
501 1125 581 1202 quod
604 1129 818 1203 existimarent,
849 1128 888 1189 ad
910 1131 1001 1190 cubos
1030 1145 1123 1205 usque
1154 1126 1397 1204 progrediendum
1420 1142 1485 1187 esee
1507 1133 1670 1205 propterea,

308 1212 388 1289 quod
409 1212 536 1272 muudus
559 1221 639 1272 totus
663 1225 693 1275 et
708 1215 824 1276 vocalia
839 1219 938 1276 omnia
958 1234 1017 1275 non
1032 1214 1240 1295 superficiebus
1263 1222 1431 1275 constarent
1448 1211 1671 1286 inanibus,ssed

308 1299 411 1359 solidis
435 1301 613 1379 corporibus.
647 1302 784 1382 Denique
806 1321 843 1364 ex
863 1303 921 1364 boc
941 1305 1025 1363 initio
1048 1310 1131 1363 tanta
1152 1302 1263 1362 coaluit
1285 1303 1384 1381 opinio
1406 1316 1592 1360 numerorum
1614 1299 1671 1359 ho·

307 1405 380 1460 rum,
402 1398 555 1466 propterea
576 1388 657 1464 quod
679 1400 779 1451 essent
799 1395 897 1471 primi,
928 1407 1087 1467 eorumque
1109 1388 1245 1466 quadrati
1267 1400 1297 1449 et
1319 1389 1397 1457 cubi,
1419 1396 1454 1448 ιιι
1474 1387 1671 1466 Pythagoruei

307 1483 401 1534 totam
424 1475 646 1561 philosophiam
675 1495 712 1537 ex
740 1480 777 1536 iis
806 1481 970 1539 censuerint
998 1474 1237 1538 concinnandam.
1281 1475 1357 1536 Nam
1379 1477 1477 1535 unitas
1499 1491 1671 1553 repraesen-

307 1561 392 1621 tabat
412 1563 485 1640 ipsis
507 1563 604 1623 ideam
626 1572 656 1624 et
677 1574 804 1625 nentem
825 1574 856 1626 et
876 1566 1013 1640 sormam,
1044 1566 1169 1642 quinat
1190 1567 1289 1623 unitas
1309 1562 1464 1623 individua
1485 1570 1531 1622 ast
1551 1560 1671 1621 eadem-

309 1665 366 1726 que
388 1657 490 1709 manet
511 1656 541 1709 et
562 1651 706 1726 quadrais
727 1651 922 1733 multiplicata
942 1660 973 1714 et
993 1653 1105 1723 cubica,
1127 1654 1171 1712 sic
1191 1650 1276 1713 ideae
1291 1666 1410 1727 quoque
1424 1648 1620 1710 indivisibiles
1642 1658 1672 1708 et

306 1735 488 1796 universales
511 1744 610 1797 essent
631 1745 661 1797 et
681 1756 795 1819 semper
817 1740 905 1802 idem
933 1740 1038 1817 Itaque
1053 1741 1195 1799 unitatem
1215 1740 1347 1799 iecerunt
1360 1736 1527 1816 symbolum
1548 1746 1671 1797 natmae

307 1823 478 1895 identitatis,
499 1840 634 1884 numeros
657 1843 727 1887 vero
750 1835 862 1889 eetertn
889 1828 1026 1906 symbola
1055 1835 1177 1886 naturae
1207 1826 1371 1886 ιΙιιιίιιιίι.
1416 1824 1553 1883 Binarius
1582 1827 1672 1900 igitur

308 1909 484 1971 alteritatem
506 1912 644 1988 signabat
665 1922 695 1974 et
716 1917 882 1989 materiam,
905 1917 977 1992 quia
999 1915 1175 1975 divisionem
1188 1912 1246 1973 ille
1270 1913 1412 1985 admittit,
1435 1921 1468 1972 ut
1490 1920 1521 1972 et
1542 1915 1618 1986 istu3
1641 1917 1672 1970 et

308 2006 342 2058 ut
363 1998 414 2057 ille
437 1996 580 2076 quadrato
601 2000 812 2080 multiplicatus
835 2003 868 2063 iit
890 2005 924 2076 4,
954 2004 1056 2063 cubica
1080 2003 1115 2076 Β,
1147 2003 1199 2078 qni
1221 2007 1289 2061 saut
1310 2000 1423 2060 numeri
1446 1997 1577 2060 distincti
1598 2015 1618 2058 a
1641 1999 1671 2070 2,

308 2086 352 2146 sic
374 2086 498 2146 materia
518 2087 665 2149 instabilis
687 2096 716 2149 et
738 2089 922 2150 multiformia
937 2106 1003 2150 esse
1017 2096 1124 2168 potest.
1155 2087 1262 2147 enter:
1278 2088 1409 2146 binarius
1432 2089 1522 2146 etlam
1543 2087 1671 2145 animam

307 2173 462 2253 signabat,
497 2172 577 2249 quod
600 2191 666 2234 cum
687 2193 769 2236 meus
791 2176 950 2237 immobilis
976 2179 1015 2237 sit
1037 2183 1089 2236 aut
1110 2184 1192 2236 motu
1214 2175 1351 2234 uuilurmi
1377 2191 1419 2234 se.
1442 2172 1573 2234 circulari
1596 2189 1673 2249 gau·

309 2257 393 2335 dest,
426 2261 526 2320 anima
547 2269 649 2322 contra
669 2262 844 2342 multiplices
867 2273 965 2324 motus
993 2283 1013 2324 a
1040 2279 1161 2342 corpore
1188 2263 1316 2341 excipiat
1344 2260 1442 2338 adque
1463 2269 1562 2320 motus
1583 2261 1673 2319 recti-

307 2346 412 2425 lineus,
434 2349 577 2424 quisunt
599 2350 630 2406 in
651 2351 806 2429 sextuplici
828 2351 999 2425 differentia,
1020 2353 1116 2428 magis
1138 2349 1319 2410 iamiliariter
1340 2366 1373 2408 sa
1395 2348 1512 2411 babeat.
1535 2347 1673 2424 Denique

310 2436 455 2495 temerius
477 2436 600 2495 notabat
621 2435 680 2496 illis
702 2454 824 2516 corpus,
848 2442 1042 2519 compositum
1063 2456 1099 2498 ex
1121 2439 1214 2498 torma
1237 2447 1267 2496 et
1286 2437 1424 2509 materia,
1446 2437 1523 2495 sicut
1546 2437 1565 2494 3
1590 2450 1673 2494 com-

214 2566 224 2577 ,
307 2522 422 2600 positus
443 2529 546 2581 estex
567 2524 587 2581 2
610 2530 640 2583 et
656 2525 684 2599 1,
705 2528 828 2608 etuquia
849 2542 972 2606 corpora
992 2524 1141 2586 mundana
1161 2533 1207 2584 tot
1227 2522 1338 2584 habeut
1360 2523 1571 2598 dimensiones,
1600 2530 1674 2600 quot

308 2610 452 2668 ternarius
473 2610 612 2670 enitens.
1710 2656 1715 2675 ι

393 2694 497 2773 Neque
526 2702 640 2757 tautum
666 2698 803 2777 symbola
831 2707 914 2762 erant
940 2703 1053 2760 numeri
1075 2701 1166 2759 trium
1197 2699 1418 2777 principiorum,
1447 2695 1500 2757 sed
1522 2696 1586 2773 jam
1607 2698 1674 2774 ipsa

309 2783 408 2842 anima
430 2784 661 2861 componebatur
682 2787 755 2865 ipsis
785 2804 821 2847 ex
844 2787 924 2848 bisce
945 2791 1073 2848 numeris
1097 2803 1254 2861 eorumque
1277 2786 1514 2865 proportionibus
1536 2784 1674 2843 omuibus

309 2876 340 2930 et
360 2867 611 2931 subdivisionibus
632 2874 852 2952 proportionum
875 2874 1137 2953 inaeaquiulteras,
1160 2874 1362 2949 sesquitertias
1384 2873 1673 2948 et'sesqnioctavas:

306 2964 340 3017 ut
362 2958 474 3031 anima,
502 2958 655 3019 vinculum
675 2964 781 3021 mentis
811 2971 841 3021 et
863 2965 1006 3042 corporis,
1039 2970 1118 3022 esset
1147 2962 1177 3019 in
1199 2978 1255 3021 sua
1276 2960 1405 3021 essentia
1427 2959 1500 3018 nihil
1523 2960 1580 3018 nisi
1602 2958 1673 3017 bar-

308 3045 407 3104 mouia
436 3061 531 3123 exque
551 3045 712 3107 harmoniis
726 3051 898 3127 composita.
950 3048 998 3109 ad
1025 3048 1083 3109 boc
1110 3048 1218 3125 dogma
1244 3047 1328 3106 duxit
1354 3046 1421 3106 illos
1449 3045 1552 3125 procul
1582 3043 1674 3106 dubio

309 3129 505 3192 consideratio
527 3133 599 3208 ista,
623 3134 702 3212 quod
724 3138 824 3196 anima
844 3137 975 3198 bumana
996 3136 1156 3197 delemur
1177 3143 1329 3213 tantopere
1351 3135 1490 3207 uocibus,
1518 3149 1595 3210 quaa
1616 3131 1675 3192 ali·

310 3234 385 3296 quas
407 3221 611 3298 proportiones
632 3221 817 3284 harmonicas
839 3224 1042 3303 magnitudine
1062 3242 1118 3284 sua
1139 3224 1265 3283 iormaut
1287 3230 1317 3283 et
1339 3224 1499 3282 continent.

638 3401 818 3475 Excursus
845 3405 890 3478 de
917 3406 1082 3496 ietrecty
1110 3405 1357 3495 Pythagorica.

396 3564 443 3627 Ex
471 3569 620 3648 principiis
648 3570 737 3649 paulo
760 3579 848 3634 antea
878 3575 1018 3652 expositis
1047 3575 1163 3635 videtur
1193 3571 1323 3634 eruenda
1350 3587 1416 3631 esse
1445 3569 1497 3632 illa
1522 3575 1676 3647 ubaotys,

310 3653 375 3714 tons
399 3659 535 3733 perennis
556 3659 672 3718 animae
694 3658 850 3731 humanae,
876 3679 927 3740 per
949 3679 1038 3738 quum
1052 3662 1250 3741 Pythagoraei
1270 3660 1420 3737 jurabant,
1447 3675 1515 3717 mea
1536 3659 1676 3734 opinione

309 3747 361 3815 sic,
385 3742 466 3818 quod
497 3746 573 3804 inter
600 3748 686 3804 trium
716 3747 855 3807 cuborum
881 3752 912 3822 l,
938 3749 956 3808 8
980 3756 1010 3809 et
1032 3754 1071 3809 21
1096 3744 1204 3824 binos,
1226 3749 1310 3809 uerbi
1337 3763 1429 3805 censa
1460 3748 1535 3806 inter
1562 3748 1574 3803 1
1602 3745 1675 3804 etii

311 3827 370 3913 duo
400 3829 490 3889 medii
517 3832 751 3909 proportionales
778 3844 846 3894 suut
875 3837 894 3893 2
918 3842 948 3895 et
969 3837 1000 3895 4.
1051 3836 1156 3913 Itaque
1184 3837 1296 3895 numeri
1326 3841 1453 3910 quatuor
1485 3835 1512 3906 i,
1536 3835 1566 3906 2,
1590 3834 1619 3903 4,
1645 3832 1674 3904 3,

309 3933 434 3993 qnorum
455 3934 571 3979 summa
588 3920 637 3994 15,
659 3919 709 3980 vel
726 3924 755 4000 1,
770 3922 800 3996 3,
816 3924 845 3997 9,
862 3924 914 3994 21,
937 3939 1061 3998 quornm
1076 3942 1191 3985 summa
1206 3925 1259 3998 40,
1282 3921 1394 3983 iaciunt
1414 3920 1497 3980 iilam
1518 3928 1676 3995 ιιιιιοιγιι.
1712 3912 1718 3925 ’

309 4003 394 4064 Duos
415 4010 515 4064 autem
537 4006 770 4085 proportionales
793 4008 903 4069 hubent
925 4011 987 4069 bini
1009 4013 1122 4086 cubici,
1152 4013 1230 4072 sicut
1251 4011 1313 4070 bini
1336 4008 1416 4087 plani
1438 4024 1530 4068 nuum
1551 4021 1676 4085 propor-

311 4091 461 4165 tionalem,
485 4101 519 4152 ut
539 4104 642 4152 uotum
663 4110 699 4154 ea
721 4097 917 4171 geometricis.

398 4178 454 4238 Vei
483 4179 571 4239 inerit
600 4188 741 4264 tetractys
772 4185 829 4243 ista
855 4185 889 4253 i,
923 4185 959 4258 2,
984 4185 1019 4259 3,
1042 4187 1073 4245 4.
1123 4188 1137 4245 1
1167 4185 1242 4245 illud
1269 4186 1441 4262 principium
1469 4196 1675 4255 numerorum,

311 4267 330 4324 2
361 4283 547 4328 numerorum
579 4269 693 4346 parium
722 4272 846 4348 primus,
879 4272 899 4331 3
930 4276 1159 4351 compositorum
1188 4281 1219 4333 et
1246 4273 1400 4349 imparium
1432 4272 1555 4349 primus3
1586 4267 1676 4328 ducto

308 4351 370 4428 jam
395 4355 410 4411 l
435 4356 465 4411 in
488 4356 524 4428 3,
549 4355 581 4415 iit
602 4357 803 4433 rectertgulum
827 4360 864 4433 3,
886 4358 920 4418 iat
942 4376 978 4418 er
1000 4362 1121 4438 impari3
1152 4360 1239 4420 ducto
1262 4376 1332 4418 vero
1357 4362 1375 4416 2
1398 4360 1428 4415 in
1451 4375 1484 4417 sa
1506 4360 1620 4434 ipsum,
1643 4356 1677 4414 dt

312 4440 490 4516 quadratum
512 4443 545 4516 4,
576 4451 609 4501 ut
631 4461 668 4503 ex
690 4447 770 4526 pari,
800 4446 884 4523 cujus
907 4450 996 4506 etiarn
1018 4451 1048 4507 iu
1071 4448 1184 4509 iactura
1205 4445 1418 4523 longitudinem
1440 4453 1470 4505 at
1492 4442 1676 4503 latitudinem

311 4523 396 4586 docet
418 4544 483 4588 esse
505 4546 599 4606 pares,
621 4531 698 4589 sicut
720 4534 750 4590 in
772 4532 852 4593 illius
873 4535 1043 4610 rectanguio
1065 4534 1248 4613 inaequales.
1284 4532 1406 4593 Summa
1427 4533 1516 4608 igitur
1537 4548 1574 4591 ex
1600 4534 1627 4604 1,
1646 4533 1678 4601 2,

253 4652 257 4661 ·
310 4614 348 4687 3,
372 4615 392 4671 4
421 4621 466 4674 eat
491 4617 530 4676 10
557 4623 587 4677 et
617 4620 731 4679 anima,
744 4619 873 4680 humana
902 4620 979 4681 solet
1001 4622 1039 4682 ad
1064 4625 1114 4684 10¹
1126 4638 1287 4683 numerare.
1333 4620 1371 4679 Et
1392 4622 1469 4679 sicut
1490 4619 1595 4678 suntd
1617 4634 1677 4676 nu·

310 4703 391 4775 meri,
415 4701 534 4761 totidem
557 4720 598 4767 sc.
621 4714 695 4781 quot
716 4714 798 4766 erant
828 4708 858 4765 in
881 4718 986 4784 quarto
1014 4712 1161 4782 unitates,
1191 4713 1234 4768 eiu
1264 4710 1353 4768 etiam
1382 4725 1434 4786 per
1463 4723 1516 4767 eoa
1548 4712 1676 4782 quatuor

311 4789 425 4868 speeies
447 4788 663 4851 harmoniarum
686 4795 830 4854 existuntr
859 4797 935 4855 inter
959 4799 992 4870 1,
1017 4798 1035 4855 2
1059 4795 1217 4876 diapason,
1240 4804 1274 4855 ut
1295 4804 1325 4856 et
1346 4798 1421 4855 iuter
1443 4795 1473 4869 2,
1497 4797 1527 4867 t,
1549 4800 1579 4852 et
1601 4794 1678 4852 inter

315 4877 342 4953 1,
366 4879 386 4936 4
410 4875 615 4959 disdiapason,
638 4897 716 4960 quae
737 4890 807 4943 sunt
828 4897 882 4964 pro
904 4899 979 4960 nuap
1001 4885 1077 4945 iuter
1101 4887 1129 4962 1,
1150 4887 1171 4946 3
1195 4884 1339 4965 diapason
1361 4881 1562 4964 epidiapenie,
1585 4896 1676 4956 im
