3940 5856
891 373 1042 432 Ptolemaei
1059 372 1217 430 Harmonia.

922 681 1064 753 CAPUT
1091 670 1184 753 vill

379 823 552 895 Quomodo
570 814 782 882 mutationes
801 828 835 881 in
853 828 1170 898 contemperatione
1188 829 1391 883 harmonica
1410 834 1648 899 comparentur
1664 843 1734 883 cum
1827 884 1831 887 ,

633 958 637 961 .
666 913 912 983 dispositionis
939 917 1123 971 animorum
1147 915 1444 971 mutationibuslll

469 1074 518 1134 Ad
540 1074 666 1135 eundem
688 1093 780 1154 prcpe
802 1079 922 1138 modum
946 1086 975 1138 et
998 1076 1237 1137 mutationesde
1260 1083 1330 1137 tono
1353 1078 1381 1135 in
1405 1087 1506 1137 tonum
1535 1079 1564 1135 in
1588 1082 1750 1156 systema·

383 1164 463 1222 tibus
486 1162 617 1223 conferre
644 1181 803 1240 possumus
833 1183 900 1225 cum
922 1167 1135 1225 mutationibus
1158 1164 1384 1241 dispositionum
1413 1168 1588 1239 animorum,
1620 1167 1649 1222 in
1674 1169 1736 1223 vita
1816 1230 1822 1241 ,

383 1251 529 1311 communi
554 1254 767 1311 occurrentium
776 1250 833 1327 ΙΙΙ).
879 1250 954 1313 N'am
977 1257 1053 1312 sicut
1068 1255 1118 1326 ihi,
1141 1254 1266 1312 servatis
1282 1252 1384 1312 iisdem
1399 1254 1564 1331 generibus,
1588 1252 1620 1312 fit
1635 1251 1736 1328 aliqua

382 1336 414 1396 ln
437 1346 523 1396 cantu
552 1340 745 1415 permutatio,
777 1357 811 1400 eo
835 1342 914 1418 quod
944 1342 1016 1416 loci,
1048 1358 1100 1418 per
1123 1356 1200 1417 quos
1228 1339 1397 1401 adsciscunt
1426 1343 1486 1399 vim
1516 1349 1545 1400 ιι
1575 1340 1735 1402 efficaciam

384 1442 477 1499 suam,
502 1423 609 1483 diversi
632 1427 691 1486 sint
721 1435 750 1486 et
772 1430 847 1489 serie
871 1428 999 1507 quadam
1020 1427 1195 1488 succedente
1218 1435 1372 1488 consuetas
1401 1430 1558 1488 sortiantur
1586 1435 1737 1505 permuta-

385 1515 480 1573 tiones
489 1508 548 1592 W),
572 1515 725 1573 nicetium
750 1516 779 1574 in
803 1519 1021 1590 mutationibus,
1048 1534 1123 1593 quas
1145 1517 1207 1575 vita
1230 1519 1392 1576 communis
1413 1516 1505 1589 affert,
1529 1516 1736 1591 dispositiones

386 1602 550 1660 animorum
572 1603 670 1677 specie
694 1602 798 1662 eadem
820 1604 975 1666 flectuntur
996 1621 1050 1664 seu
1073 1610 1283 1665 convertuntur
1298 1603 1514 1680 quodammodo
1536 1602 1737 1661 indissimiles

386 1687 550 1749 studiorum
578 1689 707 1748 rationes
730 1691 919 1768 evaduntqne
948 1710 1008 1752 uua
1037 1709 1103 1751 cum
1134 1691 1235 1751 formis
1266 1697 1362 1750 status
1392 1692 1501 1768 publici
1525 1687 1645 1772 (quales
1669 1689 1737 1747 illae

388 1777 516 1836 existunt
538 1793 590 1851 per
612 1775 744 1853 singulas
766 1786 929 1857 temporum
952 1781 1122 1840 occasiones
1153 1778 1192 1837 ad
1216 1779 1443 1855 compositiones
1471 1780 1527 1837 sibi
1557 1779 1738 1836 corrvcnien-

389 1858 624 1944 uorestquale
647 1863 717 1939 quid
742 1874 771 1924 et
784 1868 822 1923 in
845 1867 961 1943 legibus
983 1867 1109 1927 ferendis
1132 1883 1187 1925 usu
1208 1868 1304 1939 venit,
1334 1865 1404 1924 dum
1426 1883 1515 1942 saepe
1537 1864 1618 1941 leges
1641 1873 1739 1923 trans-

388 1950 551 2009 formantur
580 1952 609 2009 iu
637 1950 728 2010 talem
752 1954 828 2029 juris
851 1954 1150 2026 administrationem,
1182 1955 1320 2030 quaesit
1347 1952 1568 2013 accommodata
1590 1952 1740 2029 praesenti

390 2036 551 2097 conditioni
580 2044 753 2114 temporum
800 2040 846 2100 Ita
875 2060 942 2102 cum
972 2041 1094 2120 pacifica
1122 2047 1189 2100 sunt
1220 2049 1368 2117 tempora,
1402 2042 1510 2100 civium
1534 2042 1622 2098 antimi
1645 2041 1740 2114 magis

390 2124 428 2185 ad
452 2127 580 2201 quietem
603 2133 633 2184 ιι
653 2131 832 2203 aequitatem
856 2129 1039 2201 inclinantur,
1064 2146 1129 2189 cum
1152 2130 1222 2188 rero'
1247 2128 1363 2203 bellica,
1387 2130 1568 2188 econtrario
1592 2126 1630 2187 ad
1645 2126 1742 2185 auda-

391 2214 466 2273 ciam
490 2221 519 2271 et
542 2220 729 2272 contemtum
774 2214 902 2276 Rursum
924 2220 1045 2296 penuria
1066 2216 1187 2306 publica
1209 2209 1239 2275 ιι
1260 2234 1355 2276 rerum
1378 2218 1608 2276 necessariarum
1634 2216 1741 2273 caritas

390 2301 615 2376 temperantiam
638 2309 668 2361 et
690 2301 898 2378 humilitatem,
930 2304 1087 2364 earundem
1111 2321 1180 2363 vero
1214 2303 1310 2363 vilitas
1342 2311 1371 2364 et
1394 2304 1576 2363 abundantia
1604 2302 1743 2362 ferociam

392 2393 422 2447 ct
444 2386 520 2446 altos
551 2389 670 2465 spiritus
698 2389 795 2461 affert,
828 2398 857 2450 et
883 2395 926 2452 sic
953 2395 1043 2452 etiam
1073 2390 1109 2450 de
1140 2392 1243 2451 ceteris
1271 2408 1375 2468 prore
1398 2399 1468 2451 nata
1498 2392 1555 2449 dici
1588 2398 1687 2467 posset
1702 2384 1742 2467 v).

393 2473 442 2533 Ad
464 2472 588 2533 eundem
610 2477 701 2552 igitur
722 2476 841 2536 modum
864 2487 893 2539 et
916 2482 944 2537 in
967 2479 1179 2538 mutationibus
1203 2477 1371 2538 harmoniae
1394 2487 1497 2538 cantus
1519 2478 1625 2537 idem
1618 2495 1647 2534 m
1670 2493 1744 2535 acu·

393 2562 517 2621 tionibus
546 2561 666 2638 quidem
693 2567 779 2625 tonis.
800 2564 896 2625 induit
922 2572 1057 2625 naturam
1086 2568 1180 2641 magis
1204 2569 1374 2638 excitatam,
1406 2567 1643 2641 ingratioribus
1672 2581 1744 2622 con·

393 2651 556 2722 tinentiam,
581 2651 806 2711 submissionem
836 2662 865 2713 et
888 2654 1062 2714 modestiam
1084 2656 1183 2731 spirat
1228 2652 1303 2711 Nam
1332 2662 1362 2712 et
1386 2656 1414 2711 in
1439 2656 1519 2711 sonis
1549 2670 1607 2729 quo
1632 2652 1746 2711 acutior

395 2736 528 2813 quilibet,
552 2735 609 2796 hoc
630 2739 778 2811 intensior,
802 2757 861 2816 quc
884 2745 1016 2819 gravior,
1040 2738 1097 2800 hoc
1119 2742 1266 2800 remissior
1288 2737 1393 2820 estW)
1439 2740 1545 2799 Merito
1572 2742 1673 2815 itaque
1696 2737 1746 2798 rel

394 2824 443 2884 hic
466 2825 554 2883 etiam
577 2827 639 2884 toul
662 2826 825 2886 intermedii
849 2835 878 2888 et
901 2831 950 2906 qni
975 2829 1088 2888 dorium
1111 2830 1299 2888 circumstant
1325 2828 1571 2929 comparabuntur
1594 2844 1658 2886 cnm
1682 2842 1746 2884 rne-

397 2910 544 2971 diocribus
568 2919 598 2971 et
620 2913 694 2972 benc
718 2917 886 2991 compositis
910 2912 991 2977 vitae
1012 2918 1150 2990 moribus,
1174 2917 1320 2975 acutiores
1344 2934 1412 2975 vero
1445 2898 1548 2991 etqui
1580 2910 1649 2973 sunt
1672 2915 1748 2972 circa

397 2998 606 3077 mixolydium,
636 3017 702 3059 curn
724 3003 926 3078 inquietudine
949 3013 979 3064 et
1001 3004 1126 3064 andacia
1147 3002 1281 3081 publica,
1313 3007 1464 3080 graviores
1487 3001 1612 3077 denique
1645 3009 1674 3061 et
1697 3000 1747 3076 qui

398 3093 467 3147 sunt
488 3088 566 3146 circa
586 3087 791 3169 hypodorium,
815 3108 881 3150 cum
903 3093 1024 3168 ignavia
1046 3099 1076 3151 ιι
1097 3090 1233 3152 ιοιοιιιι
1256 3093 1333 3150 vitae
1357 3091 1392 3150 de
1416 3086 1595 3168 generem).

486 3172 570 3234 Adeo
593 3178 682 3235 etiam
705 3194 770 3237 cum
792 3181 864 3257 ipsis
887 3178 1032 3239 melodiae
1054 3179 1242 3240 facultatibus
1270 3185 1299 3238 ιι
1321 3178 1453 3239 efficacia
1482 3177 1697 3255 compatiuntur
1719 3182 1749 3234 ιι

399 3263 489 3322 animi
504 3265 596 3321 nostri
611 3280 627 3323 e
644 3266 777 3341 vestgio,
802 3270 910 3344 qnippe
933 3268 983 3343 qui
1000 3274 1029 3326 et
1045 3268 1248 3345 cognationem
1270 3282 1337 3324 cum
1357 3266 1594 3344 proportionibus
1616 3264 1750 3341 propriae

400 3351 598 3425 suiipsorum
622 3352 859 3412 conformationis
882 3363 1111 3431 recognoscunt,
1141 3364 1170 3414 et
1192 3353 1432 3413 transformantur
1462 3356 1490 3410 in
1518 3360 1613 3411 certos
1641 3360 1749 3424 motus,

399 3436 609 3515 respondentes
632 3441 704 3516 ipsis
725 3440 918 3500 melodiarum
940 3443 1181 3520 proprietatibus3
1212 3447 1245 3499 ut
1268 3441 1445 3517 quandoque
1468 3440 1506 3498 ad
1529 3439 1698 3514 voluptates
1721 3444 1751 3497 et

400 3523 546 3584 luxuriam
576 3528 766 3602 instigentur,
798 3546 912 3588 rursum
944 3529 981 3589 ad
1014 3531 1297 3589 commiserationem
1332 3536 1361 3588 et
1391 3529 1537 3586 tristitiam
1568 3532 1750 3598 revocentur,

401 3629 479 3672 nunc
502 3612 594 3672 veluti
616 3614 803 3675 obvallentur
825 3624 854 3676 et
876 3620 906 3675 in
929 3634 1063 3695 soporem
1087 3618 1205 3690 dentur,
1237 3632 1313 3674 nrrtrc
1335 3623 1488 3692 erumpant
1516 3622 1546 3674 et
1568 3615 1750 3679 exsusciten-

402 3709 458 3773 tur,
482 3699 555 3759 alias
579 3717 648 3761 vero
671 3701 709 3761 ad
732 3705 805 3763 iram
828 3708 1050 3783 cestroperciti
1073 3712 1103 3764 ιι
1125 3704 1232 3763 divinis
1254 3704 1399 3763 furoribus
1421 3705 1532 3777 invasi;
1557 3701 1625 3760 dum
1649 3710 1753 3760 cantus

403 3787 478 3847 alias
500 3787 585 3847 aliter
606 3784 782 3851 transmutat
804 3796 1026 3871 animorumque
1056 3792 1138 3852 velut
1159 3809 1264 3867 agmen
1294 3791 1391 3851 educit
1422 3790 1595 3866 ordinatque
1625 3787 1753 3864 disposi-

403 3874 533 3934 tionibus
556 3877 602 3949 tis,
626 3895 703 3952 quae
725 3878 915 3941 similitudine
931 3882 1150 3960 proportionum
1165 3879 1322 3940 earundem
1345 3874 1565 3956 constantim}
1610 3876 1753 3935 Existimo

404 3969 504 4022 autern
527 3962 585 4023 hnc
609 3972 637 4024 ιι
659 3964 861 4044 Pythagoram
883 3972 1055 4046 respexisse,
1080 3966 1148 4027 dum
1167 3967 1254 4043 jubet
1269 3984 1335 4026 cum
1350 3984 1455 4026 aurora
1472 3970 1634 4040 surgentes,
1657 3966 1755 4040 prius-

405 4067 494 4128 quam
518 4052 612 4131 operis
635 4052 748 4130 aliquid
771 4056 991 4133 aggrediamur,
1022 4058 1134 4115 musica
1156 4057 1199 4114 uti
1222 4062 1368 4130 cantuque
1397 4055 1460 4113 miti
1483 4060 1513 4112 ιι
1535 4053 1635 4124 suavi,
1659 4058 1707 4121 nt,
1730 4051 1755 4107 si

405 4155 482 4215 quae
504 4138 535 4196 in
557 4141 662 4199 animis
685 4144 933 4204 exsuscitantibus
956 4163 972 4205 e
996 4160 1098 4204 somno
1122 4143 1240 4203 residua
1262 4144 1399 4202 manserit
1414 4139 1600 4209 turbulentia,
1625 4155 1661 4197 aa
1676 4139 1756 4214 prius

406 4228 602 4286 insincerum
626 4228 757 4288 ordinem
788 4239 818 4291 ιι
839 4231 1082 4308 tranquillitatem
1109 4231 1260 4304 traducta,
1294 4232 1369 4289 bene
1392 4228 1600 4304 contemperati
1633 4232 1661 4284 et
1684 4242 1758 4284 con-

405 4314 471 4374 soni
495 4313 588 4374 veluti
611 4316 773 4376 efficiantur
795 4318 834 4379 ad
853 4319 1005 4379 diuturnas
1026 4322 1167 4379 actiones.
1213 4316 1325 4397 Opincr
1347 4322 1444 4376 autern
1469 4316 1556 4372 etiarn
1580 4314 1654 4386 hoc,
1678 4311 1757 4388 quod

292 4426 295 4437 ⁴
407 4402 479 4461 deos
507 4418 574 4462 cum
596 4406 708 4465 musica
730 4408 902 4468 invocamus
931 4415 961 4467 et
984 4416 1087 4480 cantu,
1118 4424 1159 4466 sc
1182 4404 1356 4484 hymnorum
1379 4402 1495 4479 (organi
1527 4401 1634 4477 genus)
1667 4408 1696 4460 et
1716 4402 1757 4457 ti-

408 4495 521 4554 biarum
543 4500 573 4553 et
595 4492 806 4570 triangulorum
830 4496 1058 4587 Aegyptiorum,
1082 4496 1155 4554 satis
1177 4493 1319 4565 iudicare,
1347 4488 1427 4568 quod
1449 4506 1669 4567 praesumamus
1692 4488 1759 4546 ani·

407 4583 463 4642 mis
470 4586 582 4663 ,ipsos
606 4600 672 4643 cum
694 4585 758 4644 miti
780 4591 810 4645 et
832 4576 979 4646 benevola
1000 4581 1224 4642 mansuetudine
1247 4596 1347 4658 preces
1368 4587 1484 4638 nostras
1507 4584 1688 4653 accepturos

495 4692 569 4750 Nota
584 4693 607 4747 1
642 4694 703 4748 Duo
722 4699 787 4749 sunt
804 4694 900 4763 capitis
918 4694 1047 4760 membra,
1066 4690 1157 4762 specie
1175 4692 1246 4745 inter
1264 4704 1293 4743 se
1312 4694 1441 4759 cognata,
1459 4701 1489 4741 re
1507 4685 1567 4756 ipsa
1585 4694 1612 4739 et
1630 4662 1758 4752 respectu

409 4776 579 4834 harmonicen
596 4775 743 4845 plurimum
760 4775 820 4832 ab'
811 4775 927 4829 mricern
945 4772 1067 4829 diremta
1100 4771 1180 4825 Prior
1198 4770 1268 4825 enim
1279 4783 1343 4838 pars
1354 4767 1422 4823 nihil
1440 4766 1512 4821 ultra
1523 4764 1674 4819 institutam
1687 4777 1759 4817 com·

408 4857 559 4937 paradonis
583 4855 793 4916 concinnitatem
810 4855 906 4925 babet,
932 4854 1069 4927 posterior
1093 4851 1128 4908 de
1144 4856 1221 4907 ructu
1239 4848 1388 4905 animorum
1410 4846 1449 4904 ita
1465 4843 1596 4902 cohaeret
1619 4839 1759 4897 doctrinae
