3882 5862
851 366 993 436 Apologia.
1271 342 1274 351 '
1403 362 1408 377 ¹
1534 361 1596 425 ott

245 548 389 620 utsupra
410 543 450 605 ad
471 544 560 605 tinam
582 543 698 622 analye.
721 545 781 605 xt.
802 544 905 605 sedulo
930 547 1005 606 esui
1052 543 1226 623 decidentis
1246 558 1318 602 reru
1345 558 1398 619 pro
1421 539 1596 611 substantia,

245 640 356 691 mum
386 649 439 707 pro
469 641 575 695 ustura
605 633 681 693 lucis
710 636 846 711 nuspiam
876 635 1005 712 accipio„
1042 631 1094 692 sed
1126 649 1192 691 eum
1226 630 1343 689 diversa
1373 632 1433 688 siut
1463 628 1598 701 regiones

244 720 431 795 planetarum
460 727 490 778 et
521 727 620 779 motus
648 738 700 797 per
723 738 797 793 aas,
829 724 945 799 cuique
975 722 1015 779 rei
1047 736 1133 779 suurn
1161 734 1225 779 esse
1248 725 1383 777 ornatum
1413 717 1598 792 asapientia

245 809 385 867 creatrice
406 810 559 867 inventum
583 808 690 867 doceo:
720 809 890 884 regionibus
913 808 1032 886 quidem
1065 814 1098 867 nt
1126 807 1223 883 spatio
1253 821 1375 882 corpora
1398 805 1527 883 quinque
1550 819 1598 860 re-

245 893 375 969 gularia,
406 898 496 971 spatii
517 898 687 972 partieipia,
715 896 844 955 moribus
869 913 941 957 veru
962 897 1168 973 proportiones
1189 893 1382 952 harmonicas.
1427 890 1494 948 'libi
1518 907 1597 961 vero,

245 981 388 1049 Roberte,
418 982 489 1058 quid
513 985 661 1061 imputem,
685 983 774 1044 audi:
804 983 892 1043 rideo
920 986 998 1051 euim
1020 992 1049 1042 te
1078 981 1109 1041 id
1130 997 1189 1040 non
1216 988 1296 1039 recte
1325 974 1492 1057 percepisse
1513 978 1598 1035 flam·

245 1082 357 1128 matum
381 1070 434 1142 ira,
460 1070 540 1146 quod
562 1072 674 1147 scripsi,
699 1079 728 1130 te
750 1074 868 1147 priuata
888 1073 1005 1148 pictura
1027 1069 1168 1135 mundum
1190 1071 1290 1128 animo
1304 1075 1355 1126 tuo
1376 1068 1598 1140 circumgestare

245 1158 358 1231 tibique
381 1164 464 1217 tunm
487 1157 570 1217 illum
600 1167 775 1234 conceptum
805 1158 905 1218 mundi
934 1158 1102 1233 subjeetum
1131 1170 1198 1216 esse
1230 1156 1420 1214 harmonicas.
1466 1152 1511 1211 Tu
1534 1153 1595 1211 sci-

246 1245 317 1303 licet
345 1244 486 1303 mundum
514 1247 545 1302 in
576 1252 635 1305 tres
663 1248 798 1322 regiones
826 1245 949 1317 dividis,
981 1245 1039 1304 boe
1067 1244 1185 1322 quidem
1215 1245 1363 1320 privatum
1392 1239 1521 1300 nondum
1544 1247 1598 1316 eet,

247 1331 325 1390 idem
349 1334 427 1391 enim
451 1340 480 1393 ct
501 1332 552 1391 alii
576 1332 706 1393 lecerunt
728 1342 797 1393 ante
820 1343 868 1407 tet
892 1334 956 1409 jam
980 1350 1050 1392 sero
1077 1331 1210 1408 singulas
1241 1334 1376 1408 regiones
1405 1331 1433 1386 in
1463 1327 1523 1386 alia
1545 1329 1605 1409 trie¹

246 1418 429 1494 subdividis,
460 1420 593 1496 singulos
615 1420 800 1497 planetarum
829 1422 932 1495 nrbes,
961 1419 1079 1497 singula
1109 1418 1272 1490 elementa,
1300 1427 1369 1477 tunc
1399 1414 1487 1475 ducta
1508 1417 1599 1474 semi-

247 1505 402 1576 diametro,
425 1507 584 1583 particulas
607 1509 672 1585 ejus
695 1508 827 1587 applicas
850 1518 978 1585 quantas
1000 1507 1083 1568 lubet
1098 1508 1231 1582 indeque
1244 1503 1483 1574 monochordum,
1507 1504 1598 1561 restis

248 1593 324 1651 illud
348 1593 458 1669 duplibi
487 1596 641 1673 pyramide
659 1596 782 1672 jamque
805 1614 841 1657 ex
863 1596 922 1655 hae
941 1598 1065 1672 pictura,
1089 1612 1177 1670 qnam
1193 1600 1307 1670 praeter
1322 1600 1351 1652 te
1375 1590 1489 1650 invenit
1503 1607 1599 1662 nemo,

247 1681 419 1741 harmonias
443 1680 550 1743 elicis'
579 1682 678 1742 Nolim
701 1684 757 1744 boc
779 1684 925 1758 crederes,
949 1687 1045 1761 ipsam
1067 1700 1119 1759 per
1141 1699 1173 1742 se
1200 1684 1344 1760 picturam
1373 1678 1451 1739 banc
1475 1677 1546 1736 mibi
1570 1680 1598 1735 in

245 1770 342 1827 animo
366 1786 432 1829 esse
461 1770 497 1830 de
525 1770 659 1857 subjecto
692 1781 760 1831 tuse
784 1770 968 1831 harmonicas
992 1771 1150 1847 cogitanti,
1181 1772 1242 1828 seio
1273 1770 1314 1828 rei
1339 1765 1453 1842 aliquid
1475 1767 1597 1833 subesse

246 1858 277 1913 in
310 1865 361 1915 tuo
394 1865 553 1934 conceptu3
586 1866 617 1917 at
647 1858 719 1916 illud
744 1858 942 1934 jamdudum
972 1858 1049 1918 ultro
1077 1857 1174 1917 lassus
1203 1875 1249 1930 es,
1283 1864 1312 1915 te
1342 1855 1510 1915 barmoniae
1532 1862 1599 1912 tuas

245 1946 369 2002 nonnisi
387 1943 534 2004 mediante
564 1945 620 2004 hac
642 1954 694 2005 tua
715 1949 833 2022 privata
864 1946 966 2004 mundi
988 1948 1102 2022 pictura
1131 1945 1264 2020 partibus
1293 1943 1392 2002 mundi
1422 1939 1598 2016 applicasse.

246 2031 317 2106 Ipsa
345 2031 398 2090 tibi
422 2031 472 2091 lux
495 2035 648 2093 materiam
677 2032 847 2110 suppeditat
874 2036 951 2106 scio,
984 2042 1015 2093 at
1046 2030 1213 2109 pyramides
1235 2040 1304 2090 tuae
1337 2029 1409 2089 dunt
1437 2027 1541 2087 modos
1570 2036 1599 2086 et

246 2116 395 2193 quandam
418 2119 511 2179 veluti
535 2138 714 2194 mensuram,
745 2124 808 2181 siue
832 2121 939 2196 quibus
968 2119 1064 2179 modis
1091 2134 1287 2195 mensuraque
1316 2116 1399 2176 nulla
1420 2118 1543 2175 materia
1570 2117 1599 2172 in
1699 2170 1703 2181 ,

246 2205 337 2265 ullam
360 2204 543 2267 harmoniam
566 2211 716 2284 congruit,
739 2211 796 2267 nisi
820 2217 852 2267 ta
874 2209 950 2275 torte
971 2207 1105 2283 abjures,
1128 2215 1172 2279 te,
1204 2223 1271 2265 cum
1294 2203 1477 2264 diatessaron
1502 2201 1600 2279 appli-

247 2308 329 2351 cares
353 2295 529 2363 mundanis,
560 2295 596 2354 de
618 2295 702 2356 nulla
724 2295 812 2372 plane
835 2312 973 2355 mensura
1000 2310 1161 2354 numerove
1193 2296 1349 2368 cogitasse.
1393 2290 1465 2351 Jam
1487 2298 1550 2349 tute
1572 2302 1601 2349 te

245 2379 400 2455 recollige,
424 2382 567 2456 Roberte,
593 2390 748 2460 tecumque
771 2383 920 2461 expende,
949 2381 1099 2461 quodnam
1121 2380 1259 2458 probrum
1288 2383 1317 2438 in
1340 2387 1369 2439 te
1393 2378 1557 2454 conjectum
1581 2396 1600 2436 a

246 2485 302 2543 me,
316 2469 368 2538 sit,
398 2468 466 2528 dum
491 2470 542 2528 tibi
567 2487 622 2544 ego
644 2474 786 2545 picturae
811 2471 923 2531 mundi
950 2464 1065 2543 nusae,
1093 2468 1151 2529 boe
1173 2476 1218 2529 est
1234 2472 1380 2545 pacatae
1400 2466 1600 2528 inventionem

245 2572 326 2615 mero
349 2558 453 2616 merito
475 2565 528 2616 tuo
552 2559 713 2629 assignari.
829 2580 832 2585 ·

335 2642 389 2700 Ad
412 2644 595 2722 Analysln
617 2644 739 2704 XXVI.
784 2645 962 2727 Ecquisnam
985 2644 1034 2703 bic
1056 2641 1175 2719 Kepleri
1199 2640 1380 2717 triumphus,
1409 2642 1459 2716 qui
1483 2641 1601 2718 paean?

246 2729 397 2806 quodnam
426 2731 556 2791 leudam
585 2748 728 2792 mmm
751 2732 1007 2792 monumentum?
1039 2730 1111 2807 qnid
1138 2734 1265 2804 ingenue
1295 2725 1402 2801 fateor,
1435 2729 1481 2786 vel
1511 2732 1602 2788 tetius

245 2821 344 2893 operis
371 2821 432 2877 mei
459 2822 602 2879 notitiam
632 2840 652 2878 a
672 2823 822 2896 mysteriis
844 2824 905 2880 tuis
933 2820 1103 2893 tropaeum
1129 2814 1229 2877 adbuc
1251 2816 1369 2875 abesse?
1413 2815 1489 2875 Nam
1521 2814 1601 2890 quod

245 2906 554 2965 demorsstrutiorsibus
573 2906 796 2967 mattamattctr
818 2908 1080 2967 amormuamam
1103 2904 1312 2964 certitudinem
1342 2918 1462 2977 arrogo,
1490 2901 1520 2960 ld
1543 2892 1601 2959 non

246 2992 285 3052 ad
307 3009 355 3051 me
377 2995 531 3068 privatim,
554 2993 606 3053 ssd
629 2993 666 3053 ad
690 2996 783 3070 ipsam
805 2996 958 3054 scientiam
980 2994 1122 3070 pertinet,
1159 2990 1216 3066 Qui
1240 3008 1310 3051 sero
1340 2990 1489 3050 dedecet-is
1511 2989 1601 3064 abpr-

245 3097 297 3139 sus
319 3080 507 3154 quomodove
529 3083 558 3138 ln
584 3098 651 3140 enm
675 3082 798 3159 famam
820 3090 908 3141 tuem
929 3079 1073 3153 maredo,
1105 3077 1184 3155 quod
1215 3078 1329 3139 tradere
1352 3086 1382 3137 te
1413 3077 1479 3137 dieo
1502 3076 1602 3153 pbilo-

246 3167 383 3242 sopbiam
416 3167 690 3244 profundissimam,
723 3167 793 3244 quid
823 3171 964 3245 mysteria
992 3169 1022 3224 in
1050 3166 1104 3225 illa
1133 3166 1263 3225 conlecta
1294 3158 1482 3244 celebroi³⁵)
1526 3164 1601 3224 Nam

248 3254 330 3329 quod
352 3255 574 3331 perplexissima
598 3256 651 3314 ille
672 3258 812 3332 mysteria
835 3256 907 3326 dixi,
931 3253 960 3313 id
984 3256 1084 3314 nescio
1108 3256 1159 3330 qui
1181 3260 1213 3311 tu
1236 3253 1307 3313 mibi
1322 3253 1491 3329 exprobres,
1515 3269 1601 3327 quern

246 3359 283 3400 ne
307 3341 437 3414 dignaris
460 3343 580 3418 quidem
603 3341 717 3402 erudire
747 3345 863 3419 seriptis
886 3344 959 3417 tuis,
989 3342 1093 3401 scribis
1116 3343 1194 3401 euim
1225 3340 1295 3417 tiliis
1315 3343 1504 3415 sapientiae,
1535 3356 1601 3397 cum

249 3446 296 3489 me
318 3429 412 3487 tilium
436 3433 624 3505 ignorantiae·
642 3447 814 3505 persuasum
837 3430 957 3490 habeas.
1003 3428 1075 3487 Mibi
1099 3432 1200 3503 itaque
1229 3430 1345 3503 meique
1366 3428 1511 3488 similibus
1535 3445 1602 3503 my·

201 3592 204 3598 Δ
246 3519 340 3576 steria
364 3528 416 3575 trra
437 3518 577 3594 perplexa
600 3525 678 3585 sunt,
701 3517 731 3575 id
754 3526 799 3578 est
829 3519 969 3594 mysteria
991 3517 1080 3592 culpe
1101 3524 1154 3575 tua
1176 3523 1362 3590 tuorumque,
1389 3533 1465 3591 ques
1487 3513 1601 3586 landus,

247 3622 353 3664 roseae
378 3608 476 3663 uude
501 3607 655 3683 fratrum,
687 3607 738 3679 qui
762 3605 899 3682 ,lugiunt
922 3603 961 3663 ad
986 3604 1109 3676 salices,
1139 3613 1169 3661 et
1190 3621 1221 3662 se
1237 3604 1361 3677 cupiunt
1383 3611 1451 3665 ante
1475 3600 1599 3660 rideri.“

247 3693 314 3766 Age
351 3708 480 3766 namque
513 3694 570 3750 nisi
600 3691 762 3751 doctrinam
793 3694 906 3768 jactent
936 3694 1001 3768 ipso
1035 3689 1198 3765 Evangelio
1235 3688 1356 3750 coelesti
1389 3691 1601 3766 pretiosiorem,

249 3778 399 3856 prodeant
422 3782 451 3837 in
476 3780 625 3838 bominum
649 3780 850 3854 frequentiam,
874 3779 912 3839 ad
927 3794 1007 3838 mare
1020 3777 1183 3849 Galilaeae,
1208 3780 1236 3833 in
1259 3785 1401 3848 montem,
1426 3776 1463 3836 ad
1486 3776 1601 3847 iustum,

246 3867 395 3925 dimittant
427 3866 588 3942 discipulos
617 3883 669 3943 per
691 3866 814 3927 castella
847 3873 877 3927 et
899 3869 997 3938 vicos,
1029 3874 1099 3924 tunc
1127 3866 1301 3940 loquuntur,
1332 3865 1357 3923 si
1387 3868 1430 3924 ita
1451 3864 1539 3936 libet,
1572 3865 1601 3920 in

244 3952 395 4030 parabolis
417 3954 575 4030 perplexis,
600 3955 716 4031 copiam
739 3957 785 4013 sui
810 3957 945 4031 privatim
969 3953 1261 4012 conventurientibus
1276 3953 1384 4011 iaciant
1407 3959 1436 4011 at
1460 3960 1530 4010 tunc
1544 3952 1600 4008 nisi

243 4048 457 4117 percontemur,
481 4043 537 4100 uisi
562 4041 718 4113 discamus,
742 4041 945 4118 perplexitatis
968 4038 1084 4116 eulpam
1107 4056 1162 4098 nos
1179 4041 1398 4099 sustinebimus.
1444 4040 1481 4097 tlt
1504 4038 1602 4114 quod·

243 4146 313 4187 nam
336 4127 393 4188 boe
414 4130 455 4187 sit
477 4129 677 4205 opprobrium,
701 4129 780 4204 quood
804 4128 880 4203 dieo,
905 4138 957 4187 tua
979 4129 1120 4204 mysteria
1138 4128 1178 4185 ab
1193 4129 1414 4187 accuratissima
1428 4125 1602 4186 certitudine

245 4218 526 4276 demonstrationum
550 4215 822 4276 matbematicarum
845 4217 1016 4290 longissime
1037 4216 1203 4284 recessisse,
1229 4230 1294 4272 cum
1317 4223 1349 4273 tu
1374 4217 1436 4291 ipse
1459 4213 1489 4272 id
1505 4214 1601 4271 omnl-

245 4306 303 4363 bua
325 4305 460 4379 paginis,
485 4305 621 4364 omnibus
643 4320 737 4379 prope
758 4303 846 4363 lineis
869 4303 945 4363 ultro
967 4301 1111 4373 fatearis?
1154 4300 1329 4379 Pyramides
1352 4304 1465 4377 pingis,
1496 4318 1601 4360 nume-

244 4408 293 4449 ros
317 4399 348 4450 et
370 4408 522 4453 mensuras
543 4390 769 4451 mathematicas
791 4391 943 4468 applicas,
975 4406 1028 4449 noc
1050 4406 1102 4449 eas
1125 4391 1171 4448 ris
1201 4404 1255 4447 nus
1279 4391 1386 4449 intueri
1417 4388 1511 4447 nemis
1534 4407 1601 4447 ma

243 4479 426 4551 thematieis,
458 4495 513 4539 nec
536 4479 685 4557 applicare
706 4480 817 4556 pateris
840 4480 963 4539 uncinos
985 4475 1124 4536 metiendi
1152 4493 1251 4536 causa.
1298 4475 1523 4543 Mathematicus
1547 4476 1601 4535 ‹le-
1709 4488 1712 4511 ¹

242 4569 472 4627 monstrationes
495 4566 571 4626 adeo
593 4565 695 4642 procul
719 4567 827 4637 babes,
862 4574 895 4624 ui
919 4567 1034 4625 disertis
1060 4563 1156 4622 serbis
1187 4581 1239 4621 eas
1262 4572 1431 4622 contemnas
1465 4566 1599 4639 interque

243 4656 313 4712 vani
336 4658 443 4730 capitis
466 4653 571 4714 deliria
593 4654 720 4727 rejicias.
764 4653 811 4713 De
845 4655 993 4731 mysteriis
1023 4649 1144 4711 taudem
1174 4668 1220 4709 ms
1248 4652 1292 4709 ais
1323 4649 1415 4726 loqui.
1462 4650 1600 4713 Etiamne

242 4743 301 4801 boo
323 4758 443 4818 quoque
466 4740 675 4805 vindicandum
698 4741 821 4803 censes?
858 4740 918 4801 Sed
941 4759 961 4802 a
982 4746 1012 4798 te
1034 4737 1111 4799 male
1134 4736 1282 4799 intellectu
1306 4737 1398 4796 dico?
1435 4738 1499 4797 Non
1515 4736 1600 4811 dioop

241 4837 343 4908 petest
365 4832 434 4906 quis
454 4844 556 4891 secum
578 4829 642 4905 ipss
664 4830 775 4906 optime
798 4827 963 4906 intelligere
986 4836 1134 4887 secretum
1157 4824 1288 4901 aliquod,
1314 4824 1393 4901 quud
1414 4824 1599 4889 demonstra-
