3872 5846
323 438 387 497 230
738 431 780 486 De
799 429 1065 501 Contigurationibus
1084 430 1263 487 Hemonicis.

324 629 414 673 unum
442 610 490 672 rel
522 612 620 671 omnia
642 616 722 670 motu
755 608 883 687 quodam
911 608 1124 686 longitudinem
1151 611 1194 669 rei
1215 620 1384 691 perennant
1411 615 1585 691 terminique
1608 615 1679 673 flant

323 690 449 777 partium
471 698 679 777 longitudinis,
712 699 786 757 iuter
817 700 952 773 quassit
975 699 1141 774 proportio,
1174 706 1203 757 et
1224 699 1280 757 boe
1309 698 1347 757 ad
1370 702 1530 760 minimum.
1578 702 1676 778 Atque

324 788 353 847 id
377 788 410 846 fit
432 806 468 846 err
491 795 574 863 parte
597 789 627 844 in
650 785 944 862 configurationibus,
967 785 1061 859 hujus·
1078 786 1129 845 lib.
1145 784 1200 846 IV.
1223 790 1340 862 proprio
1357 788 1501 863 subjecto.
1547 788 1622 849 Nam
1646 797 1679 849 ut

324 876 435 935 dicetur
458 876 553 950 capite
576 876 719 949 sequenti,
743 874 912 945 harmoniae
936 873 1053 948 quidem
1078 875 1106 929 in
1130 873 1262 947 angulis,
1292 892 1367 950 quos
1389 879 1507 935 metitur
1529 876 1676 951 zodiacus,

325 963 543 1033 considerantur
565 963 628 1020 sina
651 967 746 1036 motu,
776 961 876 1037 anguli
900 966 998 1023 tamen
1021 961 1077 1036 ipsi
1100 960 1152 1020 aiii
1174 978 1211 1019 ex
1233 960 1299 1019 aliis
1322 979 1476 1038 corporum
1499 948 1675 1023 radiantium

325 1057 407 1111 motu
429 1066 480 1126 per
502 1047 655 1109 zodiacum
680 1050 904 1120 constituuntur,
951 1047 1027 1107 Sunt
1048 1055 1146 1108 tamen
1169 1048 1247 1107 modi
1271 1054 1512 1125 praestantiores,
1543 1050 1581 1112 ad
1604 1069 1679 1111 euu-

326 1139 390 1198 dem
412 1136 499 1196 tinem
523 1136 689 1210 tendentes,
713 1144 746 1196 ut
769 1154 833 1195 cum
857 1152 987 1213 corpora,
1012 1152 1087 1212 quae
1110 1136 1219 1195 habent
1242 1135 1462 1213 longitudinem,
1487 1142 1550 1215 ipsa
1572 1149 1601 1198 et
1625 1139 1678 1198 de-

326 1226 515 1286 terminantur
537 1224 646 1283 talibus
668 1226 770 1300 signis,
792 1240 906 1283 sursum
930 1223 1065 1282 deorsum
1088 1223 1265 1297 errantibus,
1290 1230 1320 1283 et
1342 1227 1433 1285 trunci
1458 1227 1591 1301 qnalibet
1614 1229 1678 1286 vice

325 1312 476 1388 intercepti
499 1312 585 1371 simui
608 1318 776 1388 morentur,
810 1320 843 1370 ut
865 1313 908 1369 ita
930 1328 988 1370 non
1007 1311 1069 1386 jam
1094 1327 1229 1389 corpora,
1252 1312 1305 1370 sed
1328 1323 1423 1371 motus
1447 1315 1503 1389 ipsi
1526 1331 1679 1391 corporum

326 1418 416 1461 causa
437 1399 629 1475 longitudinis
652 1407 681 1458 et
703 1400 856 1459 brevitatis
879 1415 936 1459 uon
960 1399 1129 1476 temporalis
1159 1397 1210 1457 sed
1234 1415 1390 1475 corporeae
1414 1397 1538 1482 (quippe
1566 1404 1678 1479 species

326 1496 459 1548 motuum
481 1489 739 1563 incorporatorum,
764 1505 815 1546 seu
838 1503 992 1563 corporum
1020 1488 1050 1544 in
1073 1494 1154 1546 motu
1178 1483 1417 1568 constitutorum)
1441 1491 1515 1548 inter
1541 1506 1573 1547 sc
1597 1506 1678 1548 com-

326 1584 472 1653 parentur.
520 1572 773 1650 Quemadmodum
802 1591 833 1633 se
862 1591 909 1633 res
936 1574 1026 1633 babet
1053 1590 1119 1633 cum
1147 1575 1244 1632 souis:
1277 1592 1345 1641 nam
1374 1593 1464 1634 sonus
1494 1586 1539 1636 est
1566 1580 1679 1653 species

327 1665 472 1725 emissae
496 1678 631 1739 corpore,
655 1669 684 1720 et
705 1670 738 1721 ut
761 1669 902 1739 quantum
925 1660 1012 1731 iliud,
1044 1669 1074 1720 et
1097 1668 1129 1719 ut
1150 1660 1308 1737 figuratum
1336 1662 1563 1739 quadamtenus,
1595 1672 1624 1723 et
1646 1670 1679 1722 ut

328 1755 356 1811 in
380 1758 461 1809 motu
485 1752 675 1809 constitutum
699 1758 760 1823 est,
789 1751 859 1825 quia
881 1765 934 1825 pro
957 1746 1120 1825 aptitudine
1143 1748 1254 1825 figurae
1284 1757 1329 1810 cst
1351 1758 1380 1809 et
1402 1759 1499 1810 motus
1528 1759 1558 1810 et
1579 1768 1678 1809 sonus.

415 1839 514 1912 Atque
544 1838 617 1897 baec
640 1837 703 1913 jam
731 1836 824 1897 altera
853 1839 947 1911 magis
976 1834 1097 1895 evidens
1127 1852 1218 1895 causa
1249 1845 1307 1911 est,
1342 1852 1393 1897 eur
1422 1848 1526 1898 natura
1554 1839 1679 1898 hominis

328 1942 464 1986 sonorum
488 1927 673 2001 potissimum
695 1925 933 2001 proportionibus
956 1923 1131 1982 harmonicis
1153 1926 1192 1983 sit
1213 1922 1321 1983 dedita
1366 1926 1414 1984 Fit
1436 1942 1464 1986 n.
1488 1927 1545 1985 boc
1566 1944 1679 1986 rursum

329 2015 367 2073 ob
392 2014 650 2073 conformationem
682 2014 729 2071 sui
759 2014 905 2088 corporis,
936 2013 965 2068 iu
989 2028 1048 2087 quo
1076 2020 1177 2086 guttur
1205 2011 1278 2087 iliud
1302 2029 1407 2089 corpus
1437 2024 1496 2086 est,
1527 2013 1605 2089 quod
1627 2031 1679 2089 pro

328 2102 485 2178 superioris
509 2101 553 2158 vei
579 2101 721 2159 interioris
745 2099 844 2159 circuli
868 2098 1049 2172 cartilaginei
1072 2099 1102 2156 iu
1124 2115 1228 2175 aspera
1248 2102 1356 2159 ¹arteria
1378 2104 1581 2174 constrictione
1604 2119 1680 2160 uuna

327 2190 448 2265 longum
475 2206 552 2246 nunc
574 2188 663 2247 breve
687 2197 731 2246 est
754 2185 892 2263 quodque
914 2186 1073 2263 impulsum
1095 2188 1197 2263 spiritu
1227 2203 1263 2245 ex
1289 2187 1458 2264 pulmonum
1486 2188 1605 2247 follibus
1628 2207 1681 2247 ex-

329 2294 430 2352 presso
459 2277 588 2333 caritate
622 2292 677 2335 sua
705 2272 810 2353 (ligura
838 2270 953 2354 nempe)
983 2282 1095 2332 motum
1125 2273 1186 2333 edit
1216 2275 1355 2349 similem,
1394 2277 1477 2352 cujus
1509 2285 1537 2335 et
1567 2279 1681 2354 species

329 2363 437 2423 accidit
460 2362 595 2435 auribus,
626 2370 656 2421 et
677 2364 776 2421 sensio
799 2358 933 2440 (arteriae
957 2362 1064 2437 ipsius,
1096 2370 1127 2420 ut
1150 2363 1246 2420 estin
1268 2372 1349 2420 motu
1373 2361 1542 2442 constituta)
1564 2365 1680 2423 animae

329 2453 466 2509 sentienti
493 2455 610 2523 praesto
633 2456 694 2524 est3
723 2451 832 2525 quippe
861 2448 917 2508 boc
945 2450 1090 2507 communi
1113 2466 1202 2508 sensu
1224 2452 1329 2510 sentire
1361 2462 1419 2525 est,
1450 2452 1504 2510 nui
1527 2452 1681 2527 speciebus

329 2538 524 2596 membrorum
556 2537 699 2612 corporis,
729 2543 760 2595 ut
788 2544 856 2594 sunt
886 2535 937 2594 ilia
965 2539 1055 2596 variis
1082 2536 1188 2596 affecta
1216 2546 1245 2596 et
1276 2539 1360 2613 quasi
1390 2539 1514 2597 formata
1537 2541 1681 2613 motibus,

331 2641 408 2700 quae
430 2625 551 2700 speeies,
575 2632 609 2682 ut
627 2625 659 2707 in
675 2624 835 2700 Dioptricis
856 2622 1010 2700 explicavi,
1035 2626 1188 2700 spirituum
1206 2626 1397 2685 continuitate
1412 2627 1543 2685 teruntur
1557 2644 1683 2686 amem·

331 2712 390 2771 bris
414 2713 552 2788 corporis,
577 2713 666 2770 etiam
688 2714 815 2784 remotis,
838 2709 876 2770 ad
898 2709 998 2770 sedem
1019 2730 1124 2771 seusus
1146 2714 1316 2772 eommunis.
1361 2714 1410 2771 Fit
1434 2715 1534 2789 igitur,
1556 2720 1590 2773 ut
1612 2717 1683 2791 quia

330 2800 419 2859 borno
454 2799 554 2858 crebra
585 2800 722 2858 sessione
757 2815 877 2875 asperae
901 2816 972 2858 suae
1004 2801 1129 2859 arteriae
1161 2803 1190 2858 in
1221 2808 1303 2858 motu
1336 2803 1512 2861 constitutae
1544 2803 1684 2862 combibit

330 2885 429 2947 ideam
452 2884 598 2962 quandam
613 2887 860 2957 ⁴conformationis
884 2903 1038 2962 corporum
1060 2887 1282 2963 quomodolibet
1301 2891 1477 2963 sonantium,
1501 2888 1579 2949 idem
1601 2897 1682 2949 tanto

331 2974 446 3035 facilins
469 2980 610 3048 agnuam
641 2982 670 3033 et
693 2973 834 3049 dijudicet
856 2975 941 3049 quasi
971 2976 1214 3035 conformationes
1238 2991 1390 3051 eorpomm
1421 2985 1503 3036 extra
1524 2994 1556 3037 se
1586 2985 1684 3036 moto-

333 3080 397 3121 rum
434 3077 527 3137 eoque
557 3069 638 3120 motu
669 3064 782 3121 sonitus
813 3064 1007 3121 emittentium
1038 3080 1147 3140 eosque
1179 3066 1252 3122 inter
1274 3081 1306 3123 se
1329 3072 1513 3140 comparatos
1544 3064 1581 3124 ad
1605 3065 1685 3143 leges

332 3149 567 3209 harmonicarum
588 3151 807 3225 proportionum
829 3151 983 3213 examinet

897 3381 1038 3453 CAPUT
1065 3383 1117 3453 lv.

334 3529 421 3598 Quid
446 3528 669 3584 discriminis
697 3530 743 3585 sit
769 3532 866 3584 inter
891 3529 1093 3584 harmonias
1119 3538 1257 3600 quarto,
1289 3538 1323 3585 et
1354 3533 1445 3586 iuter
1472 3531 1552 3586 illas
1580 3534 1684 3587 tertio

825 3615 917 3684 libro
942 3615 1193 3671 consideratas.

422 3760 531 3835 Quanti
553 3778 599 3820 res
622 3763 760 3820 momenti
783 3764 822 3821 sit
843 3760 978 3821 adbene
994 3759 1270 3838 philosophandum,
1294 3761 1474 3839 distinguere
1491 3781 1585 3823 rerum
1602 3764 1682 3837 fines,

336 3853 466 3909 interae
489 3857 615 3926 cognata
637 3848 778 3921 conterre,
808 3866 844 3908 ne
866 3866 918 3927 pro
942 3848 1047 3906 iisdem
1068 3849 1240 3923 habeantur,
1268 3854 1404 3927 opposita
1426 3854 1621 3925 committere,
1653 3861 1686 3911 ut

338 3936 528 4009 illustrentur,
559 3936 588 3994 id
612 3935 684 3993 nihil
707 3939 810 3995 attinet
832 3936 958 4012 longiori
980 3952 1112 3996 sermone
1134 3936 1269 4013 praefari.
1313 3936 1410 4012 Quare
1435 3941 1687 4015 operaepretium

334 4025 430 4097 suerit,
457 4026 563 4096 omnia,
587 4041 663 4099 quae
686 4023 827 4083 hactenus
849 4022 965 4082 adhoc
988 4024 1073 4082 utilia
1097 4024 1142 4083 vel
1158 4027 1279 4101 sparsim
1296 4017 1344 4083 r'el
1361 4027 1512 4086 obscurius
1527 4028 1574 4084 vel
1591 4027 1686 4086 obiter

335 4112 414 4171 dicta
435 4118 512 4184 sunt,
535 4112 590 4171 sub
613 4128 703 4170 unum
725 4119 876 4187 aspectum
899 4126 1059 4188 proponere
1082 4120 1112 4170 et
1132 4112 1226 4169 sicubi
1247 4130 1320 4188 opus
1335 4121 1380 4171 est
1401 4114 1527 4189 amplius
1539 4113 1685 4174 illustrare

335 4199 432 4276 adque
454 4201 663 4276 praescriptum
687 4201 792 4275 capitis
808 4198 912 4257 lemma
928 4216 962 4258 ex
979 4199 1110 4275 professo
1125 4198 1353 4258 accommodare.
1399 4198 1578 4275 Quintuplex
1599 4204 1686 4285 igitur

336 4286 488 4346 discrimen
518 4294 562 4346 est
591 4289 667 4346 inter
694 4285 782 4362 hujus
812 4293 842 4345 et
868 4285 1069 4363 praecedentis
1103 4285 1169 4345 libri
1199 4288 1458 4364 contemplationes
1486 4288 1683 4349 harmonicam

337 4391 427 4434 unum
450 4378 480 4434 in
503 4391 533 4435 re
556 4375 620 4451 ipsa
642 4374 819 4447 harmonica,
844 4390 934 4432 causa
955 4390 1031 4432 suae
1050 4373 1258 4451 amplitudinis,
1282 4375 1404 4432 alterum
1428 4377 1457 4432 in
1477 4379 1605 4436 terminis
1622 4378 1685 4453 ejus

336 4461 503 4535 sensilibus,
527 4464 644 4522 tertium
667 4464 695 4518 in
720 4478 818 4535 causa,
842 4478 917 4537 quac
941 4460 1078 4520 conciliat
1100 4460 1268 4520 barmoniae
1291 4478 1374 4519 suam
1398 4467 1567 4536 essentiam,
1594 4482 1686 4540 quar·

336 4558 398 4608 tum
420 4551 450 4607 in
473 4548 560 4609 modo
584 4547 745 4622 inessendi,
776 4550 909 4625 quintum
931 4550 961 4605 in
986 4548 1086 4609 ordine
1108 4566 1277 4621 causarum,
1301 4566 1376 4623 quae
1399 4551 1524 4610 formant
1546 4555 1684 4611 terminos

336 4638 530 4718 proportionis
552 4637 747 4696 harmonicae.

423 4724 447 4784 1.
472 4724 558 4799 Quod
581 4742 641 4783 rem
664 4727 757 4801 ipsam
780 4723 891 4794 attinet,
916 4738 993 4798 quae
1014 4721 1184 4781 harmonica
1205 4723 1355 4797 proportio
1378 4722 1495 4798 dicitur,
1518 4724 1587 4784 illae
1609 4724 1683 4785 libro

336 4816 424 4873 tertio
445 4814 570 4889 primurn
593 4821 673 4872 ortae
695 4830 714 4870 a
735 4811 914 4870 sectionibus
937 4809 1035 4868 circuli
1063 4826 1114 4885 per
1135 4808 1243 4884 figuras
1266 4811 1412 4885 regulares
1436 4812 1538 4888 planas
1562 4812 1683 4871 demon-

337 4901 481 4976 strabiles,
505 4915 573 4960 mor
596 4899 750 4963 adrestas
772 4898 867 4958 lineas
888 4898 1048 4961 translatae
1062 4898 1196 4973 interque
1212 4915 1244 4958 se
1260 4900 1432 4959 commissae
1453 4907 1482 4959 et
1498 4900 1682 4977 conjugatae,
