3872 5846
642 329 727 391 Liber
742 330 793 393 111.
810 332 951 405 Dimasto
967 333 1090 407 politica
1483 346 1546 443 ,¹⁹⁸5

186 510 261 572 inlsn
282 515 473 590 postumiane
496 512 633 579 dirorum
654 512 864 575 harmonicam
909 513 987 575 Dico
1014 513 1245 591 quadamtenus,
1278 518 1306 577 si
1326 518 1463 579 nimirum
1493 537 1547 597 pro

186 600 358 661 6633663166
384 603 564 680 aequalium
594 602 743 680 intelligas
770 601 964 663 meditationes
991 602 1208 678 arithmeticas,
1242 605 1273 662 in
1304 605 1380 665 alios
1409 624 1547 669 numeros

188 687 418 764 nausiormatas,
442 693 472 748 in
495 692 603 766 quibus
625 708 686 751 non
707 692 748 750 633
769 706 908 769 expressa
930 689 1095 766 aequalitas
1118 708 1292 753 excessuum
1308 693 1444 768 actualis,
1468 713 1544 771 quae

188 783 252 837 erat
272 778 303 834 in
324 779 426 854 primis
449 779 552 839 tribus.
595 779 671 839 Nam
696 784 829 839 veterum
849 777 1022 839 harmonica
1041 777 1184 841 medietas
1205 781 1404 857 propriissime
1426 784 1473 843 sic
1493 783 1548 845 de·

187 861 295 937 finitur,
318 863 398 942 quod
420 868 459 927 sit
480 883 655 929 6666666366
677 870 757 925 inter
778 872 838 925 tres
859 884 1004 927 numeros
1025 865 1131 925 sudem
1147 869 1318 971 proportio,
1342 887 1422 947 6666
1445 879 1547 933 entre

186 968 327 1027 morum,
358 962 391 1013 nt
414 955 505 1028 363,
536 956 573 1029 4,
606 956 635 1015 6
681 952 857 1056 Quicunque
879 953 954 1017 tales
977 963 1036 1013 tres
1057 956 1170 1015 numeri
1193 963 1277 1029 sunt,
1308 957 1373 1019 sive
1396 974 1465 1021 vers
1488 960 1548 1019 6363

187 1037 350 1099 harmonici
371 1042 435 1100 sive
458 1058 517 1101 non
540 1043 616 1119 sint,
648 1059 764 1125 semper
786 1043 815 1099 36
838 1042 874 1100 136
897 1059 999 1103 verum
1022 1051 1083 1117 663,
1112 1045 1248 1104 rationes
1275 1041 1547 1128 osquuliamsssu

187 1128 287 1202 potius
320 1125 534 1210 arithmeticas)
565 1137 593 1189 ct
619 1112 768 1189 63631366
790 1125 858 1210 (666
887 1124 1097 1210 geometricas)
1120 1147 1179 1189 csse
1209 1132 1351 1209 confusas
1379 1149 1438 1193 uno
1467 1143 1546 1195 certo

188 1213 285 1273 modo.
332 1215 439 1277 Modus
461 1225 561 1276 autern
584 1224 629 1277 est
650 1216 707 1275 hio.
754 1217 839 1276 116336
862 1218 1008 1292 extremis,
1034 1219 1118 1290 633,
1144 1218 1173 1293 5,
1201 1218 1288 1278 datur
1310 1219 1437 1287 medium
1453 1221 1547 1281 arith·

187 1305 342 1378 meticunr,
365 1303 446 1380 quod
469 1322 504 1365 nc
526 1306 697 1365 fractionem
719 1304 845 1379 habeat,
865 1312 1019 1365 sumantur
1041 1304 1089 1364 hio
1110 1302 1305 1366 extremorum
1329 1307 1411 1384 dupli
1435 1310 1470 1381 4,
1497 1311 1546 1383 10,

190 1480 227 1551 3,
259 1480 313 1552 10,
343 1496 516 1539 excessuum
538 1481 572 1553 3,
607 1480 817 1556 3666661366
841 1498 957 1558 semper
983 1481 1199 1541 constituuntur
1230 1481 1306 1542 duas
1331 1485 1546 1560 proportiones,

191 1582 252 1625 una
272 1566 384 1642 major,
408 1569 484 1627 inter
506 1568 646 1627 tenniuos
669 1568 854 1642 63666664,
880 1572 915 1642 3,
939 1566 1033 1629 altera
1055 1568 1165 1643 minor,
1185 1570 1262 1629 inter
1284 1570 1464 1646 majoresi,
1491 1575 1540 1631 10

192 1651 281 1729 Qui
267 1672 331 1730 pam
353 1654 418 1715 nult
439 1655 649 1717 mediationem
670 1654 871 1717 harmonicam
893 1658 1008 1717 attinere
1030 1673 1066 1716 ex
1088 1654 1146 1717 hac
1167 1656 1351 1721 arithmetica
1368 1656 1546 1721 mediatione

191 1749 220 1799 et
241 1742 286 1800 63
292 1740 403 1818 aliquid
426 1743 586 1804 admiscere
608 1745 806 1819 geometricae
828 1743 1062 1817 mediationis,
1055 1761 1080 1803 rs
1101 1752 1194 1821 66663
1215 1746 1358 1806 minorem
1378 1749 1547 1828 proportio-

190 1870 256 1912 nom
279 1853 344 1915 loco
366 1857 456 1932 priori
486 1865 515 1915 63
537 1856 678 1933 majorem
707 1856 774 1917 loeo
795 1859 951 1934 posteriori
972 1826 1120 1895 (⁸¹⁰7’¹⁰
1095 1895 1121 1965 4
1139 1898 1165 1958 4,
1200 1865 1230 1919 63
1246 1866 1369 1935 quaerat
1383 1874 1545 1935 nnmerum,

191 1970 239 2044 qul
263 1969 437 2029 eishabent
460 1969 498 2029 ad
526 1971 582 2045 10,
612 1971 688 2029 61663
712 1978 728 2028 4
753 1969 1016 2032 sehabetad7:
1046 1979 1130 2029 erunt
1153 1973 1345 2032 tresnumeri
1369 1974 1469 2048 6363,
1497 1974 1545 2047 10,

194 2059 230 2114 13
239 2051 277 2138 ’6,
300 2058 330 2113 36
352 2058 472 2134 integris
495 2059 571 2117 inter
593 2075 625 2117 se
647 2059 747 2134 primis
773 2057 822 2131 14,
847 2060 898 2131 20,
923 2059 975 2118 35.
1019 2057 1098 2118 Η636
1120 2060 1214 2136 trigae
1237 2067 1283 2119 est
1304 2016 1469 2119 admixtum
1490 2056 1547 2118 631-

191 2142 260 2218 quid
288 2143 325 2204 do
354 2144 538 2205 arithmetica
564 2146 783 2222 progressione,
815 2161 872 2204 non
902 2152 1038 2205 manente
1061 2153 1160 2205 tamen
1191 2146 1255 2222 ejus
1282 2146 1462 2224 aequalitate
1493 2165 1546 2206 er-

190 2248 298 2306 pressa.
344 2231 420 2291 Nam
443 2240 567 2309 utraque
590 2235 738 2311 proportio
761 2233 948 2292 mediationis
972 2234 1174 2297 arithmeticae
1196 2236 1272 2293 inter
1295 2236 1329 2308 4,
1356 2239 1393 2309 3,
1420 2237 1459 2294 10
1483 2235 1547 2294 661-Ι

188 2317 249 2377 1636
271 2317 329 2378 huc
351 2326 412 2392 est,
443 2326 557 2379 tantum
580 2322 639 2380 situ
662 2328 793 2395 mutato,
824 2321 900 2380 63663
923 2323 1000 2380 6616
1029 2322 1069 2380 ibi
1093 2324 1205 2398 priores
1229 2322 1359 2397 termini,
1389 2321 1504 2383 seilicet
1526 2325 1546 2381 4

189 2405 226 2464 sd
251 2409 284 2480 3,
316 2407 359 2465 636
381 2406 429 2466 hio
450 2410 627 2483 posteriores
657 2410 698 2467 30
722 2408 760 2467 66
783 2406 834 2468 35.
881 2408 1080 2469 1136366331ιί
1107 2410 1285 2486 posteriores
1311 2413 1328 2467 3
1354 2408 1473 2482 6610,
1504 2410 1547 2470 616

188 2493 235 2552 636
256 2496 367 2571 priores
394 2496 432 2553 14
456 2494 494 2554 66
518 2498 569 2557 20.
616 2496 668 2555 Est
690 2495 784 2555 eidem
816 2496 946 2555 vicissim
976 2499 1065 2557 etiam
1088 2496 1250 2556 admixtum
1278 2494 1390 2574 aliquid
1415 2495 1450 2556 de
1473 2514 1547 2574 geo-

189 2584 309 2641 metrica
329 2580 518 2642 mediatione.
543 2583 638 2643 ·Nam
660 2587 754 2643 minor
777 2586 985 2660 proportio,
952 2584 969 2641 3
1018 2586 1057 2644 10
1081 2587 1178 2661 666336
1200 2592 1245 2644 663
1267 2583 1305 2644 66
1327 2587 1477 2645 terminos
1489 2587 1547 2642 mi·

78 2720 83 2725 .
187 2686 273 2728 nores
301 2670 337 2726 14
362 2677 392 2729 63
415 2672 471 2746 30,
504 2671 655 2748 majort,
689 2669 768 2729 ind
791 2670 917 2761 maiores
940 2673 983 2730 30
1006 2679 1036 2730 63
1059 2672 1110 2744 35,
1140 2681 1170 2731 63
1193 2671 1320 2750 denique
1342 2672 1392 2749 333,
1416 2679 1449 2732 63
1470 2675 1547 2732 63663

187 2764 232 2815 663
255 2758 392 2817 6363666
416 2760 556 2817 terminus
583 2760 621 2816 14
645 2757 682 2817 66
706 2759 864 2816 maximum
889 2758 940 2832 35,
963 2760 1069 2818 636633
1092 2715 1254 2820 differentia
1277 2760 1371 2819 minor
1389 2762 1407 2818 6
1423 2758 1461 2819 66
1480 2778 1546 2819 ma·

182 2844 279 2920 jorem
306 2844 353 2902 15.
402 2844 484 2904 Η666
507 2847 605 2923 66636
629 2863 698 2906 vero
723 2848 841 2923 6661663
864 2845 1085 2905 similitudinem
1105 2845 1235 2922 aliquam
1257 2834 1452 2924 geometricae
1475 2863 1546 2923 pro-

186 2932 315 3007 portioni
337 2932 519 3008 familiarem,
543 2934 613 3010 quia
635 2935 665 2992 16
689 2950 725 2993 ea
747 2941 780 2993 ut
802 2935 938 2993 minimus
961 2935 1101 2993 terminus
1123 2932 1161 2993 ad
1184 2935 1321 3010 medium,
1348 2935 1392 2994 sic
1414 2939 1459 2993 est
1480 2950 1546 2993 me·

186 3018 253 3078 6366
276 3018 314 3078 66
336 3021 504 3083 maximum.

273 3102 358 3166 Haec
381 3108 507 3169 tenenda
529 3116 598 3168 sunt
619 3125 654 3167 ex
678 3090 895 3182 mathematica,
918 3124 994 3184 qnae
1010 3108 1143 3168 Bodinns
1165 3107 1313 3168 nonsatis
1335 3105 1452 3167 videtur
1475 3126 1544 3185 per·

187 3196 310 3271 cepisse,
336 3194 404 3253 dnm
426 3196 624 3256 harmonicam
646 3196 863 3273 proportionem
885 3198 1024 3274 proponit
1050 3199 1079 3254 in
1103 3197 1233 3273 quinque
1256 3196 1385 3254 numeris
1408 3196 1437 3266 3,
1463 3197 1492 3269 4,
1517 3196 1545 3271 6,

189 3283 218 3352 8,
246 3284 284 3339 12
309 3279 404 3357 deque
428 3284 463 3343 iis
485 3283 619 3357 affirmat,
642 3284 724 3360 quod
746 3283 891 3359 aequalia
914 3290 942 3342 63
962 3285 1075 3344 similia
1098 3287 1200 3361 spatio
1223 3281 1448 3359 quodammodo
1471 3291 1547 3343 366-

185 3377 297 3444 prrata
319 3373 458 3429 66363663.
504 3372 667 3431 Nemeum
692 3369 817 3445 rideret,
842 3388 979 3430 excessus
1002 3388 1066 3431 6666
1093 3376 1123 3445 l,
1150 3368 1244 3445 isi,
1271 3371 1304 3442 4,
1334 3369 1545 3451 aequalitatem

189 3473 357 3531 expressam
381 3461 504 3535 agnovit
526 3461 555 3517 ln
580 3462 613 3533 2,
644 3462 679 3529 2,
708 3456 927 3517 similitudinem
951 3459 981 3516 36
1007 3460 1041 3533 1,
1074 3459 1108 3531 2,
1134 3460 1164 3518 4.
1211 3457 1303 3534 Atqui
1325 3460 1354 3514 in
1378 3455 1547 3519 definitione

190 3550 322 3603 veterum
345 3544 495 3604 6633363663
522 3553 595 3619 tres3
624 3545 705 3605 nulla
734 3546 822 3605 etiarn
854 3546 883 3602 in
907 3563 943 3605 ea
968 3548 1132 3607 continetur
1154 3547 1328 3622 temperatio
1357 3544 1547 3620 aequalitatis

188 3647 344 3707 expressae
367 3649 432 3691 666
455 3630 654 3692 636313366366.
699 3632 775 3729 Ν66
798 3635 828 3691 36
852 3634 888 3706 3,
923 3635 956 3708 4,
992 3633 1116 3693 666116
1146 3632 1546 3711 663666661336666636666

189 3734 372 3780 excessuum.

276 3805 346 3866 Jam
370 3813 545 3883 66366666
568 3808 693 3884 pretium
716 3808 831 3880 ridere,
863 3807 1010 3883 quomodo
1033 3805 1180 3881 Bodinus,
1210 3808 1260 3883 qui
1287 3804 1345 3868 hac
1371 3808 1400 3864 in
1424 3808 1548 3868 materia

190 3894 410 3970 copiosissimus
434 3901 494 3968 est,
527 3896 656 3971 66613663
680 3896 736 3953 1636
765 3893 802 3953 66
825 3895 950 3954 moralia
977 3904 1006 3955 et
1027 3893 1150 3972 politica
1172 3898 1269 3968 varie,
1302 3896 1348 3954 oui
1372 3892 1546 3972 plerumque

188 3981 244 4040 hoc
268 3981 383 4054 accidit,
407 3989 440 4041 nt
461 3999 514 4058 pro
537 3980 713 4042 harmonicis
737 3981 964 4043 mediationibus
987 3990 1047 4041 tarn
1064 3988 1204 4053 veterum,
1229 3999 1317 4058 quam
1343 3983 1428 4057 reris,
1451 4000 1546 4042 meras

190 4070 418 4146 compositiones
441 4070 661 4173 proportionum
684 4069 930 4129 arithmeticarum
954 4076 983 4129 et
1005 4071 1246 4145 geometricarum
1268 4072 1397 4147 arripiat,
1422 4071 1547 4132 vitiosae

190 4173 261 4216 suae
286 4155 479 4215 definitioni
471 4158 603 4233 rnnixns3
635 4155 714 4232 quod
736 4158 812 4217 sicut
833 4158 933 4218 636316
955 4159 1039 4217 361336
1062 4155 1254 4235 6366166666
1281 4157 1350 4232 1633,
1381 4159 1424 4216 336
1444 4158 1473 4253 36
1497 4176 1547 4219 so·

190 4244 347 4318 (ruentibus
369 4246 488 4322 saepius
511 4246 565 4304 erit
587 4242 761 4305 iterandum.
832 4245 836 4251 '

275 4331 299 4390 1.
326 4331 399 4390 Cuin
422 4338 482 4391 tres
495 4334 554 4391 6363
575 4332 743 4409 politiarnm
766 4332 885 4406 formae,
908 4330 1067 4409 popularis,
1092 4333 1265 4408 optimatum
1289 4337 1320 4391 63
1334 4333 1426 4409 regia,
1448 4350 1546 4410 popu·

190 4416 282 4478 larem
304 4417 354 4476 3116
378 4427 529 4493 comparat
555 4420 756 4497 arithmeticae
783 4420 974 4496 proportioni,
1006 4422 1178 4498 optimatum
1201 4421 1411 4495 geometricae,
1433 4422 1548 4497 regiam

189 4504 386 4565 harmonicae.
432 4506 506 4567 Nam
533 4509 610 4566 siout
641 4508 670 4565 in
694 4507 878 4566 arithmetica
901 4508 1038 4584 aequalia
1061 4514 1129 4565 sunt
1158 4510 1338 4566 incrementa
1357 4526 1545 4569 numerorum

190 4597 335 4667 omniurn,
368 4603 428 4653 tam
452 4612 623 4669 magnorum
648 4612 736 4672 quam
759 4612 932 4673 parvorum,
965 4597 1058 4654 63636
1082 4611 1142 4669 rep.
1168 4593 1294 4671 populus
1317 4595 1383 4654 vult
1411 4595 1547 4673 aequalia

191 4697 255 4741 6666
278 4681 408 4741 666366
433 4698 521 4741 onera
545 4691 574 4741 et
596 4682 749 4743 commoda
773 4691 802 4742 et
824 4683 951 4742 honores
975 4690 1004 4742 ct
1026 4683 1228 4758 magistratus,
1257 4698 1312 4742 nec
1334 4683 1399 4743 vult
1420 4682 1546 4743 tolerare

189 4777 353 4847 respectum
376 4767 469 4828 ullum
491 4786 696 4850 personarum,
725 4769 791 4833 nult
813 4769 939 4847 exempli
962 4772 1057 4851 gratia
1087 4768 1223 4828 omnibus
1246 4784 1311 4831 esso
1335 4770 1386 4855 jus
1408 4769 1547 4861 renaudi,
