3882 5862
835 407 978 486 Apologia.
1317 408 1319 421 '
1524 416 1587 503 417

234 592 400 671 congeriem
422 599 511 657 stiam
543 603 638 671 ortpm
660 594 859 668 harmonicen,
887 596 1000 672 inquo
1031 613 1089 673 ego
1111 594 1175 657 solo
1203 592 1245 654 lui
1276 603 1451 675 occupatus,
1481 599 1535 659 ebs
1559 608 1588 662 te

254 701 286 744 ro
308 686 367 743 eni.

233 703 253 762 p
287 701 372 830 pAd
398 770 575 848 Analysin
597 768 650 830 IV.
697 767 853 828 Satisiacie
875 770 930 828 tibi
952 786 1012 829 uno
1028 769 1133 829 verbo:
1161 786 1363 846 comparamus
1386 773 1434 833 vel
1457 774 1495 835 ad
1512 794 1585 835 con·

232 873 351 917 sensum
382 859 430 918 vel
460 857 499 918 ad
529 855 682 917 discrimen
710 851 962 931 iudicandum.⁸²)
1012 855 1103 917 Recte
1131 858 1221 933 igitur
1250 865 1301 918 tua
1331 875 1387 935 ego
1418 878 1483 922 cum
1513 866 1587 939 meis

235 945 356 1018 contuli,
379 954 413 1005 ut
437 944 524 1005 sciret
545 944 637 1004 lector
659 960 751 1016 meus,
774 943 841 1019 plus
864 945 1006 1004 interesse
1028 940 1283 1019 dissimilitudinis,
1308 962 1397 1023 ᾳιιιιιιι
1419 965 1588 1014 consensus.

233 1030 269 1091 In
291 1033 389 1092 rerbis
413 1050 483 1092 vero
506 1032 577 1108 quid
600 1036 705 1091 attinet
727 1028 853 1090 ludere‘l
897 1030 1088 1092 Artidclalem
1112 1039 1191 1091 tuam
1212 1035 1354 1093 musicam
1378 1034 1438 1093 dixi
1461 1055 1497 1097 ex
1511 1038 1586 1099 libro

233 1127 301 1193 tuo,
334 1137 402 1180 nam
424 1128 456 1179 tu
478 1119 643 1179 naturalem
672 1119 711 1177 ab
733 1117 878 1178 artificiali
903 1116 1060 1197 distinguis
1090 1134 1170 1185 more
1199 1128 1261 1178 tuo.
1306 1119 1380 1179 Mihi
1407 1123 1521 1183 nullum
1544 1135 1590 1186 est

233 1205 396 1283 legitimum
419 1223 473 1268 nec
496 1206 611 1266 auditui
634 1215 786 1283 acceptum
809 1204 934 1265 music'es
957 1206 1122 1281 artificium,
1144 1205 1223 1283 quod
1247 1216 1327 1267 caret
1348 1210 1545 1271 fundamentis
1568 1231 1586 1273 e

233 1301 339 1353 natura
361 1296 537 1354 mansuetis.
582 1293 677 1370 Igitur
707 1296 795 1353 etiarn
829 1301 899 1352 tunc
920 1308 1016 1353 rernm
1038 1293 1217 1355 naturalium
1245 1298 1345 1373 aperio
1369 1313 1489 1399 causas,
1519 1316 1584 1359 cum

234 1381 270 1440 de
293 1383 406 1457 origine
428 1385 553 1441 musices
576 1380 735 1441 artificialis
759 1378 885 1457 disputo.

320 1469 364 1527 lin
388 1486 459 1529 vero
482 1468 630 1528 diiilcilem
651 1476 680 1527 te
703 1468 861 1542 hominem,
885 1484 937 1546 per
960 1484 1049 1544 quem
1071 1467 1201 1528 mihine
1224 1468 1358 1529 modesto
1381 1470 1499 1547 quidem
1523 1491 1586 1538 esse

238 1552 380 1643 lieet³⁸);
403 1559 599 1634 suspiciosum
621 1571 708 1630 vero,
733 1557 783 1631 qui
807 1554 898 1614 verbe
920 1555 1037 1630 singula
1059 1557 1221 1631 torqueam
1239 1558 1422 1618 contrarium
1467 1560 1587 1638 Scripsi,

233 1631 282 1701 me
304 1661 402 1721 pauca
429 1643 466 1704 de
488 1646 614 1702 musices
636 1642 839 1703 inventoribus
867 1642 996 1719 tredere3
1024 1641 1145 1703 hoccine
1173 1652 1217 1702 est
1244 1645 1274 1700 in
1297 1652 1326 1703 te
1356 1646 1586 1721 superfluitatem

235 1746 375 1807 arguere,
406 1747 483 1791 anne
505 1734 600 1807 magis
622 1730 778 1803 lectorem,
806 1728 843 1789 de
865 1731 1067 1789 inventoribus
1089 1737 1288 1833 satagentem,
1311 1730 1349 1790 ad
1373 1741 1401 1793 te
1425 1733 1587 1812 ablegare?
1660 1798 1665 1803 ,

323 1817 377 1877 Ad
389 1818 585 1897 Anelysiu
608 1818 646 1877 V.
691 1818 738 1878 De
760 1818 940 1895 temporibus
969 1816 1007 1877 ad
1028 1819 1170 1893 musicam
1203 1817 1384 1878 artificialem
1414 1825 1587 1884 necessariis

232 1904 323 1965 laudo
346 1905 613 1984 philosophantem.
658 1905 758 1982 Digna
779 1912 878 1965 temen
901 1908 1025 1965 occurrit
1048 1907 1191 1982 quaestio,
1215 1907 1246 1965 in
1266 1923 1325 1982 que
1347 1907 1395 1966 bic
1417 1920 1586 1970 exerceatur

234 1991 335 2053 lector.
379 1992 470 2053 Recte
493 1992 580 2067 saue,
604 1991 748 2066 Roberte,
771 2009 876 2053 sonum
899 1991 1001 2052 deilais
1023 2009 1075 2069 per
1097 2000 1222 2066 motum,
1253 2010 1307 2053 nec
1330 2011 1348 2053 a
1369 2003 1451 2054 motu
1474 1999 1583 2075 peteris

232 2080 349 2156 sejungi
371 2090 494 2159 tempus.
539 2079 703 2157 Diligenter
731 2079 788 2139 hoc
810 2088 879 2140 sunt
901 2081 1048 2156 prosecuti
1068 2079 1258 2140 Ptolemaeus
1287 2080 1409 2158 ejusque
1435 2096 1585 2145 commen-

232 2173 310 2226 tator
332 2167 521 2247 Porphyrius.
566 2167 691 2227 Duobus
715 2168 803 2244 igitur
825 2167 992 2234 nominibus
1014 2174 1129 2246 tempus
1153 2166 1237 2228 adest
1259 2170 1529 2248 sonitibus,'primo
1552 2181 1587 2232 et

234 2259 390 2314 essentiam
414 2256 520 2314 iormet
542 2271 691 2329 sonorum,
713 2270 766 2313 seu
789 2254 966 2317 differentias
990 2271 1079 2314 censa
1094 2257 1248 2331 gravitatis
1272 2265 1307 2315 et
1319 2259 1470 2334 acuminis,
1494 2258 1586 2320 altero

232 2350 266 2401 ut
285 2342 348 2419 iam
370 2344 503 2403 lormatis
527 2345 706 2403 exuissecns
729 2341 836 2401 eccidit
858 2349 891 2401 ut
913 2358 1058 2405 mensura.
1105 2340 1219 2403 Graves
1235 2345 1298 2402 soni
1322 2350 1461 2406 tremores
1476 2346 1587 2407 habent

232 2429 384 2505 tardiores,
408 2433 488 2490 acuti
511 2430 675 2489 celeriores.
721 2427 811 2489 Verbi
834 2446 939 2503 cansa,
969 2431 994 2488 si
1017 2431 1055 2489 sit
1076 2433 1259 2507 propositum
1281 2438 1412 2508 tempus,
1444 2444 1587 2510 quantum

234 2523 279 2576 est
301 2520 375 2577 inter
397 2518 528 2596 systolen
551 2527 582 2577 et
605 2515 750 2577 diastolen
772 2517 876 2595 pulsus
899 2517 1033 2589 humaui,
1063 2517 1216 2594 pulsentur
1239 2518 1315 2578 duae
1338 2519 1480 2595 chordae,
1509 2539 1586 2598 quae

234 2602 377 2683 diapason
394 2597 527 2680 iaciunt,
560 2612 724 2681 uenietque
745 2605 823 2664 intra
843 2606 1050 2707 praestitutum
1074 2608 1212 2707 temporis
1235 2608 1363 2682 apetium
1392 2607 1500 2668 cborde
1524 2609 1585 2685 illa,

234 2708 311 2767 quae
333 2706 454 2768 gravem
476 2709 581 2753 sonum
604 2693 725 2763 emittit,
759 2693 893 2752 memet
884 2709 1005 2768 nuquam
1029 2693 1072 2751 od
1094 2679 1336 2767 v'ibratiuncuias,
1365 2701 1470 2754 tremet
1492 2694 1587 2756 altere

235 2780 313 2855 100,
343 2797 419 2856 quae
447 2781 560 2840 scillcet
587 2787 705 2840 acutum
738 2785 888 2857 consonet
940 2778 1029 2838 Hane
1053 2780 1283 2857 speculationem
1312 2782 1397 2859 attigi
1425 2783 1500 2843 libro
1530 2782 1586 2843 111.

231 2864 303 2925 lolio
329 2868 431 2927 13ss
424 2885 454 2925 ru
475 2869 675 2946 experimento
697 2850 833 2928 mirabili.
878 2863 981 2940 Vides,
1004 2865 1141 2940 Reberte‚
1166 2866 1367 2944 deceptionem
1391 2869 1439 2929 bio
1462 2887 1498 2930 ex
1521 2888 1586 2930 am-

233 2946 381 3029 biguitate'
399 2958 481 3015 vocis
506 2957 660 3032 ,tempus“
686 2970 806 3015 causam
828 2953 883 3013 tibi
906 2952 997 3013 inisse
1019 2953 1152 3014 mirandi.
1198 2952 1310 3029 Quodsi
1339 2971 1398 3015 non
1421 2959 1584 3034 attigissem

232 3040 308 3099 banc
331 3043 452 3120 primam
475 3036 737 3103 considerationem
761 3042 909 3120 temporis,
932 3042 1095 3120 potuissem
1114 3040 1257 3119 excipere,
1279 3059 1326 3102 me
1340 3042 1417 3103 hanc
1440 3046 1586 3123 cumipse
1687 3056 1695 3069 “

233 3144 373 3187 ιοιιοιιιιιι
402 3127 566 3190 differentia
594 3133 624 3188 iu
656 3131 791 3190 acumine
822 3137 852 3188 et
881 3131 1028 3205 gravitm
1058 3130 1258 3207 supposuisse.
1303 3129 1350 3190 De
1373 3129 1467 3191 altero
1496 3134 1587 3209 igitur

233 3223 384 3292 respectu,
410 3233 469 3292 que
492 3230 606 3294 tempus
630 3224 675 3277 est
697 3221 860 3277 extrinseca
882 3232 1019 3276 mensure
1040 3233 1194 3291 senorum,
1218 3216 1350 3292 loquitur
1373 3226 1471 3278 textus
1492 3236 1585 3296 meus,

231 3301 363 3379 loquitur
385 3305 473 3364 etiam
496 3312 574 3379 tuus,
597 3322 686 3381 quem
709 3321 858 3383 comparo.
903 3303 959 3362 llio
983 3308 1060 3363 enim
1082 3311 1218 3382 respectu
1244 3314 1371 3365 nonest
1400 3305 1585 3366 arbitrarium

233 3397 357 3468 tempus,
380 3389 432 3450 sed
453 3390 595 3452 adhaeret
617 3393 756 3468 gremtati
779 3391 826 3451 rel
851 3392 977 3450 acumini
999 3394 1172 3465 necessario,
1197 3390 1299 3451 etboc
1315 3400 1448 3471 respectu
1464 3397 1584 3454 omnino

149 3462 153 3485 ¹
232 3484 278 3536 est
310 3479 515 3555 arbitrarium,
546 3496 606 3556 quo
639 3481 756 3539 uomina
786 3481 861 3537 inter
884 3484 995 3538 celeras
1018 3496 1123 3538 causas
1151 3481 1263 3538 musica
1285 3479 1446 3539 artificialia
1471 3480 1584 3541 dicitur.

234 3563 383 3639 Quantum
407 3568 537 3626 enimin
559 3584 591 3627 re
614 3565 747 3643 qualibet
769 3567 846 3627 inest
868 3583 903 3625 ex
926 3566 1045 3626 arbitrio
1062 3565 1189 3640 artificis,
1213 3571 1306 3625 totum
1324 3566 1397 3626 illud
1419 3570 1475 3627 arti
1489 3577 1586 3629 treus·

231 3652 376 3726 scribitur,
400 3662 542 3729 quantum
565 3670 637 3713 vero
660 3671 709 3713 ars
729 3661 864 3712 naturam
886 3653 1017 3711 imitatur
1039 3654 1218 3730 arbitrioque
1241 3670 1295 3713 suo
1328 3653 1410 3730 leges
1432 3655 1499 3730 ipsa
1521 3657 1585 3732 lert,

232 3746 346 3799 tentem
369 3749 502 3801 censetur
530 3743 559 3799 in
584 3740 706 3800 artiilcio
734 3741 875 3800 bonitatis
903 3742 1008 3800 inesse.
1053 3741 1144 3800 Verbi
1167 3756 1272 3816 cause,
1303 3741 1407 3801 breves
1439 3758 1527 3803 sonos
1541 3744 1586 3801 in

235 3827 372 3887 erunibus
396 3836 500 3888 cautus
522 3829 638 3905 ilgurati
661 3829 785 3887 vocibus
808 3834 936 3887 statuere
958 3834 1055 3905 potest
1078 3827 1198 3903 ertiiex3
1228 3829 1253 3887 si
1280 3835 1377 3888 tamen
1406 3828 1493 3889 besso
1515 3829 1583 3888 lon·

233 3931 287 3989 ges
310 3916 513 3975 accommodat
534 3931 694 3989 mensures,
718 3913 852 3976 discente
876 3915 997 3990 breves,
1021 3904 1069 3975 dic
1091 3923 1226 3992 naturam
1249 3915 1299 3975 ille
1321 3922 1453 3993 spectat,
1477 3934 1583 3994 graves

234 4004 311 4061 enim
334 4018 422 4062 sonos
446 4001 571 4062 diximus
595 4005 682 4063 etiam
705 4004 735 4060 in
759 4004 903 4062 essentiae
918 4018 990 4061 suae
1011 4003 1185 4069 sonnatioue
1202 3999 1299 4079 leugis
1315 4004 1495 4081 temporibus
1519 4022 1585 4067 essa

234 4095 383 4165 cognatos,
408 4098 513 4150 acutos
532 4090 688 4166 brevibus3
718 4092 836 4150 etsie
859 4091 1003 4149 condedo
1018 4090 1147 4149 bessum
1172 4090 1348 4168 quandoque
1375 4091 1461 4166 jubet
1483 4091 1585 4151 brevi·

233 4176 289 4235 bus
312 4179 454 4236 mensuris
477 4177 728 4251 circumvolitare,
758 4176 975 4236 condimentum
996 4177 1179 4237 machinatur
1200 4177 1477 4254 exbaordiuarium,
1511 4194 1584 4239 con·

235 4263 302 4322 silio
326 4280 397 4323 uses
420 4282 456 4324 ex
478 4268 549 4325 artis
572 4281 643 4325 suae
665 4263 795 4324 flosculis
825 4264 1035 4339 arbitrarieque
1062 4262 1182 4325 licentia
1213 4264 1355 4325 desumto.
1399 4264 1498 4344 Tetigi
1528 4265 1585 4327 bec

235 4368 298 4428 cap.
327 4353 374 4410 16.
398 4351 447 4411 iol.
475 4353 535 4414 193
559 4354 588 4410 in
612 4350 804 4411 alternatione
827 4353 1091 4411 consonantiarum.

321 4436 405 4513 Quae
428 4439 478 4498 ubi
501 4447 532 4498 tu
554 4437 767 4519 perpenderis,
772 4438 900 4498 mirabor
922 4437 1072 4515 equidem,
1104 4440 1128 4497 si
1152 4437 1223 4515 quid
1247 4440 1444 4499 excusationis
1466 4441 1585 4519 insuper

235 4524 335 4584 afferre
357 4527 463 4602 possis,
487 4527 617 4586 curiles
639 4526 727 4601 hujus
750 4524 906 4603 analyseos
929 4529 1092 4602 negaveris,
1115 4532 1287 4601 temporum
1311 4525 1509 4587 dimcmierrea
1530 4545 1584 4587 ve-

233 4614 331 4671 riae
318 4631 353 4671 m
375 4608 564 4688 longitudine
583 4621 611 4673 et
632 4613 776 4673 breuitate
797 4630 856 4671 esee
877 4613 1068 4674 arbitrariae
1113 4612 1189 4672 Nem
1219 4611 1256 4673 de
1277 4612 1365 4673 hoc
1356 4629 1421 4692 rpse
1447 4621 1581 4692 respectu
1660 4626 1670 4639 ·

234 4701 390 4776 temporis,
414 4707 446 4758 ut
467 4716 620 4775 mensura,
642 4699 781 4777 loqueris.

322 4784 471 4861 Quantum
499 4787 589 4864 igitur
617 4789 722 4847 attinet
750 4787 828 4861 bene
857 4794 1020 4867 respectum
1045 4788 1205 4864 temporis,
1240 4804 1300 4864 qno
1327 4794 1460 4866 tempore
1486 4794 1584 4867 potius

289 4892 384 4946 xsptsri
398 4892 475 4947 opere
486 4893 516 4937 V.
1385 4893 1425 4954 27
