3792 5860
481 542 486 551 .
563 457 743 514 Harmonicis.
778 456 860 514 Liber
877 457 926 512 ΠΙ.
946 457 1036 526 caput
1051 457 1096 512 lx.
1447 462 1508 523 tce

151 656 214 700 nou
238 638 407 699 discernunt
429 656 493 700 cam
516 653 603 698 aures
625 637 776 706 366661,
801 637 883 712 justa
904 636 1088 715 longitudine
1109 637 1201 714 partis
1224 654 1292 697 vere
1315 641 1510 715 consonantis,

150 736 183 788 at
204 727 352 787 residuum
375 727 454 787 illius
478 723 910 786 3191333333313131311
939 726 1173 803 13313361035.
1220 725 1313 786 Aliter
1336 743 1405 802 ergo
1436 744 1508 786 con-

149 815 269 876 sonabit
290 813 411 892 duplum
437 813 518 873 illius
544 812 667 882 63930,
703 811 1020 889 311131133361035,
1054 829 1119 872 enm
1142 814 1271 872 1313133
1303 814 1428 875 collatae
1451 814 1508 875 hae
1568 860 1573 884 .
1623 872 1626 881 ,

151 901 278 964 3113111311
308 902 456 963 diuersum
486 917 591 961 sonum
619 900 737 960 iaciant.
782 897 869 973 Quod
901 901 989 976 igitur
1019 902 1049 958 in
1071 900 1224 960 harmonia
1254 918 1312 959 non
1341 901 1508 962 discernunt

152 992 220 1049 illos
242 1006 337 1063 aures,
361 989 394 1049 iit
415 990 500 1064 ideo,
523 989 595 1064 quia
616 985 744 1045 medium
766 1003 919 1047 numerum
941 988 1080 1065 probant,
1106 989 1257 1047 31333333
1281 990 1394 1048 ratione
1416 1006 1508 1049 acua-

151 1086 208 1152 tur,
235 1075 349 1138 scilicet
372 1079 495 1151 66661,
527 1082 560 1134 31
589 1074 652 1150 ejus
682 1074 928 1151 complementum
957 1076 1142 1148 31133333,
1178 1074 1328 1133 3131111331
1358 1092 1399 1135 33
1428 1076 1507 1136 111133

151 1172 264 1226 exacte.

239 1249 377 1312 stabilito
395 1249 459 1325 jam
480 1266 584 1309 sensus
607 1251 741 1309 acumine
763 1251 792 1306 in
815 1245 1026 1323 dijudicatione
1048 1247 1218 1308 harmoniae
1239 1251 1257 1307 3
1282 1248 1354 1309 3113
1378 1251 1507 1327 11313333
1623 1251 1627 1269 ¹

154 1343 168 1398 1
195 1335 763 1413 3113,33331131.313131111131311331
787 1334 823 1395 dc
847 1340 865 1394 3
890 1338 961 1395 313
986 1353 1052 1396 3331
1076 1336 1094 1393 b
1115 1335 1289 1411 Judicemus,
1315 1335 1410 1415 deque
1437 1342 1451 1396 1
1478 1348 1508 1399 31

152 1429 171 1485 3
196 1443 264 1485 cum
286 1427 316 1484 4.
359 1424 483 1491 1133131
509 1424 615 1484 39135
640 1433 814 1484 consonaret
836 1439 902 1483 3331
927 1423 1063 1497 100000,
1087 1430 1177 1499 31333
1199 1426 1242 1483 313
1256 1426 1343 1483 311331
1358 1424 1507 1485 residuum

152 1514 269 1586 40215,
293 1517 369 1572 certe
393 1510 449 1571 hoc
470 1528 530 1572 non
552 1519 597 1573 est
619 1512 672 1571 bos
695 1510 731 1570 de
754 1510 814 1583 illo,
838 1527 904 1570 curn
927 1519 1024 1571 tamen
1048 1510 1143 1570 bessis
1166 1516 1357 1572 consonantia
1379 1514 1507 1590 perlecta

147 1600 311 1676 justificata
329 1597 393 1674 jam
414 1602 461 1670 sit,
484 1617 525 1660 sc.
552 1600 658 1659 60000
681 1616 747 1658 3331
772 1598 888 1658 40000.
932 1597 1000 1659 Η33
1023 1608 1109 1674 33313
1132 1600 1304 1659 transfertur
1326 1600 1456 1674 auditus,
1480 1602 1506 1659 sl

151 1691 265 1749 ratione
288 1694 418 1759 acuatur,
441 1688 479 1746 ab
503 1705 562 1746 una
584 1688 713 1746 sectione
737 1684 776 1745 sd
798 1685 903 1761 aliam,
926 1687 1069 1763 incipiens
1091 1686 1129 1745 ab
1152 1689 1287 1760 unisono,
1312 1689 1395 1762 cujus
1419 1690 1505 1765 agni-
1543 1748 1545 1755 ,

151 1778 193 1834 113
215 1784 247 1836 31
268 1774 440 1851 dijudicatio
463 1782 508 1834 est
529 1768 697 1846 facillima,
716 1790 809 1850 33333
838 1771 907 1833 dum
930 1791 1031 1833 omnes
1060 1774 1220 1848 pervadat,
1249 1777 1374 1854 probans
1398 1783 1504 1853 331133,

152 1881 227 1939 quas
250 1865 308 1921 mei
329 1862 441 1921 numeri
463 1863 598 1938 signant,
622 1860 779 1941 repudians
801 1860 987 1921 mechanicas
1009 1862 1094 1938 primi
1118 1861 1235 1921 ordinis.

240 1949 315 2009 Vide
338 1951 554 2023 argutissimum
581 1948 671 2013 aliam
699 1948 786 2026 hujus
809 1951 924 2024 generis
947 1950 1241 2025 contemperationem
1270 1949 1349 2028 apud
1371 1949 1504 2009 Vincen-

151 2040 222 2097 tium
247 2036 423 2109 Galilaeum,
445 2054 506 2097 333
527 2038 692 2113 ignorantia
714 2035 961 2097 demonstrativae
984 2053 1121 2096 sonorum
1137 2038 1318 2112 quantitatis,
1342 2036 1505 2097 3311313313

150 2125 291 2201 singulari
313 2124 438 2198 lactam;
467 2131 556 2200 31333
579 2141 634 2200 ego
658 2124 776 2201 quidem
798 2140 883 2183 usum
912 2124 976 2199 ejus
1000 2122 1200 2183 mechanicum
1227 2140 1370 2200 agnosco,
1400 2132 1432 2183 31
1454 2142 1503 2185 31-

151 2214 236 2287 genis
259 2209 362 2272 eadem
384 2229 459 2289 pene
481 2212 617 2271 libertate
640 2212 829 2283 intensionis,
861 2227 937 2285 quac
960 2219 1005 2272 331
1032 2211 1214 2271 1311333333
1237 2227 1326 2285 3333,
1358 2213 1504 2287 possimus

151 2302 206 2372 nti,
230 2297 269 2358 ad
291 2299 522 2375 speculationem
545 2316 632 2373 vero,
661 2301 720 2358 imo
751 2299 789 2359 ad
811 2307 945 2357 naturam
973 2306 1077 2358 cantus
1099 2298 1327 2374 dignoscendam
1359 2301 1505 2375 pernicio·

153 2404 216 2445 sam
240 2388 375 2446 1311311313
407 2402 542 2462 quaeque
565 2386 621 2446 1133
650 2388 772 2460 eliciat,
805 2395 838 2445 31
865 2400 1006 2462 organum
1029 2388 1238 2462 ingenuitatem
1261 2387 1380 2446 humani
1404 2395 1506 2447 cantus

153 2491 219 2535 1313
242 2491 395 2551 uunquam
416 2480 599 2551 musquetum

723 2722 864 2796 CAPUT
890 2724 943 2796 tx.

150 2886 196 2942 De
224 2887 480 2955 diagrammate,
505 2885 639 2940 1333331
659 2888 866 2945 3131331313
892 2906 949 2945 333
967 2903 1085 2943 333331
1103 2885 1328 2941 denotatione
1345 2887 1505 2943 moderna

263 2991 323 3043 331
345 2973 455 3027 113333
477 2979 511 3026 31
534 2971 658 3027 1113133
677 2974 854 3045 alphabeti
878 2982 911 3029 et
929 2982 1044 3046 notas,
1071 2974 1180 3045 (13333
1206 2981 1400 3045 systemate.

236 3150 304 3211 Nou
327 3152 390 3213 sins
411 3150 463 3211 lite
486 3168 531 3212 133
554 3158 614 3227 331,
644 3150 826 3230 3311333331
848 3136 903 3231 333
926 3156 1054 3215 13113333
1077 3155 1267 3214 necessarias.
1313 3153 1419 3215 Musici
1432 3171 1505 3215 1133-

150 3249 212 3299 1133
245 3242 351 3299 3313113
380 3241 504 3316 pingunt
534 3238 658 3299 chordas
680 3240 765 3301 aliter
786 3242 817 3299 in
840 3241 1100 3320 diagrammatibus
1123 3240 1337 3315 testudinariis,
1367 3243 1453 3303 aliter
1474 3245 1504 3301 in

150 3328 299 3387 canteriis.
342 3324 408 3386 11113
439 3329 516 3386 33131
545 3326 678 3404 singulae
709 3327 804 3389 lineae
836 3328 1054 3406 diagrammatis
1081 3327 1213 3405 singulas
1242 3328 1365 3390 chordas
1391 3337 1504 3404 notant,

150 3431 276 3492 33313111
299 3412 448 3489 quaelibet
469 3431 521 3490 pro
545 3413 668 3475 diversis
692 3417 820 3476 tactibus
837 3416 1134 3495 diversoapracstant
1147 3418 1271 3492 sonitus,
1293 3420 1320 3476 si
1337 3418 1503 3495 3313331313

149 3506 178 3560 13
201 3503 341 3562 canteriis
364 3502 442 3579 typis
464 3518 523 3563 non
546 3501 642 3562 lineae
665 3510 778 3563 tantum
800 3506 933 3583 singulae
955 3504 1087 3583 singulas
1109 3521 1199 3564 voces
1221 3522 1275 3565 seu
1296 3504 1429 3579 chordas,
1452 3504 1504 3566 scd

146 3593 213 3667 ipsa
237 3591 327 3649 ctiam
350 3589 505 3649 intervalla
528 3588 652 3650 duarum
666 3590 808 3651 linearum
830 3594 996 3669 significant
1018 3611 1106 3653 unam
1129 3591 1268 3652 chordam
1289 3592 1503 3653 intermediam

238 3676 305 3736 Η33
326 3678 457 3752 333134
488 3676 583 3739 113333
606 3687 788 3740 transversae
817 3698 883 3740 cum
913 3683 1006 3741 tribus
1029 3679 1189 3740 intervallis
1211 3679 1352 3740 (13331331
1377 3685 1393 3738 1
1418 3679 1504 3741 chor·
1545 3718 1551 3735 .

148 3764 202 3823 1133
225 3774 256 3823 31
280 3764 298 3822 5
321 3763 416 3823 lineae
444 3765 738 3826 3313413131331113
767 3767 890 3828 chordas
919 3786 1035 3828 331331.
1081 3766 1194 3827 Deinde
1224 3769 1389 3844 exprimunt
1414 3784 1504 3827 33333

148 3855 249 3912 cancri
272 3852 440 3928 systematis
465 3850 512 3912 vel
527 3854 604 3912 33113
619 3853 825 3930 peculiaribus,
849 3873 903 3916 suo
920 3855 1084 3932 quamlibet
1098 3856 1163 3914 loco
1181 3854 1401 3931 diagrammatis
1415 3854 1504 3935 (quae

146 3946 239 3998 33133
260 3937 348 3997 simul
372 3941 510 4014 temporis
534 3957 698 4000 mensuram
720 3940 872 4024 innuunt),
896 3943 1059 4003 1311113113
1082 3941 1231 4018 alphabeti
1254 3945 1355 4019 primis
1380 3949 1502 4019 septam,

149 4026 198 4086 331
225 4025 353 4103 denique
369 4043 420 4085 sex
435 4025 570 4105 syllabis,
594 4036 637 4105 31,
660 4047 702 4104 re,
726 4031 778 4104 mi,
801 4031 847 4110 fa,
871 4031 923 4105 131,
946 4032 988 4106 13,
1013 4030 1071 4106 331,
1097 4038 1128 4089 31
1142 4029 1231 4090 hodie
1246 4030 1367 4106 Belgae,
1391 4036 1503 4108 septem

147 4115 233 4185 istis,
257 4112 322 4186 Bo,
346 4130 392 4187 cc,
415 4113 463 4188 di,
485 4133 542 4190 pu,
566 4114 613 4187 13,
636 4135 703 4191 ma,
726 4119 769 4176 ni.

236 4200 312 4260 Nam
335 4202 406 4276 qnia
428 4209 530 4261 333133
553 4219 661 4277 genera
683 4202 742 4262 1133
765 4212 842 4278 3331,
867 4203 971 4263 1131331
986 4212 1015 4264 31
1030 4201 1126 4276 133113,
1150 4219 1273 4280 3331313
1293 4204 1331 4264 ab
1348 4220 1406 4263 nna
1422 4216 1505 4264 com-

146 4289 228 4348 muni
251 4304 325 4363 voce
349 4289 408 4346 ima
429 4290 610 4371 inceptorum
633 4290 707 4350 baec
729 4300 773 4351 est
795 4290 975 4367 differentia,
1007 4290 1086 4369 33311
1109 4292 1195 4350 131113
1222 4298 1356 4352 etsexta
1378 4294 1408 4351 in
1431 4293 1504 4352 duro

147 4382 236 4435 cantu
259 4381 329 4435 3331
350 4393 409 4434 nna
432 4372 506 4437 diesi
529 4377 647 4437 altiores
670 4395 758 4454 quam
782 4381 810 4437 in
835 4380 935 4453 molli,
960 4378 1085 4439 chordae
1108 4379 1224 4455 itaque,
1251 4382 1388 4452 tertiam
1411 4388 1504 4453 sexta,

147 4480 206 4523 non
230 4470 355 4539 3333331
377 4481 494 4523 1333313
517 4463 639 4525 stabiles
661 4467 691 4523 in
715 4478 839 4543 utroque
862 4476 966 4541 cantu,
996 4466 1048 4526 sed
1071 4472 1187 4543 3331131
1209 4465 1274 4526 illas
1302 4468 1350 4529 331
1374 4471 1504 4543 geminas

146 4551 243 4610 lacere
267 4552 296 4608 in
319 4551 517 4611 instrumentis
540 4558 569 4611 et
593 4553 720 4630 organis,
743 4565 776 4613 ut
798 4555 909 4615 1331331
930 4557 960 4611 13
982 4556 1110 4613 33133113
1133 4570 1196 4631 333.
1222 4557 1249 4627 i,
1276 4553 1425 4615 13113313
1449 4572 1504 4614 33-

146 4640 238 4711 riare,
269 4645 302 4696 ut
325 4636 410 4696 credo
441 4639 550 4698 lactum
580 4639 649 4698 olim
679 4642 707 4698 in
729 4640 794 4720 lyra
827 4655 856 4703 et
878 4643 1055 4720 syringibus.
1099 4640 1210 4700 Eadem
1236 4640 1272 4700 de
1294 4641 1503 4718 diagrammate

147 4733 177 4783 et
206 4742 282 4785 1333
305 4724 433 4785 11313333
455 4733 523 4785 3331
547 4725 679 4789 dicenda.
726 4728 799 4788 Cum
822 4731 899 4790 enim
922 4745 973 4808 pro
1005 4730 1156 4803 utriusque
1177 4731 1292 4803 generis
1315 4733 1437 4803 3313313,
1461 4732 1499 4793 ab

147 4812 248 4873 cadem
272 4810 371 4871 radice
394 4815 590 4890 surgentibus,
613 4834 704 4875 unum
727 4816 822 4876 solnm
835 4817 1016 4893 diagramma
1037 4816 1088 4875 fiat
1115 4818 1203 4892 inque
1227 4833 1261 4877 eo
1292 4824 1405 4879 tantum
1436 4826 1503 4878 3313

148 4899 227 4976 loca,
260 4906 328 4961 octo
352 4916 489 4963 sonorum
512 4902 641 4976 indices,
671 4904 710 4967 ab
739 4913 863 4989 utroque
894 4921 963 4967 vero
992 4919 1099 4987 genere
1122 4913 1225 4973 cautus
1256 4907 1286 4964 in
1309 4922 1397 4971 unam
1420 4914 1504 4971 ceta-
