3840 5854
373 448 412 508 lc
956 443 1126 502 Prooemium

376 640 487 702 vapore
513 625 582 687 ierit
611 643 697 686 nares
724 624 905 702 odoratuque
937 627 1108 704 percipitur,
1127 641 1129 645 ’
1145 642 1209 687 cum
1237 627 1375 703 strepitus
1405 625 1477 703 ejus
1495 623 1624 700 auditur,
1655 632 1720 684 cnm

282 732 284 741 ¹
374 712 497 772 ridetur.
553 713 620 774 Hae
652 715 764 790 specics
793 711 946 773 sensibiles
976 732 995 773 a
1022 714 1157 774 sensibus
1188 715 1365 791 recipiuntur
1393 715 1547 773 introrsum
1576 729 1629 790 per
1658 715 1719 771 vim

372 804 651 877 repraesentativum
683 818 734 861 scu
765 800 994 878 phantasticam,
1034 809 1248 880 cognoscuntur
1286 819 1338 879 per
1377 818 1495 862 sensnm
1527 815 1717 875 communem,

371 888 497 964 denique
526 906 578 967 per
604 904 769 965 supremam
792 890 907 948 animae
929 889 1097 950 facultatem
1119 891 1193 949 inter
1215 906 1247 949 se
1270 897 1487 966 comparantur,
1519 887 1599 964 qnod
1617 886 1717 948 itidem

372 982 417 1036 est
443 978 521 1051 poti.
576 974 632 1034 His
662 973 701 1035 ad
727 976 894 1036 harmonias
922 977 1070 1036 translatis
1100 976 1294 1051 concluditur,
1326 994 1390 1038 esse
1420 993 1471 1036 eas
1500 993 1546 1036 res
1576 976 1614 1035 ab
1647 976 1719 1052 ipsis

373 1061 589 1138 quodammodo
612 1063 698 1124 rebus
721 1063 897 1133 abstractas,
929 1071 1073 1140 quatenus
1095 1067 1208 1142 species
1230 1081 1326 1125 rerum
1357 1080 1540 1141 persensus
1571 1064 1719 1139 ingressae

370 1148 467 1225 adque
488 1150 615 1211 tribunal
638 1151 753 1212 animae
775 1150 932 1228 perductae
954 1151 1025 1212 fiant
1047 1155 1160 1212 termini
1183 1153 1378 1229 proportionis
1394 1151 1579 1212 harmonicae
1592 1149 1718 1210 sensilis.

371 1236 446 1297 Sunt
475 1254 545 1297 vero
573 1237 708 1312 eaedem,
743 1240 851 1314 iuquit,
882 1246 1048 1315 concretae,
1081 1247 1110 1301 et
1138 1243 1207 1316 quia
1232 1241 1289 1299 hae
1317 1241 1430 1317 species
1451 1256 1545 1299 rerum
1568 1236 1719 1298 sensilium

371 1331 439 1383 snut
461 1325 611 1400 qualitatis
633 1325 749 1386 sensilis
779 1322 825 1408 (in
847 1342 936 1401 sono,
967 1326 1077 1387 lumine
1099 1323 1171 1409 etc.)
1205 1334 1234 1386 et
1256 1334 1324 1405 quia
1346 1334 1408 1386 tum
1429 1325 1545 1385 demum
1568 1328 1596 1383 in
1620 1326 1719 1386 animo

371 1408 540 1487 clarescunt,
564 1430 654 1489 quum
676 1430 722 1473 ras
745 1415 827 1490 ipsae
851 1419 967 1473 emant
987 1422 1017 1474 ct
1038 1422 1165 1476 manent.
1196 1415 1356 1475 Discrimen
1380 1416 1456 1474 inter
1476 1414 1531 1473 has
1551 1406 1737 1472 harmonias'

371 1505 401 1559 et
422 1517 507 1559 veras
532 1501 772 1578 „archetypicas“
803 1503 832 1559 in
856 1518 891 1560 co
920 1508 973 1574 cst,
997 1501 1076 1578 qnod
1099 1504 1129 1560 in
1151 1503 1197 1563 his
1220 1505 1334 1564 termini
1356 1509 1483 1561 suntor
1505 1500 1719 1576 mathematicis

370 1589 533 1664 generibus,
557 1587 664 1649 circulo
679 1596 710 1648 et
723 1604 801 1663 arcu,
825 1595 905 1648 certo
928 1587 1015 1648 modo
1037 1589 1177 1664 formatis,
1202 1589 1260 1649 illis
1283 1597 1383 1650 contra
1403 1590 1461 1648 hoo
1483 1588 1622 1664 singulari
1645 1588 1718 1647 sub-

367 1675 447 1750 jecto
469 1691 527 1737 non
550 1693 624 1752 opus
647 1682 705 1751 ert,
738 1676 790 1736 sed
819 1678 933 1735 nonnisi
960 1694 991 1736 re
1022 1676 1123 1754 aliqua
1149 1678 1257 1737 sensili.
1310 1675 1357 1736 Ad
1387 1676 1443 1737 hoc
1474 1681 1572 1736 autem
1598 1677 1627 1733 in
1658 1674 1718 1734 illis

370 1763 526 1838 requiritur
539 1781 585 1823 res
599 1779 699 1840 agens,
722 1762 834 1824 scilicet
855 1780 945 1836 mens,
968 1764 1102 1840 subjecta
1119 1764 1293 1841 dijudicans.
1322 1765 1427 1841 ltaque
1449 1763 1574 1824 circulus
1596 1763 1718 1839 ejusque

371 1867 468 1924 arcus,
502 1849 628 1928 regulari
657 1849 800 1911 divisione
828 1850 910 1924 lacti,
941 1860 1009 1911 sunt
1037 1852 1202 1928 subjectum
1224 1852 1398 1912 harmoniae
1427 1850 1633 1928 inquirendac3
1664 1849 1719 1909 bas

372 1939 551 2014 quantitates
583 1944 680 1998 mente
712 1946 763 1998 ant
794 1941 972 1999 euuinsecns
1000 1947 1133 2016 receptas
1164 1946 1215 1998 ant
1240 1941 1278 1999 ab
1307 1940 1390 1999 initio
1420 1940 1449 1997 in
1480 1955 1516 1998 ea
1543 1944 1660 1998 etcum
1682 1954 1719 1996 es

371 2032 482 2085 creatas
506 2042 569 2085 csse
591 2042 710 2086 necessa
734 2033 778 2085 cst
800 2028 892 2085 etita
915 2025 1040 2103 quidem,
1072 2035 1104 2087 ut
1133 2026 1257 2088 circulus
1288 2027 1411 2103 ejusque
1433 2042 1518 2086 arcus
1540 2026 1718 2086 extrinsecus

371 2115 400 2170 in
423 2119 548 2174 mentem
571 2115 684 2191 possint
706 2131 770 2174 csse
792 2112 876 2188 illati,
899 2112 951 2173 sed
964 2116 1039 2174 ratio
1052 2117 1129 2175 inter
1143 2114 1282 2175 circulum
1300 2115 1423 2191 ejusque
1445 2129 1529 2173 mens
1551 2113 1721 2172 harmonica

372 2217 390 2259 a
410 2201 504 2276 primo
526 2201 610 2260 initio
632 2204 723 2261 menti
745 2203 783 2260 sit
804 2203 900 2276 insita,
924 2218 979 2262 nec
992 2204 1089 2280 imago
1112 2204 1152 2262 sit
1173 2205 1234 2262 reri
1256 2203 1302 2261 sui
1316 2201 1534 2279 paradigmatis,
1556 2198 1609 2261 sed
1622 2202 1719 2276 ipsum

372 2287 463 2347 relati
492 2287 672 2365 paradigma
718 2287 773 2347 His
803 2288 888 2349 dictis
920 2288 1065 2366 Keplerus
1098 2293 1246 2350 examinat
1267 2296 1398 2353 veterum
1419 2287 1660 2365 philosophorum
1682 2286 1719 2346 de

371 2375 523 2435 harmonia
538 2378 705 2450 sententias,
728 2379 818 2436 citato
831 2377 958 2436 maxime
972 2376 1069 2437 Procli
1084 2377 1149 2437 loco
1172 2376 1348 2452 (comment.
1365 2379 1395 2435 in
1409 2376 1493 2436 lib.l.
1511 2375 1601 2436 Elem.
1618 2370 1717 2455 Eucl.)

372 2461 408 2521 dc
431 2465 558 2522 essentia
579 2480 674 2523 rernm
696 2463 976 2540 mathematicamm,
1002 2466 1092 2542 „qnia
1113 2481 1173 2525 uon
1194 2471 1308 2524 tantum
1329 2466 1472 2540 genuinos
1487 2462 1718 2522 harmonicorum

372 2551 525 2624 terminos,
549 2550 674 2611 circulos
697 2558 727 2612 et
748 2567 833 2612 arcun
855 2552 993 2637 eligaris
1015 2553 1169 2626 rescissos,
1198 2555 1227 2611 in
1256 2555 1354 2611 anima
1380 2553 1469 2628 inque
1497 2557 1593 2610 mente
1615 2551 1719 2621 statuit

372 2637 573 2713 essentialiter,
596 2638 648 2699 sed
664 2642 753 2700 etiarn
775 2641 845 2716 qnia
865 2641 924 2700 sibi
945 2640 1052 2700 similia
1073 2640 1230 2717 proterenti
1253 2638 1343 2700 demit
1365 2639 1506 2699 invidiam
1528 2638 1628 2715 rejecti
1649 2636 1719 2696 hinc

371 2724 438 2786 inde
460 2724 657 2786 Aristotelist‘.

474 2812 542 2875 Hae
562 2815 689 2874 rationes
711 2813 898 2875 harmonicae
921 2815 958 2875 ab
982 2815 1085 2875 altiore
1108 2815 1223 2875 animae
1251 2815 1296 2889 vi,
1330 2831 1406 2891 qnae
1430 2811 1534 2874 cadem
1555 2813 1585 2871 in
1608 2812 1720 2872 artibus

372 2907 403 2961 et
422 2899 515 2961 literis
536 2900 629 2976 valet,
662 2899 871 2978 dijudicantnr3
902 2909 1117 2980 cognoscuntur
1146 2910 1244 2963 autem
1272 2904 1302 2961 in
1331 2903 1437 2962 exteris
1468 2901 1555 2960 rebus
1585 2900 1719 2959 interiore

370 2989 459 3048 animi
481 2990 527 3064 ri,
557 3006 616 3048 non
639 2989 726 3049 modo
756 2989 882 3064 homini,
916 2989 967 3049 sed
1000 2992 1089 3051 ctiam
1110 2991 1255 3067 pecudum
1277 2991 1391 3068 generi,
1423 3005 1516 3064 aeque
1539 3005 1574 3047 aa
1599 2985 1719 3062 „mnndi

371 3077 506 3135 animae“
531 3076 632 3150 indita,
655 3078 719 3136 sive
741 3078 888 3137 instinctu.
925 3077 984 3136 Hic
1005 3079 1160 3137 instinctus
1181 3081 1206 3137 is
1230 3085 1285 3152 cst,
1307 3079 1357 3153 qni
1380 3076 1517 3137 discernit
1539 3091 1628 3135 sonos
1649 3073 1720 3134 hur·

370 3163 502 3223 morficos
532 3171 562 3223 ct
591 3162 825 3224 harmonicorum
858 3163 985 3225 sidemm
1014 3164 1161 3225 radiorum
1194 3167 1255 3224 vim
1287 3165 1385 3225 sentit.
1429 3161 1471 3225 Ut
1502 3162 1611 3240 plantis
1639 3163 1720 3221 notio

370 3252 484 3310 numeri
505 3250 544 3311 ab
566 3251 648 3311 initio
671 3254 748 3310 inest
779 3248 931 3333 (numerus
959 3251 1095 3312 ioliorum
1123 3254 1154 3312 in
1183 3253 1317 3325 floribus,
1347 3269 1485 3312 numerus
1512 3267 1668 3327 granorum
1690 3252 1720 3308 iu

370 3333 491 3420 pomis),
523 3340 566 3398 ita
593 3340 790 3399 animantibus
817 3346 846 3400 et
874 3340 984 3399 bomini
1012 3342 1103 3400 insita
1129 3348 1174 3401 est
1195 3340 1294 3400 circuli
1320 3342 1418 3415 notio;
1451 3340 1600 3414 ,auimae‚
1632 3338 1720 3395 eham

370 3425 535 3499 inferiores,
568 3428 746 3503 compositae
775 3433 805 3486 ct
835 3427 1033 3488 conformatae
1061 3434 1130 3487 sunt
1159 3426 1197 3488 ad
1228 3427 1381 3501 circulum,
1413 3427 1495 3488 velut
1521 3423 1559 3484 ad
1588 3440 1721 3484 normam

371 3512 537 3590 legemque,
561 3530 685 3591 cumque
699 3517 764 3592 ipso
781 3515 889 3574 circulo
905 3515 1028 3592 ejusque
1044 3514 1325 3576 demonstrabilitate
1347 3513 1443 3575 ideam
1465 3514 1554 3573 etiam
1576 3513 1720 3570 rationum

371 3601 621 3676 harmonicorum,
655 3620 730 3678 quae
760 3602 827 3663 inde
849 3602 1029 3681 dependent,
1060 3602 1247 3664 induerunt“.
1292 3602 1483 3678 Recipiuntnr
1507 3600 1564 3659 hae
1591 3600 1721 3659 rationes

371 3690 470 3749 animo
492 3690 523 3747 in
546 3690 634 3750 rebus
655 3690 812 3750 sensilibus
835 3709 1015 3768 persensus,
1038 3692 1067 3749 in
1088 3692 1176 3752 rebus
1192 3690 1379 3751 insensilibus
1394 3689 1453 3749 alia
1468 3688 1558 3748 animi
1571 3686 1720 3761 facultate,

364 3776 532 3853 '„lacultatc
560 3780 675 3837 animae
703 3776 819 3851 vitali“,
853 3797 928 3855 quae
959 3796 1022 3856 cap.
1046 3778 1116 3838 VIL
1148 3776 1280 3855 pluribus
1308 3776 1477 3837 illustratur.
1527 3775 1721 3834 Praemissum

372 3872 471 3925 autem
486 3868 752 3942 interpretationem
767 3865 912 3942 chlerus
928 3869 990 3944 ipse
1010 3865 1082 3925 dicit
1106 3868 1288 3942 „obscuram
1311 3863 1527 3942 quodammodo
1542 3861 1722 3922 materialem

373 3960 403 4012 et
426 3953 482 4012 sub
504 3953 583 4013 nube
605 3955 689 4029 quasi
712 3955 923 4031 ignorantiae“.
967 3952 1137 4014 Facultates
1159 3954 1228 4014 illac
1251 3954 1340 4013 animi
1362 3953 1511 4013 interiores
1535 3967 1593 4010 nou
1617 3951 1722 4024 sciunt,

372 4057 404 4100 se
425 4042 582 4118 percipere,
605 4047 638 4100 ut
661 4058 725 4101 cum
741 4040 874 4101 videntes
897 4039 1008 4116 aliquid
1023 4057 1081 4099 non
1096 4047 1195 4103 tamen
1211 4039 1477 4115 animadvertimus,
1500 4054 1554 4098 nos
1569 4036 1599 4097 id
1612 4036 1722 4097 ridere.

372 4125 413 4187 Ut
442 4145 524 4188 amor
549 4127 665 4206 puellae
694 4130 792 4189 existit
819 4131 848 4185 in
877 4130 975 4187 animo
999 4128 1133 4204 juvenis,
1164 4130 1320 4189 nescientis
1347 4146 1407 4204 qua
1428 4127 1465 4189 de
1488 4143 1578 4187 causa
1600 4131 1630 4184 ct
1652 4123 1723 4201 quid

372 4217 402 4273 in
425 4223 522 4276 amata
554 4216 672 4293 diligat,
703 4233 792 4292 qnurn
822 4215 1057 4294 physiognomon
1085 4219 1116 4274 iu
1144 4217 1310 4277 amantibus
1341 4233 1468 4289 morum,
1502 4214 1574 4285 oris,
1604 4212 1723 4272 babitus

372 4294 586 4378 similitudines,
610 4320 686 4381 quaa
707 4304 906 4364 nescientibus
927 4320 1056 4364 amorem
1079 4304 1249 4378 incendunt,
1272 4306 1402 4377 noverit,
1432 4305 1473 4362 ita
1495 4303 1525 4360 in
1548 4299 1606 4359 illls
1627 4298 1723 4359 iacul-

266 4478 272 4487 Ὦ
373 4388 484 4451 tatibus
510 4398 575 4465 „est
595 4408 699 4451 sensus
721 4394 941 4468 proportionum
964 4394 1026 4452 sinc
1049 4393 1168 4453 scnsn“.
1213 4390 1300 4473 (Cap.
1324 4387 1381 4472 Il.)

478 4476 526 4536 Ita
558 4486 715 4556 postquam
748 4486 793 4538 est
825 4477 1025 4554 disquisitum,
1062 4481 1108 4539 cni
1141 4480 1230 4539 insint
1262 4479 1431 4538 barmoniae
1454 4482 1594 4552 tanquam
1616 4475 1723 4551 agenti,

374 4565 510 4624 tormenti
533 4582 586 4626 seu
609 4567 720 4643 opifici,
751 4565 895 4643 Keplerus
918 4583 981 4643 cap.
1002 4566 1056 4625 III.
1102 4569 1176 4645 ergit
1197 4566 1235 4626 ad
1257 4566 1437 4643 sancctum,
1466 4566 1496 4622 in
1519 4560 1597 4639 quod
1620 4568 1725 4639 agatur

373 4653 540 4711 harmoniis.
573 4652 657 4714 Haec
671 4660 769 4714 antem
784 4653 918 4731 subjecta
940 4660 1022 4713 snut:
1046 4585 1152 4729 aulana,
1176 4671 1252 4731 quac
1275 4653 1419 4730 descripta
1434 4658 1479 4712 est
1494 4669 1513 4710 a
1529 4641 1594 4709 Deo
1616 4651 1648 4707 in
1669 4648 1723 4709 has

374 4740 577 4817 proportiones
606 4741 804 4816 harmonicas,
834 4741 983 4818 planetae,
1018 4742 1125 4816 quibus
1153 4740 1294 4819 regularis
1323 4742 1400 4801 inest
1430 4746 1527 4799 motus
1550 4744 1579 4798 et
1601 4753 1725 4814 qnorum

375 4844 512 4887 numerus
534 4826 629 4888 certis
644 4845 680 4887 ex
701 4829 853 4890 harmonia
875 4827 1015 4889 desumtis
1045 4828 1163 4906 legibus
1195 4828 1331 4888 delinitus
1354 4836 1412 4902 cst,
1444 4826 1569 4904 denique
1598 4826 1723 4897 animae,

374 4918 513 4977 meatuum
524 4913 680 4976 mundanis
690 4917 864 4993 praefactae.
886 4915 1176 4995 Inquirithplerus,
1188 4934 1259 4977 num
1269 4917 1440 4978 harmoniae
1451 4916 1541 4977 insint
1552 4915 1580 4973 in
1593 4926 1724 4987 numero,
