3872 5846
755 448 839 507 Liber
856 454 902 511 IV.
922 454 1009 525 Caput
1026 450 1072 511 IV.
1526 446 1588 510 233

237 625 272 685 do
296 643 341 700 eo,
362 625 443 704 quod
462 626 525 703 jam
546 631 768 711 praemisimus,
795 649 828 691 se
850 630 961 692 scilicet
984 644 1042 691 non
1065 634 1161 690 minus
1184 631 1322 689 instinctu
1347 620 1477 704 quodam
1496 628 1589 684 natu·

236 713 291 773 rali
311 713 411 774 valera
434 715 471 773 ad
493 718 711 794 percipiendum
731 722 934 798 proportiones
957 720 1131 797 angulorum
1154 718 1352 786 harmonicas,
1386 730 1477 790 quarm
1498 709 1590 789 pollet

235 801 375 862 facultate
397 804 539 885 naturali,
572 804 670 864 vitalis
693 816 810 865 nostrae
833 807 934 878 simili,
964 808 1001 867 ad
1025 824 1130 883 corpus
1152 805 1279 865 Telluris
1303 801 1493 876 officinasque
1515 798 1589 857 sub·

236 898 384 949 terraneos
407 892 437 947 in
461 895 605 951 montams
629 895 714 953 certis
736 894 953 953 harmoniarum
982 896 1161 972 temporibus
1185 886 1400 952 calefaciendas
1433 887 1590 963 exagitan-

237 974 361 1052 dssque,
391 986 423 1035 ut
446 978 514 1037 illae
544 996 679 1056 maguam
704 998 846 1057 vaporum
868 977 1115 1059 neutrarumque
1131 983 1246 1058 copiam
1277 975 1427 1043 exhalent,
1459 991 1495 1033 ex
1520 989 1588 1049 qua,

238 1081 290 1139 per
313 1065 533 1141 antiperistases
555 1068 669 1143 trigoris
693 1071 819 1145 superni,
844 1071 938 1129 omnis
960 1072 1075 1146 generis
1099 1078 1228 1128 meteora
1251 1065 1476 1125 conformantur.

323 1150 359 1209 In
381 1151 490 1211 Terrae
513 1157 590 1213 enim
612 1170 732 1233 corpore
754 1156 892 1231 ponenda
915 1165 959 1216 est
989 1157 1063 1217 haec
1084 1158 1197 1228 anima,
1228 1156 1299 1230 quia
1321 1167 1375 1208 nec
1397 1147 1496 1226 auguli
1521 1148 1591 1206 har-

237 1240 343 1297 monici
365 1239 513 1298 radiorum
544 1244 574 1299 in
597 1241 658 1300 ulla
680 1242 740 1300 ulia
760 1252 844 1319 parts
867 1244 966 1302 muudi
999 1260 1088 1322 quam
1110 1245 1139 1300 in
1163 1242 1254 1303 Terra
1284 1240 1426 1313 existunt,
1450 1242 1479 1297 et
1502 1251 1591 1312 opera

236 1336 375 1398 naturae,
406 1344 482 1404 quae
512 1327 549 1386 ad
574 1329 818 1406 eorrflguratioucs
849 1330 995 1391 radiorum
1022 1338 1199 1408 sequnntur,
1230 1344 1267 1388 ex
1289 1325 1397 1386 Terrae
1426 1324 1589 1385 visceribus
1651 1352 1658 1369 ·

238 1416 439 1490 montiumque
461 1419 594 1475 cancrum
617 1427 712 1476 ortum
736 1418 863 1481 t'ralrunt.

306 1501 378 1577 iv:
402 1500 545 1578 Quartum
569 1504 722 1565 discrimen
746 1508 879 1566 consistit
900 1508 929 1563 in
952 1504 1055 1580 modis,
1080 1505 1188 1581 quibus
1210 1501 1381 1563 harmonias
1403 1498 1537 1559 diversae
1560 1499 1590 1555 in

236 1592 297 1647 suis
320 1591 419 1649 insunt
441 1591 591 1666 subjectis.
1372 1580 1377 1589 ’

323 1676 400 1736 Nam
421 1676 497 1736 libro
519 1677 575 1736 Ill.
599 1696 665 1741 curn
688 1682 717 1738 in
741 1689 827 1741 cantu
850 1682 995 1752 inessent,
1018 1681 1051 1737 in
1073 1677 1124 1738 lllo
1147 1685 1211 1738 toto
1233 1680 1364 1748 inerant,
1394 1681 1456 1734 toto
1479 1672 1591 1733 scilicet

238 1772 377 1839 tempore,
401 1782 461 1841 quo
485 1765 609 1825 durabat
632 1775 745 1826 canius.
791 1769 826 1826 Et
850 1769 985 1844 quamvis
1008 1765 1163 1825 intervalla
1187 1781 1301 1837 vocum,
1325 1770 1358 1822 ut
1373 1765 1471 1822 omnia
1495 1776 1591 1837 quau·
1658 1831 1660 1834 y

237 1854 321 1910 titstc
336 1854 550 1929 participantia,
575 1857 741 1913 continuam
755 1854 911 1913 admittant
925 1853 1110 1926 divisionem,
1133 1870 1191 1911 non
1207 1861 1269 1913 erat
1283 1860 1380 1911 muron
1395 1850 1436 1909 ibi
1452 1850 1591 1908 transitus

238 1943 337 1997 caritui
366 1958 384 1997 a
412 1957 485 1998 sono
514 1940 641 2000 inferiori
670 1960 721 2019 per
743 1943 931 2001 intennedios
961 1942 1089 2000 infinitos
1117 1958 1210 2017 usque
1239 1939 1277 1999 ad
1305 1956 1385 2012 eum,
1417 1939 1468 2013 qui
1496 1938 1590 2013 primo

239 2042 384 2085 consonas
407 2036 460 2085 aut
481 2029 640 2088 concinnus
663 2038 754 2100 esset,
785 2028 837 2088 sed
861 2046 926 2088 cunr
949 2029 1027 2087 saltu
1058 2036 1087 2086 et
1108 2028 1226 2087 silentio
1256 2026 1478 2103 trajiciebantur
1500 2025 1591 2082 inter·

238 2113 336 2172 media
359 2116 466 2186 omnia,
491 2118 584 2174 omnis
602 2132 672 2175 vero
696 2116 806 2175 roralis
829 2118 1021 2179 commoratio
1045 2122 1108 2174 erat
1129 2109 1159 2172 iri
1182 2115 1262 2173 sonls
1284 2116 1407 2174 iuter-sa
1430 2112 1590 2172 concinnis.

240 2200 351 2259 Eodem
373 2199 461 2260 modo
486 2203 515 2258 in
538 2212 693 2277 concentu,
726 2205 862 2279 qusnrvis
886 2206 959 2262 inter
982 2203 1125 2280 diapason
1153 2210 1184 2261 et
1205 2201 1294 2263 dibex
1323 2202 1457 2260 intersint
1478 2199 1591 2258 infinita

242 2287 410 2362 intervalla,
439 2305 498 2347 uon
521 2288 609 2349 debat
632 2300 729 2350 tamen
758 2292 884 2350 intensio
916 2307 1023 2350 rocnm
1046 2292 1184 2349 contium
1211 2288 1384 2369 perlomnia
1410 2285 1591 2358 intermedia,

241 2375 340 2452 quoad
363 2393 397 2434 ex
415 2368 562 2454 'diapason
585 2377 667 2438 lieret
689 2386 787 2448 sexta,
816 2376 869 2437 sed
891 2379 969 2438 saltu
992 2379 1158 2441 ferebantur
1188 2393 1276 2436 rocas
1304 2392 1425 2435 amera
1448 2374 1592 2451 diapason

240 2465 268 2519 in
298 2480 408 2522 meram
437 2471 565 2537 sermm,
597 2464 774 2529 intermediis
802 2468 937 2525 omnibus
966 2466 1083 2524 silentio
1114 2465 1301 2523 transmissis.
1347 2462 1385 2520 lit
1414 2465 1443 2520 in
1474 2464 1592 2537 organis
1622 2482 1626 2489 ·

241 2549 358 2626 quidem
382 2550 546 2611 saltabatur
568 2553 605 2612 ab
629 2571 687 2613 una
710 2571 804 2613 canna
827 2552 865 2612 ad
888 2551 985 2625 aliam,
1009 2555 1037 2609 in
1062 2554 1161 2625 tensis,
1185 2560 1217 2610 nt
1234 2553 1423 2609 instrumento
1448 2558 1478 2611 et
1492 2550 1591 2625 harpe,

243 2638 280 2697 ab
304 2637 494 2698 unachorda
517 2639 555 2699 ad
578 2642 674 2715 aliam,
698 2641 747 2701 vel
770 2643 794 2698 si
817 2641 993 2700 multisonas
1010 2639 1136 2699 chordae
1158 2645 1375 2717 usurparentur,
1398 2647 1431 2697 ut
1453 2641 1482 2695 in
1499 2637 1593 2697 elavi·

241 2724 377 2795 chordio,
402 2726 548 2802 pandura,
573 2727 675 2806 chely,
700 2728 830 2806 cythara,
852 2729 890 2787 ab
914 2735 1091 2798 unctoria,
1115 2733 1167 2785 aut
1189 2729 1219 2784 iu
1241 2726 1346 2786 flstulls
1369 2725 1407 2785 ab
1431 2742 1489 2784 uno
1512 2726 1593 2784 iora·

242 2815 318 2873 rnine
341 2812 378 2870 ad
402 2812 497 2887 aliud,
521 2816 549 2871 in
572 2823 689 2888 gutture
712 2815 840 2874 humano
863 2815 901 2875 ab
925 2832 983 2873 uno
1007 2813 1115 2889 circulo
1137 2815 1261 2897 arteriae
1284 2829 1406 2888 asperae
1432 2812 1470 2871 ad
1492 2811 1593 2870 allum.

242 2900 306 2958 Nou
329 2901 371 2959 sic
394 2902 422 2957 in
447 2892 595 2960 libro'll'.
641 2903 715 2962 Nam
739 2905 873 2978 quasin
896 2919 931 2962 so
955 2900 1204 2961 considerabimus
1231 2900 1412 2973 harmonias,
1444 2899 1530 2977 illae,
1561 2907 1594 2957 ut

243 2986 300 3046 dici
323 2995 458 3064 coeptum
481 2992 576 3064 capite
598 2990 800 3066 praecedenti,
832 3007 890 3048 non
913 3006 1027 3067 semper
1050 2991 1177 3048 existunt
1204 2990 1278 3048 inter
1299 2988 1433 3046 hinorum
1457 2985 1593 3064 planeta·

241 3077 348 3133 riorum
370 3076 516 3134 radiorum
539 3076 678 3152 angulum
711 3085 741 3137 et
761 3080 837 3136 inter
859 3086 985 3152 quatuor
1007 3084 1115 3150 rectos,
1148 3073 1200 3134 sed
1222 3074 1256 3134 iit
1285 3076 1423 3134 continua
1446 3075 1593 3149 separatio

243 3162 433 3238 planetarum,
457 3164 562 3239 qrribus
586 3164 704 3240 quidem
727 3164 784 3224 hoc
807 3164 906 3223 datum
930 3173 983 3237 cst,
1008 3163 1063 3221 snb
1086 3162 1208 3222 zodiaco
1232 3162 1339 3222 circulo
1362 3179 1413 3239 per
1437 3159 1594 3220 intervalla

243 3246 412 3326 ricapecora
436 3253 540 3319 omnia,
556 3254 584 3309 in
607 3252 785 3325 bennonim,
809 3267 931 3328 quorum
948 3258 1116 3326 exhalatum,
1141 3250 1199 3308 duro
1214 3254 1295 3321 recti,
1318 3249 1517 3309 semicirculus
1541 3267 1593 3309 seu
1665 3322 1669 3327 ᾖ

244 3338 399 3413 oppositio,
424 3337 549 3414 indeque
572 3339 741 3417 retrogrado
765 3338 865 3398 ordine
888 3356 940 3415 por
961 3337 1117 3397 intervalla
1148 3354 1262 3395 rursum
1284 3339 1458 3396 inconcinna
1480 3346 1509 3396 ot
1532 3337 1594 3395 disb

243 3440 317 3482 sons
340 3426 437 3484 cornia
459 3443 552 3500 usque
577 3430 605 3484 in
629 3427 877 3502 conjunctionem
900 3425 998 3484 nullus
1020 3425 1069 3484 hic
1090 3424 1183 3485 saltus
1199 3424 1232 3484 fit
1254 3442 1289 3484 cx
1312 3441 1371 3484 uno
1393 3425 1501 3500 angulo
1525 3424 1594 3483 har-

244 3514 360 3570 monico
383 3513 412 3570 in
436 3512 534 3583 alium,
560 3516 640 3574 verbi
664 3531 753 3573 causa
777 3532 812 3574 ex
834 3515 949 3589 trigono
972 3515 1001 3571 in
1026 3512 1215 3588 quadratum,
1243 3513 1294 3572 sad
1319 3514 1458 3571 transitus
1482 3512 1519 3570 ab
1543 3511 1594 3570 iilo
1631 3584 1636 3589 Ο

245 3597 282 3657 nd
306 3598 382 3657 hunc
405 3603 558 3660 continuus
590 3610 635 3661 est
664 3620 716 3680 por
746 3600 917 3661 intermedia
945 3602 1051 3658 omnia.
1096 3599 1256 3677 Propterea
1284 3608 1399 3676 tempus
1426 3602 1594 3658 rrnivorsum

245 3694 375 3745 motuum
399 3688 569 3747 coelestium
593 3698 738 3764 occupant
759 3687 1003 3763 configurationes
1025 3685 1172 3745 radiorum
1194 3689 1394 3760 inconcinnae,
1419 3688 1597 3763 dispumant

237 3761 315 3832 'vero
339 3773 442 3833 saltem
467 3778 553 3833 certis
575 3779 727 3836 momentis
745 3776 991 3850 configurationes
1007 3775 1140 3833 binorum
1156 3782 1208 3832 aut
1222 3773 1521 3832 interdumtrinornm
1544 3781 1597 3832 aut

246 3862 332 3919 ctiam
364 3871 569 3937 quaternorum
598 3863 798 3937 harmonicae,
833 3862 951 3938 reliquis
984 3863 1013 3918 in
1036 3863 1258 3936 incongruentia
1279 3862 1484 3937 pergentibus,
1515 3869 1548 3919 ut
1570 3864 1595 3919 si

246 3955 357 4025 sopiam
382 3966 492 4007 cannae
516 3947 669 4024 organicae
692 3968 781 4009 sonos
803 3948 924 4008 totidem
948 3948 1245 4023 dissonos'continua
1267 3950 1410 4008 tensionis
1424 3947 1596 4023 nlporatione

247 4038 411 4095 emitterent
432 4036 572 4112 fieretque
594 4041 757 4097 tensionurn
782 4039 952 4096 obviatione
975 4032 1087 4115 mutus,
1110 4043 1142 4092 ut
1164 4034 1307 4094 interdum
1329 4035 1415 4095 binae
1439 4034 1487 4093 vel
1502 4039 1596 4098 trinas

265 4133 456 4195 onsonarent,
487 4127 589 4183 ceteris
620 4125 847 4185 dissonantibus.
891 4120 938 4183 lta
967 4141 1036 4182 rere
1063 4131 1093 4181 et
1114 4123 1230 4198 propris
1260 4121 1407 4198 loquendo
1431 4124 1596 4198 ipsissimas

245 4140 435 4270 {rannonicac
458 4211 703 4289 configurationes
726 4229 783 4271 non
807 4217 874 4269 suni
897 4212 926 4269 ln
949 4219 1095 4287 tempore,
1122 4209 1175 4269 sed
1198 4211 1227 4267 ht
1249 4212 1404 4270 momentis
1426 4209 1596 4268 indivisibi-

246 4296 325 4356 libus
348 4298 543 4373 perficiuntur.
587 4301 649 4359 Etsi
674 4316 775 4360 verum
794 4300 881 4374 juxta
904 4305 933 4357 et
955 4298 1012 4358 hoc
1034 4305 1086 4369 est,
1111 4290 1335 4370 commotiones,
1358 4314 1436 4374 quas
1459 4315 1492 4355 er
1516 4297 1597 4359 hisco

246 4385 405 4445 harmoniis
429 4388 458 4443 iu
483 4388 586 4446 animis
608 4390 745 4461 existunt,
768 4403 826 4445 non
850 4403 914 4446 esse
930 4395 1159 4458 momentaneas,
1182 4374 1302 4445 morant
1318 4387 1394 4444 eninr
1411 4378 1597 4446 harmohlcbc
1659 4410 1664 4419 ¹

247 4473 507 4550 configurationes,
538 4484 683 4551 quatenus
713 4482 780 4536 sunt
810 4476 841 4531 in
863 4473 945 4549 lieri,
973 4482 1004 4533 st
1031 4475 1149 4549 inipso
1177 4480 1340 4545 momento,
1370 4491 1429 4550 quo
1452 4472 1597 4549 periectas

246 4561 328 4633 fiunt,
351 4578 464 4619 rursum
488 4565 608 4620 remittit
630 4582 728 4623 earum
752 4560 903 4636 stinrulns3
928 4579 1017 4637 opera
1039 4578 1111 4621 sero
1133 4566 1269 4635 naturae,
1293 4576 1370 4636 quae
1391 4577 1444 4636 per
1466 4559 1520 4620 hos
1542 4563 1598 4619 sti-

247 4649 342 4708 mulos
365 4647 568 4727 sollicitantur,
588 4650 650 4724 jam
673 4669 691 4710 a
713 4649 931 4711 conditionibus
952 4649 1091 4709 materiae
1114 4665 1265 4708 mensuras
1283 4650 1432 4723 accipiunt
1452 4649 1499 4706 sui
1520 4654 1597 4708 tcm-

247 4739 326 4811 poris
356 4736 519 4810 durantque
548 4754 636 4814 saepe
666 4739 752 4814 longe
781 4737 858 4796 ultra
878 4743 1071 4809 momentum,
1089 4752 1163 4810 ouo
1192 4733 1339 4812 perficitur
1367 4734 1502 4794 radiatio.
1547 4733 1598 4796 Sic

247 4823 383 4882 machina
405 4838 499 4882 aenea
520 4823 641 4901 explosa
664 4827 694 4882 vi
718 4826 851 4884 succensi
879 4823 1009 4899 pulveris
1031 4824 1107 4900 pyrli
1136 4823 1275 4899 ignoscit,
1305 4838 1360 4882 nec
1379 4825 1494 4896 statim«,
1525 4839 1597 4883 con-

247 4920 345 4989 sumta
366 4914 488 4974 matoria
509 4912 601 4991 ignis,
624 4929 643 4971 a
665 4913 761 4973 calore
782 4912 921 4987 remittit,
946 4913 997 4971 ‘sio
1019 4914 1124 4988 corpus
1147 4908 1303 4989 animalis,
1319 4917 1354 4971 ut
1375 4910 1539 4990 exemplum
1560 4912 1598 4971 alt
