3840 5854
348 419 396 491 ss
934 364 1106 473 ammius

353 591 425 653 dicit
445 589 591 667 chlcrns
612 590 737 668 primum
759 597 789 653 et
810 590 999 655 imbesimnm
1021 589 1152 669 gradum
1183 607 1245 653 nro.
1262 592 1291 649 i.
1313 588 1472 651 secundum
1494 588 1617 667 padam
1631 597 1697 665 etc,

354 696 415 739 nro.
440 680 469 740 b.
492 678 627 738 ultimum
648 685 677 738 et
699 678 917 741 imbecillimum
939 678 1071 755 madunt
1115 678 1230 743 Causae
1251 676 1385 738 diversae
1408 678 1590 761 efficacitatis
1610 678 1698 755 hujus

353 773 422 827 sunt
442 768 472 825 in
494 773 599 827 natura
620 765 787 842 figurarum,
811 766 918 842 quibus
940 767 971 826 hi
992 773 1130 843 aspectus
1152 768 1292 840 nituntur,
1315 767 1345 824 in
1367 764 1442 825 libro
1463 766 1488 828 Ι.
1512 773 1654 827 anenata
1755 777 1760 791 ¹

440 853 561 930 ,Caput
582 852 651 913 VH.
695 853 741 914 Da
774 861 880 917 natura
907 853 1060 915 sublunari
1087 853 1334 929 facultatibusque
1361 855 1476 914 animae
1505 852 1698 915 inferioribus.

354 938 394 1002 Ut
415 933 545 1017 posuerit
564 948 714 1011 naturam
735 940 943 1012 sublunarem,
966 959 1045 1018 qaae
1064 944 1180 1017 praesit
1200 941 1358 1014 sumenda,
1381 949 1478 1002 motus
1493 948 1538 1000 est
1552 940 1699 1018 Keplcrus

220 1070 226 1083 .
352 1027 418 1089 sola
439 1029 577 1111 ethnica
594 1034 801 1104 tempestatum
824 1028 1030 1089 observatione
1052 1036 1283 1105 aspectunmque
1305 1027 1560 1104 contemplatione,
1592 1028 1698 1106 quibus

352 1115 421 1176 illae
442 1117 566 1175 cientur:
590 1116 854 1181 consuetissimum
875 1117 1083 1193 experientiam
1104 1119 1214 1188 testari,
1237 1121 1346 1175 statum
1367 1118 1443 1175 aiirls
1465 1117 1651 1191 commoveri,
1673 1118 1698 1174 si

352 1209 450 1265 ament
462 1209 608 1279 aspectus.
637 1201 693 1262 His
708 1203 824 1262 inuium
838 1202 983 1280 Keplerus
998 1220 1043 1278 eo,
1058 1220 1144 1280 qnam
1159 1204 1242 1264 initio
1256 1203 1445 1279 praelationis
1460 1202 1595 1278 dirimas,
1610 1201 1698 1263 modo

352 1291 480 1351 animam
492 1307 575 1351 snam
589 1291 775 1352 sublunarem
792 1293 940 1351 constituit
954 1299 1044 1368 atque
1059 1293 1102 1351 ita
1114 1292 1224 1368 pergit:
1246 1288 1414 1366 Speciarum
1429 1289 1699 1351 mathematicorum

352 1377 413 1453 illa,
436 1394 512 1454 quaa
535 1377 658 1438 cuculus
682 1376 794 1452 dicitur,
816 1379 894 1438 inest
914 1378 982 1438 huic
996 1379 1111 1441 animae
1124 1381 1201 1438 siout
1212 1377 1367 1453 hnmanae,
1383 1395 1441 1439 non
1456 1385 1571 1438 tantum
1584 1386 1618 1437 ιιι
1631 1377 1699 1437 idea
1747 1442 1752 1451 „

352 1482 448 1525 rernm
471 1472 669 1542 externarum,
692 1464 745 1526 sed
774 1467 862 1526 etiam
884 1474 918 1526 ut
938 1466 1031 1526 forma
1053 1464 1198 1541 quaedam
1219 1466 1312 1543 ipsius
1334 1468 1464 1539 enimse,
1493 1473 1522 1525 et
1544 1473 1698 1543 rat-prone·

351 1555 477 1613 tuarinm
500 1553 619 1613 unicum
641 1553 734 1613 omnis
756 1553 897 1613 scientiae
919 1553 1113 1630 geometricae
1136 1560 1166 1613 et
1187 1552 1395 1615 arithmeticae.
1438 1551 1576 1613 l'acultas
1598 1552 1698 1613 vitalis

352 1642 381 1699 in
411 1640 528 1700 homine
556 1656 615 1701 non
645 1647 757 1700 tantum
779 1640 947 1705 harmonias
974 1638 1064 1700 radiis
1092 1638 1197 1701 lucidis
1224 1638 1372 1700 involutas
1402 1656 1501 1700 secum
1523 1639 1622 1715 habat,
1645 1639 1698 1701 sed

353 1728 639 1802 sumbernensis,
661 1744 798 1788 sonorum
821 1728 974 1804 speciebus
996 1730 1180 1791 incrustatas.
1221 1726 1317 1787 Sonos
1337 1727 1412 1788 haec
1432 1726 1557 1789 facultas
1576 1728 1698 1788 auribus

353 1815 458 1890 haurit,
480 1815 579 1876 radios
600 1812 728 1877 siderum
750 1815 807 1873 sibi
829 1813 1006 1892 imaginatur
1025 1824 1057 1876 et
1078 1816 1295 1891 agnoscitlsiue
1317 1812 1458 1875 discursu.
1501 1812 1579 1875 Hinc
1601 1817 1699 1877 anima

353 1902 561 1973 homenebus
583 1902 687 1977 babet,
721 1908 754 1961 ut
780 1902 836 1962 sub
866 1909 982 1980 tempus
1003 1911 1175 1979 aspectuum
1196 1903 1370 1979 praecipuos
1392 1904 1491 1979 capiat
1512 1904 1638 1980 impetus
1661 1901 1698 1963 ad

352 1991 482 2069 negotia,
502 2006 581 2067 quas
603 1990 657 2051 sub
680 1988 816 2050 manibus
838 1989 937 2064 habet,
961 1989 1137 2067 peragenda,
1160 1991 1332 2051 etmaxima
1345 1987 1530 2050 necessitudo
1545 1987 1699 2050 intercedit

352 2077 512 2139 harmoniis
532 2076 657 2145 radiosis
679 2093 745 2137 cum
767 2084 832 2139 ortu
853 2079 947 2154 primo
969 2078 1096 2138 hominis
1121 2085 1152 2138 et
1172 2076 1343 2138 formatione
1370 2076 1459 2154 hujus
1480 2077 1580 2138 vitalis
1602 2078 1698 2138 lacul-

352 2162 436 2238 tatis,
458 2180 557 2241 ¹quara
584 2166 675 2225 animi
702 2164 859 2241 qualitates
889 2182 955 2225 cum
976 2164 1159 2242 planetarum
1189 2165 1381 2242 qualitatibus
1403 2166 1588 2225 consentiunt
1611 2182 1699 2242 qnam

351 2252 518 2329 plurimum.
563 2249 605 2314 Ut
628 2252 686 2313 hoc
714 2251 904 2327 demonstret,
935 2271 968 2313 se
997 2255 1093 2330 ipsum
1120 2252 1266 2329 chlerns
1295 2253 1460 2328 exemplum
1488 2255 1639 2341 proponit,
1669 2259 1700 2313 st

352 2340 420 2417 hinc
442 2341 506 2400 abit
526 2340 556 2407 in
577 2339 716 2417 mysteria
738 2339 925 2416 astrologica,
947 2340 1004 2399 sibi
1025 2343 1130 2415 partim
1155 2347 1234 2399 certa
1255 2342 1361 2416 partim
1383 2339 1481 2413 dubia,
1504 2346 1534 2401 et
1553 2340 1598 2400 his
1611 2340 1699 2401 finam
1740 2416 1744 2423 ¹

352 2427 439 2487 facit:
465 2426 541 2503 ,hoc
563 2425 711 2503 disputavi
725 2425 866 2497 hactenus
888 2427 945 2495 boc
967 2425 1099 2499 consilio,
1121 2433 1155 2486 nt
1175 2426 1249 2488 haec
1272 2444 1308 2486 ex
1329 2445 1395 2487 mea
1409 2427 1588 2504 professione
1604 2444 1698 2504 exque
1758 2479 1767 2502 ,

353 2516 456 2574 intimo
488 2513 577 2591 hujus
610 2512 705 2590 operis
739 2513 900 2574 harmonici
937 2531 1015 2590 penu
1047 2513 1214 2591 depromta,
1246 2513 1369 2577 necdum
1403 2522 1483 2576 tacta
1515 2514 1698 2592 philosophis

313 2606 317 2617 '
353 2599 476 2662 Graecia
496 2610 528 2661 ct
549 2602 767 2675 recentioribus,
789 2602 984 2678 supplementi
1006 2602 1073 2662 loco
1089 2600 1256 2678 adjicerem,
1279 2610 1313 2661 ut
1333 2601 1458 2663 studiosi
1480 2602 1699 2680 metaphysicee

353 2696 454 2749 nostra
475 2686 549 2749 haec
570 2688 661 2748 veluti
685 2690 883 2765 experimenta
904 2706 971 2749 oum
999 2688 1116 2748 illorum
1144 2690 1415 2751 radomnationibus
1443 2690 1607 2765 conferant,
1640 2706 1698 2767 quo

352 2775 426 2839 haee
448 2776 666 2854 metaphysicae
688 2794 756 2853 pars
779 2776 919 2838 illustrior
940 2783 971 2841 et
992 2777 1165 2854 locupletior
1186 2777 1379 2855 omnibusque
1394 2778 1522 2839 numeris
1537 2776 1699 2839 absolutior

352 2865 489 2925 constitsd
510 2863 653 2941 possit“.·
1059 2868 1062 2877 “

448 2950 572 3027 ,Liber
601 2953 755 3028 quintus
785 2952 848 3028 agit
876 2949 914 3010 de
943 2950 1096 3012 harmonia
1122 2957 1254 3012 motuum
1276 2951 1447 3012 coelestium
1468 2959 1499 3011 et
1520 2966 1557 3012 ex
1578 2959 1699 3014 antece·

353 3037 490 3099 dentibus
520 3054 627 3099 causas
659 3038 834 3114 regularium
862 3047 995 3099 motuum
1025 3056 1178 3117 corporum
1208 3039 1393 3114 coelestium,
1422 3056 1559 3100 cursuum
1581 3039 1700 3115 formae,

353 3127 578 3186 excentricitatis
611 3141 713 3189 eornm
743 3125 1015 3202 periodicornmque
1049 3144 1185 3188 cursuum
1217 3134 1347 3205 repetere
1380 3127 1487 3188 studet
1542 3126 1642 3188 Primo
1672 3137 1703 3190 et

352 3211 481 3273 secundo
504 3214 599 3290 capite
618 3211 773 3289 Ksplerus,
797 3230 872 3289 quae
894 3215 924 3275 in
945 3215 1091 3290 prioribus
1112 3214 1194 3274 libris
1217 3213 1253 3273 de
1275 3213 1457 3292 regularibus
1480 3217 1651 3294 corporibus
1673 3223 1703 3276 et

352 3300 516 3377 conjunctis
537 3301 698 3362 rationibus
720 3299 895 3360 harmonicis
917 3300 996 3361 dicta
1017 3309 1108 3376 erant,
1130 3303 1243 3378 repetit
1274 3301 1377 3378 Capite
1392 3304 1478 3363 tertio
1494 3303 1573 3378 dicit,
1595 3321 1701 3379 quam-

353 3389 400 3448 vis
421 3406 452 3449 re
473 3404 545 3448 vera
559 3387 761 3465 Copernicsns
782 3388 883 3448 mundi
905 3390 980 3448 ratio
1003 3389 1068 3450 sola
1089 3390 1311 3465 insequentibus
1334 3390 1626 3453 commentationibus
1648 3407 1700 3467 pro

352 3473 542 3536 fundamento
563 3475 671 3552 subjici
693 3473 813 3549 debeat,
846 3482 896 3552 ,st
925 3477 996 3552 quia
1023 3495 1069 3537 res
1093 3477 1172 3553 apud
1194 3476 1302 3553 vulgus
1324 3476 1520 3538 studiosorum
1543 3478 1701 3538 etiamnum

352 3578 432 3623 nova
453 3569 499 3623 est
520 3569 551 3623 at
572 3561 681 3640 dogma
702 3561 806 3622 auditu
827 3562 975 3640 plerisque
996 3563 1245 3639 absurdissimum,
1275 3563 1395 3624 Terram
1418 3566 1491 3625 inter
1512 3564 1609 3625 sidera
1633 3565 1699 3625 ferri

353 3652 430 3711 circa
443 3648 543 3710 Solem
556 3648 743 3725 immobilem,
766 3652 860 3710 sciant
873 3652 970 3727 igitur,
994 3654 1044 3727 qui
1058 3652 1146 3728 hrrjus
1161 3654 1322 3713 sententiae
1337 3650 1493 3712 insolentia
1508 3650 1699 3727 offenduntur,

353 3737 568 3815 speculationes
589 3737 643 3798 has
665 3737 850 3798 harmonicas
872 3740 960 3799 ctiam
983 3740 1012 3797 in
1033 3739 1248 3818 hypothesibus
1271 3739 1431 3800 Braheanis
1457 3740 1554 3801 locum
1581 3739 1699 3813 habere,

353 3833 509 3905 propterea
530 3824 610 3902 quod
622 3832 726 3886 auctor
748 3824 917 3887 ille‘cetera
939 3827 1045 3902 omnis,
1069 3844 1145 3903 quae
1160 3826 1381 3904 dispositionem
1402 3843 1555 3904 corporum
1576 3835 1607 3888 et
1628 3844 1700 3888 con-

352 3914 592 3991 temperationem
613 3921 745 3974 motunm
767 3915 901 3989 attinent,
924 3931 990 3974 cum
1006 3913 1168 3991 (lopernico
1182 3913 1274 3974 habet
1286 3916 1460 3989 communia,
1482 3912 1576 3977 solnm
1592 3915 1700 3975 Terrae

352 4009 465 4062 motum
486 4018 615 4062 manum
638 4001 773 4063 transfert
795 4003 823 4060 in
838 4000 946 4077 Solam,
969 4003 1019 4078 qui
1042 4001 1171 4062 medium
1186 4003 1300 4061 orbium
1314 4002 1541 4078 planetariorum
1555 4003 1698 4064 obtinet“.

353 4087 512 4166 Regularia
544 4105 666 4166 corpora
703 4087 805 4150 eodem
841 4088 943 4161 modo,
983 4106 1041 4165 quo
1073 4091 1102 4147 in
1136 4087 1311 4163 Prodromo,
1350 4089 1533 4166 planetamm
1567 4090 1700 4151 cursibus

353 4184 494 4253 tauquam
522 4179 603 4238 cavis
629 4175 728 4253 globis
757 4176 954 4237 insonbuutnr
980 4192 1138 4253 eorumque
1166 4194 1204 4238 ex
1224 4192 1345 4239 numero
1377 4177 1531 4253 conjicitur
1563 4194 1700 4238 numerus

352 4263 550 4341 planetarum;
573 4272 675 4325 contra
695 4266 841 4324 sententia
862 4263 991 4340 rejicitur
1013 4262 1073 4323 illic
1095 4264 1294 4342 pronunciata,
1317 4266 1517 4341 proportiones
1539 4266 1700 4342 ipsissimas

353 4348 572 4412 intervallorum
594 4370 615 4411 a
633 4349 706 4411 Sola
728 4368 765 4411 ax
785 4351 856 4411 solis
878 4351 979 4429 liguris
1000 4350 1183 4429 regularibus
1205 4349 1353 4412 desumtas
1374 4368 1448 4413 esse.
1483 4351 1598 4413 Deinde
1620 4352 1699 4429 legas

352 4446 545 4515 recensentur,
566 4436 728 4515 aKeplero
742 4440 870 4499 motibus
889 4439 1073 4516 planetarum
1095 4440 1125 4498 in
1146 4439 1290 4517 prioribus
1311 4439 1404 4513 libris,
1426 4441 1553 4501 mxime
1573 4441 1604 4499 in
1624 4439 1699 4501 libro

353 4524 390 4587 de
423 4525 550 4587 motibus
581 4524 686 4586 Martis
717 4532 861 4589 statutae:
900 4521 933 4608 1)
966 4523 1097 4601 „morue'
1118 4529 1149 4587 in
1181 4527 1312 4603 partibus
1343 4525 1516 4602 aequalibus
1547 4528 1700 4588 eccentrici

353 4614 524 4675 observant,
543 4615 760 4694 proportionem
785 4631 905 4675 snorum
935 4612 1153 4674 intervallorum
1175 4631 1195 4673 a
1216 4613 1302 4689 Sole3
1336 4609 1372 4696 i)
1401 4613 1496 4675 diurni
1522 4616 1585 4676 veri
1615 4631 1699 4675 meus

352 4703 530 4763 ecccnnicac
560 4702 672 4763 orbitae
701 4703 787 4761 unius
814 4701 925 4762 habant
953 4701 1028 4759 inter
1048 4718 1081 4763 sc
1103 4703 1321 4778 proportionem
1349 4718 1482 4763 eversam
1504 4703 1699 4781 proportionis

351 4790 572 4851 intervallorum
593 4787 716 4851 duorum
737 4807 757 4850 a
778 4786 865 4864 Sole3
899 4782 935 4868 li)
958 4786 1053 4847 orbita
1074 4787 1212 4864 planetae
1240 4793 1285 4849 est
1312 4786 1454 4867 elliptica,
1486 4797 1516 4851 et
1537 4788 1602 4865 Sol,
1633 4790 1699 4851 fens

352 4883 462 4956 molus,
492 4884 538 4939 est
558 4879 588 4937 in
611 4878 705 4939 altaro
726 4876 856 4939 focorum
876 4873 967 4953 hujus
988 4871 1117 4951 ellipsis3
1131 4870 1135 4875 ’
1149 4871 1185 4957 4)
1208 4873 1341 4954 planeta,
1369 4876 1506 4940 absoluto
1527 4879 1618 4940 totius
1640 4877 1698 4938 cir·
