3872 5846
628 370 806 433 Harmonicis.
841 376 925 433 Liber
941 376 990 432 ΠΙ.
1010 376 1099 447 Caput
1115 374 1190 433 XIII.
1446 426 1451 434 .
1521 385 1581 444 itt

228 555 321 630 primo
348 572 435 613 sensu
458 559 601 614 concinna
623 555 794 630 intervalla,
826 555 906 633 quod
936 556 1082 633 quaedam
1110 562 1146 616 ei
1170 558 1205 615 iis
1232 556 1358 632 junctim
1387 555 1579 635 considerata,

229 643 364 717 quamvis
385 649 491 701 natura
512 645 571 701 sint
593 646 749 716 concinna,
780 661 819 702 sc.
844 654 909 703 orte
930 662 966 703 ex
990 646 1207 721 comparatione
1239 651 1269 703 et
1292 645 1487 705 abstractione
1509 645 1580 706 har·

227 731 406 801 naeniarum,
438 746 493 789 usu
516 738 613 789 tamen
646 731 821 789 amelodiis
850 740 929 791 certo
951 742 1084 809 respectu
1115 748 1167 809 pro
1190 734 1370 791 inconcinnis
1401 733 1579 809 rejiciantur.
1652 734 1657 747 '

230 815 316 874 illum
340 833 458 875 sensum
481 828 720 894 praesupponunt
749 826 779 877 et
800 820 959 895 respiciunt
980 842 1048 895 τονη
1078 828 1107 877 et
1130 841 1261 892 πεττεια,
1292 819 1370 879 hunc
1392 836 1462 880 varo
1484 823 1580 897 potis·

229 906 334 962 simum
357 901 463 981 ἀγωγη,
495 914 555 963 tam
578 904 718 978 scandis,
750 923 838 981 quam
868 905 1036 965 desultoria
1083 905 1167 965 Haec
1189 906 1276 982 igitur
1306 909 1479 968 inconcinna
1507 908 1581 967 fiunt
1631 960 1634 965 .

229 1007 343 1049 rursum
367 992 481 1051 duobus
504 984 687 1051 nominibns‘:
712 993 759 1052 vel
775 995 851 1052 enim
874 1002 1007 1070 respectu
1023 996 1137 1070 generis
1160 1004 1211 1053 aut
1230 991 1330 1053 sceleti
1345 1002 1476 1069 octavae,
1501 995 1580 1072 quod

229 1095 264 1137 ea
285 1077 375 1153 plane
399 1081 428 1136 in
450 1076 502 1137 illo
525 1096 583 1139 nou
607 1088 782 1155 usurpentur
804 1097 898 1156 neque
921 1081 1045 1139 forment
1067 1080 1157 1154 illud,
1183 1088 1235 1140 aut
1256 1084 1280 1139 si
1304 1081 1363 1141 alio
1386 1081 1578 1158 disponantur

230 1164 345 1243 ordine,
377 1183 464 1241 quarn
488 1183 576 1242 supra
599 1170 695 1242 capite
720 1170 747 1225 7.
771 1175 875 1226 tratura
897 1167 1012 1243 docuit3
1044 1177 1076 1226 nt
1098 1170 1122 1225 si
1145 1170 1211 1244 quis
1234 1168 1322 1227 veliet
1349 1172 1404 1228 tria
1427 1173 1581 1229 semitonia

167 1312 170 1321 ,
229 1252 368 1330 deinceps
392 1252 534 1324 ordinare,
558 1256 744 1313 semitonium
767 1254 885 1331 quidem
907 1258 1001 1331 primo
1023 1273 1110 1315 sensu
1127 1258 1298 1315 concinnum
1314 1265 1366 1327 est,
1390 1266 1421 1315 at
1443 1256 1491 1316 hic
1506 1256 1578 1316 erdo

229 1342 455 1399 semitoniorum·
476 1343 634 1400 concinnus
662 1359 720 1401 non
743 1352 787 1401 est
809 1341 865 1401 hoc
887 1342 1015 1402 secundo
1038 1360 1141 1417 sensu,
1172 1345 1214 1401 ita
1245 1343 1347 1417 diesis,
1379 1351 1484 1403 natura
1507 1362 1580 1404 con·
1683 1378 1686 1381 ·

230 1430 326 1503 cinna,
350 1436 513 1487 esttamen
536 1428 585 1488 vel
607 1431 636 1485 in
661 1430 733 1488 duro
756 1447 862 1506 genere
885 1438 986 1489 cantus
1018 1429 1066 1489 vel
1089 1433 1119 1488 in
1142 1428 1223 1489 molli
1251 1432 1372 1489 seorsim
1395 1433 1581 1508 inconcinna,

229 1515 277 1574 vel
300 1513 427 1590 denique
447 1532 506 1574 non
529 1526 672 1575 canuntur
695 1515 841 1594 deinceps,
864 1535 918 1578 nec
939 1517 1021 1576 licita
1043 1526 1111 1577 sunt
1131 1517 1221 1576 saltui
1236 1520 1317 1577 vocis
1333 1517 1503 1595 melodicae,
1526 1536 1580 1579 nec

229 1600 323 1682 dymyp
344 1604 559 1662 convenientia.
1156 1652 1160 1661 r

317 1689 393 1749 Sunt
422 1692 511 1766 igitur
541 1691 598 1749 hoc
627 1690 765 1749 secundo'
785 1708 872 1769 sensu
903 1693 1077 1751 inconcinna
1105 1698 1134 1750 et
1163 1694 1255 1750 vetita
1285 1691 1440 1753 intervalla
1472 1693 1518 1752 his
1548 1700 1582 1753 ut

229 1779 395 1855 praecipuis
416 1777 534 1854 legibus
558 1775 776 1853 comprehensa.

316 1865 340 1923 l.
362 1865 462 1924 Diesis
484 1873 553 1924 ante
574 1865 624 1924 vel
646 1874 714 1941 post
734 1867 921 1923 semitonium
943 1865 1113 1940 regulariter
1134 1881 1193 1923 non
1217 1867 1337 1924 canitur.

316 1951 357 2010 Il.
379 1952 449 2010 Duo
471 1954 634 2024 semitonia,
662 1950 732 2011 licet
755 1951 891 2028 deinceps
914 1952 1082 2012 ordinentur
1104 1954 1133 2009 in
1157 1953 1258 2012 ordine
1280 1955 1467 2013 minimorum
1486 1955 1578 2014 inter·

231 2038 375 2098 vallorum
397 2042 500 2115 capitis
525 2043 553 2111 l,
576 2056 634 2098 non
657 2047 781 2115 possunt
803 2049 899 2099 tamm
922 2041 1016 2098 tribus
1036 2041 1116 2099 sonis
1140 2038 1276 2116 deinceps
1296 2043 1369 2115 cani,
1393 2040 1446 2100 sed
1468 2039 1578 2101 debent

230 2142 296 2185 eum
321 2127 435 2186 duobus
458 2128 524 2186 aliis
548 2126 699 2185 elementis
722 2130 750 2184 in
774 2127 847 2186 duos
870 2137 956 2186 tonos
979 2125 1152 2187 coalescere.

317 2213 372 2272 ΠΙ.
396 2216 464 2273 Duo
486 2216 640 2273 semitonia
662 2216 738 2273 intra
761 2214 943 2291 complexum
967 2217 1052 2273 unius
1076 2221 1197 2290 quartae
1220 2213 1267 2273 vel
1290 2215 1419 2291 quintae,
1441 2231 1517 2291 qnae
1539 2216 1580 2274 sit

230 2304 290 2359 imo
321 2300 388 2361 loco
418 2301 518 2361 sceleti
544 2309 682 2375 octavae,
713 2301 856 2361 ordinarie
887 2319 944 2361 non
968 2311 1118 2360 canuntur.
1163 2302 1239 2361 Nam
1261 2301 1434 2376 efficeretur,
1465 2310 1499 2361 ut
1520 2318 1579 2362 vox

232 2387 333 2449 ordine
362 2397 466 2466 quarta
495 2389 543 2448 vel
566 2391 668 2464 quinta
698 2406 755 2448 non
780 2400 952 2449 consonaret
975 2408 1041 2448 cum
1068 2393 1177 2466 prima,
1207 2407 1303 2465 neque
1331 2390 1458 2468 perfecte
1485 2406 1581 2467 neque

233 2476 417 2553 imperfecte,
440 2479 541 2552 itaque
563 2493 620 2535 non
644 2484 723 2536 esset
745 2486 850 2552 quarta
873 2477 921 2537 vel
943 2479 1045 2553 quinta
1068 2493 1146 2536 vere.

318 2562 372 2622 IV.
397 2563 530 2639 Quatuor
552 2567 613 2623 toni
636 2563 773 2641 deinceps
795 2581 853 2623 non
878 2572 1035 2639 canuntur,
1058 2566 1114 2621 nisi
1136 2564 1167 2620 in
1189 2579 1324 2638 suprema
1344 2572 1467 2623 ceurae
1489 2569 1581 2641 parte,

234 2648 354 2727 quando
377 2652 482 2711 coloris
505 2661 535 2712 et
558 2653 705 2711 varietatis
730 2669 819 2710 causa
841 2660 969 2710 mutatur
991 2651 1137 2726 sccleton,
1159 2666 1218 2708 non
1242 2651 1329 2724 igitur
1352 2648 1503 2710 ordinarie.

320 2738 359 2799 V.
384 2738 516 2815 Septima
539 2748 567 2798 et
596 2741 694 2797 omnia
717 2738 836 2799 dissona
857 2758 946 2816 supra
969 2747 1120 2815 octavam,
1153 2739 1233 2796 sonis
1260 2744 1328 2813 post
1349 2735 1475 2796 radicem
1498 2735 1582 2797 dein-

233 2843 302 2903 ceps
326 2825 483 2900 ordinatis,
514 2844 572 2885 non
596 2833 738 2886 canuntur
760 2822 921 2896 ordinarie,
952 2827 1008 2885 ulai
1030 2824 1208 2903 praecedens
1230 2822 1340 2883 habeat
1366 2822 1581 2900 quodammodo

233 2916 377 2983 rationem
398 2913 479 2986 finis,
503 2931 628 2990 sequens
651 2916 791 2973 rationem
814 2916 884 2973 novi
906 2915 991 2973 tuitii.
1513 2910 1518 2917 ’

234 3022 714 3209 ff
818 3062 871 3123 VI.
895 3061 1016 3134 Sextas,
1048 3063 1102 3120 etsi
1133 3075 1294 3132 consonae,
1332 3058 1424 3117 rarius
1450 3055 1582 3117 admitti·

732 3166 811 3223 mus,
835 3160 864 3210 et
887 3156 1000 3210 tantm
1021 3151 1156 3207 minores.

314 3229 339 3269 In
374 3240 409 3270 me
442 3229 713 3269 trans-l·e·runt.

322 3318 390 3379 VII.
413 3317 612 3381 Tetrachorda
635 3318 692 3378 duo
716 3319 800 3376 unius
826 3323 958 3387 octavae,
981 3331 1039 3373 non
1062 3314 1203 3372 existente
1226 3308 1328 3371 eodem
1348 3308 1413 3369 loco
1435 3310 1582 3368 semitonii

235 3410 263 3465 in
287 3424 388 3466 eorum
410 3414 548 3482 utroque,
578 3409 670 3465 rarius
693 3412 851 3479 cantentur,
879 3402 989 3462 seilicet
1020 3400 1125 3461 coloris
1148 3416 1238 3458 causa
1267 3406 1317 3457 aut
1339 3398 1582 3474 syncopationum
1686 3428 1689 3433 <

236 3490 288 3576 (dc
312 3495 419 3571 quibus
441 3496 536 3568 capite
563 3489 645 3573 16.),
668 3511 762 3569 neque
786 3501 882 3551 tamen
905 3490 1023 3549 libertas
1047 3495 1092 3547 est
1113 3504 1192 3545 mera
1213 3486 1329 3545 locandi
1351 3485 1512 3560 semitonii,
1534 3502 1583 3546 re·

235 3584 388 3669 stringitur
410 3584 486 3641 enim
509 3580 547 3639 ad
571 3599 637 3640 eum
660 3580 766 3655 locum,
792 3596 879 3654 quem
901 3576 1029 3649 admittit
1049 3591 1142 3652 genus
1167 3581 1278 3634 cantus.

236 3705 1130 3885 &fflfflffi*
1152 3697 1584 3855 {liz-²³⁵3

323 3917 408 3977 VIII.
432 3917 527 3978 Alline
552 3924 595 3976 est
615 3916 679 3989 hoc,
704 3914 783 3991 quod
805 3922 863 3973 tres
886 3914 946 3972 toni
970 3911 1106 3986 deinceps
1134 3911 1193 3968 imo
1214 3909 1280 3969 loco
1304 3915 1426 3967 octavae
1448 3922 1506 3966 non
1529 3922 1581 3965 ca-

237 4014 359 4082 nuntur3
382 4016 413 4065 at
435 4007 569 4082 superius
591 4003 782 4063 admittuntur
805 4002 919 4079 legibus
938 3998 1000 4075 jam
1025 3999 1119 4057 dictis.

1088 4122 1584 4134 ...-—.-—-—-..-——-———-

240 4132 1584 4329 fflfflfflssl-LL„

327 4380 384 4440 DL
408 4380 476 4439 Duo
499 4379 653 4437 semitonia
681 4379 710 4434 in
734 4393 823 4434 unum
846 4384 945 4434 tonum
974 4367 1144 4430 naturaliter
1170 4383 1228 4425 non
1252 4365 1425 4439 conflantur,
1455 4364 1525 4427 licet
1546 4365 1585 4424 sit

1046 4472 1169 4533 parvum
1191 4456 1220 4511 in
1243 4452 1345 4512 auditu
1367 4451 1529 4524 discrimen,
1551 4457 1585 4509 ut

243 4504 1010 4659 HQQ'ffl—‘Q
1046 4545 1072 4601 si
1096 4550 1201 4600 octava
1229 4542 1348 4616 incipiat
1375 4539 1412 4599 ab
1431 4539 1481 4614 cs,
1510 4540 1585 4597 inter

1046 4647 1089 4707 ⁰92
1102 4628 1140 4706 do
1151 4628 1232 4687 fieret
1242 4644 1270 4684 n.
1280 4626 1463 4686 intervallum
1482 4620 1586 4707 wilm

246 4745 280 4787 ex
301 4728 528 4806 compositione,
552 4723 630 4801 quod
651 4720 822 4783 naturaliter
843 4727 887 4780 est
908 4720 1127 4794 inconcinnum,
1149 4713 1216 4778 vide
1238 4732 1302 4794 cap.
1327 4717 1355 4773 4,

295 4840 388 4890 Rsplerl
402 4837 476 4890 open
489 4836 517 4877 V.
1393 4819 1429 4876 12
