3872 5846
761 320 907 385 utinum
926 328 1054 399 (ispst'l.
1512 344 1574 406 ppp
1611 320 1614 325 '

225 501 357 573 temnis,
373 510 442 572 puts
458 509 561 559 rectum
577 509 608 558 et
624 516 744 569 omnum,
761 510 906 573 monetque
923 502 1055 573 cis-culpe
1078 504 1126 574 qui
1144 511 1210 560 snut
1226 504 1254 558 iu
1270 503 1333 575 ipsa
1349 506 1576 568 intellectualiter.

225 581 322 653 Omnia
339 597 405 650 ergo
425 583 616 641 mathematica
638 582 754 650 pmmnm
777 590 842 638 aunt
864 584 893 639 in
909 582 1017 651 anime,
1041 589 1070 638 et
1093 588 1157 639 ante
1175 598 1300 639 numos
1323 589 1429 645 numeri
1450 604 1480 644 se
1502 590 1577 661 ipses

225 668 379 731 mouentes,
403 670 431 721 et
448 662 630 730 antengnsns
649 670 812 730 apparentes
830 661 933 733 figurae
950 661 1062 730 uitales,
1090 668 1118 725 at
1135 668 1199 721 aute
1218 661 1382 723 concordata
1407 667 1451 725 nai
1463 671 1577 731 conch,

225 749 290 795 nata
305 741 386 811 ipsae
400 741 521 799 ratores
540 740 792 799 concordantiarum
812 757 861 799 seu
879 741 1063 807 harmonicae,
1076 746 1110 794 et
1126 747 1190 797 ente
1209 754 1331 810 corpora,
1349 758 1420 812 quae
1437 755 1578 807 nocentur

224 814 252 872 in
270 814 407 883 circulum,
425 818 477 888 ipsi
495 818 665 887 inconspicui
683 818 750 888 cycli
769 818 870 875 conditi
887 827 961 875 aunt:
981 826 1077 893 estque
1094 816 1185 873 anima
1206 817 1324 873 omnium
1341 836 1432 879 rerum
1452 840 1576 883 consum·

225 898 306 953 matio
330 905 358 950 et
376 898 444 952 haec
463 906 505 952 est
522 897 663 952 exornatio
685 895 819 967 quaedam
842 892 896 951 alia
914 900 1032 967 (praeter
1050 894 1204 961 sensilem),
1229 910 1299 964 quae
1318 886 1345 953 et
1363 899 1424 968 ipsa
1442 903 1576 985 seipsam

225 974 335 1030 adducit
352 976 396 1041 (ad
414 978 477 1047 res),
495 984 523 1030 et
541 991 558 1030 a
575 974 698 1030 familiari
717 983 745 1030 et
763 981 877 1044 cognato
897 975 1029 1045 principio
1049 973 1204 1044 adducitur,
1229 990 1353 1048 quaeque
1371 980 1426 1033 vita
1444 988 1474 1034 et
1490 982 1546 1037 sei

218 1069 281 1109 sam
299 1053 394 1123 implet
412 1061 439 1109 et
457 1070 474 1108 a
492 1055 620 1109 creatora
637 1052 764 1123 impletur
785 1054 944 1122 incorporeo
963 1063 991 1109 et
1008 1050 1149 1108 indistanti
1174 1052 1263 1106 modo.
1308 1053 1538 1135 („N0n10ngpp
1554 1060 1576 1103 's

224 1146 269 1195 cst
292 1138 337 1195 ah·
353 1153 547 1214 unoquoque3
570 1140 600 1194 in
622 1138 686 1212 ipso
711 1138 855 1209 vivimus,
883 1152 1035 1195 movemur
1057 1144 1086 1198 et
1108 1135 1253 1215 sumus.“)
1288 1136 1325 1190 Et
1342 1137 1577 1207 cumproierter-

224 1218 364 1288 plicatqne
382 1220 502 1275 mdcnes
520 1219 592 1287 ejns,
616 1224 681 1273 tunc
700 1226 727 1273 et
745 1216 872 1274 somnias
892 1219 994 1287 detegis
1011 1235 1105 1275 ornnes
1131 1226 1159 1274 et
1177 1220 1301 1274 mantea
1338 1217 1514 1273 Esserrtiatnr
1529 1218 1577 1288 lgi-

224 1308 273 1352 tar
288 1300 316 1353 in
334 1299 410 1353 hisce
426 1298 570 1368 speciebus
588 1298 690 1366 anima,
715 1312 765 1352 nec
784 1297 1006 1364 emadmsndnrn,
1034 1312 1188 1369 nnmerum,
1216 1300 1262 1368 qul
1280 1300 1309 1352 in
1325 1298 1385 1367 ipsa
1407 1297 1490 1365 ineat,
1517 1313 1577 1354 esse

224 1374 423 1432 muhitndr'nam
441 1378 587 1442 unitatum,
604 1390 693 1444 nequa
710 1374 798 1430 forma
814 1384 842 1429 et
858 1376 920 1430 idea
938 1389 1040 1444 eornm,
1061 1393 1130 1448 quaa
1149 1377 1217 1433 locis
1235 1384 1301 1433 sunt
1318 1375 1495 1445 dislooalrilip,
1513 1378 1577 1432 snb

223 1454 360 1513 salienm
380 1464 423 1511 est
446 1471 590 1525 corpores,
619 1455 670 1510 aed
686 1453 775 1509 omnia
793 1453 910 1510 ritaliter
936 1461 964 1509 et
988 1456 1214 1519 intellectualiter
1235 1454 1416 1526 supponenda
1440 1463 1468 1511 et
1483 1453 1576 1523 prima

229 1532 356 1602 exempla
372 1534 561 1603 apparentium
578 1548 752 1589 numerorum
768 1541 798 1589 ct
814 1532 961 1602 figurarum
979 1541 1008 1589 et
1026 1535 1161 1593 rationum
1179 1542 1207 1590 et
1223 1543 1358 1601 motuum3
1378 1540 1407 1589 et
1423 1532 1577 1600 coqnendus

225 1610 274 1667 hic
292 1611 428 1679 Timaeus,
447 1614 494 1682 qui
512 1627 618 1667 omnem
634 1610 722 1681 ipsius
739 1620 827 1667 ortum
847 1619 875 1667 et
891 1612 1021 1669 fabricam
1044 1632 1061 1670 a
1078 1613 1222 1683 generibus
1239 1612 1436 1669 mathematicis
1455 1627 1577 1669 constum-

230 1698 286 1742 mat
304 1697 333 1744 et
350 1690 457 1761 perficit
479 1692 561 1761 inque
578 1692 638 1760 ipsa
660 1706 750 1746 rerum
777 1692 895 1751 omnium
920 1707 1016 1747 causas
1040 1692 1157 1761 reponit.
1193 1692 1301 1763 Septem
1320 1691 1390 1753 enim
1412 1688 1452 1744 illi
1470 1688 1577 1753 termini

226 1784 398 1825 numerorum
427 1768 546 1824 omnium
568 1764 651 1845 (puto
678 1768 704 1837 1,
728 1767 757 1839 2,
783 1764 812 1841 4,
838 1766 874 1843 83
899 1768 927 1837 3,
949 1770 978 1839 9,
1001 1764 1220 1848 inserendum
1242 1785 1352 1827 causam
1377 1768 1480 1839 inipso
1500 1784 1577 1839 prae·
1653 1820 1655 1827 .

227 1849 398 1903 exstiterunt
435 1850 553 1905 Rursum
579 1847 726 1919 figurarum
745 1847 877 1917 principia
900 1848 1110 1905 architectonice
1136 1866 1185 1905 seu
1203 1848 1293 1905 fabrili
1310 1846 1389 1904 modo
1414 1848 1441 1901 in
1458 1847 1519 1917 ipsa
1536 1864 1577 1903 re·

225 1925 316 1993 posita
333 1935 405 1997 sunt,
424 1936 452 1981 et
469 1934 589 1980 motuum
608 1926 725 1980 omnium
743 1927 846 1995 primus
864 1932 892 1981 et
910 1927 1160 1999 principalissimus,
1181 1928 1226 1997 qui
1238 1934 1328 1982 motus
1345 1925 1466 1994 reliquos
1484 1936 1576 1981 omnes

226 2004 375 2060 circumdat
392 2007 548 2073 incitatque,
568 2022 623 2066 una
642 2022 702 2059 eum
720 2005 781 2075 ipsa
799 2005 918 2074 exsutit3
945 2009 1063 2061 omniurn
1081 2007 1151 2061 enim
1170 2020 1240 2076 qnae
1257 2012 1399 2060 monentur
1416 2004 1576 2074 principium

226 2091 269 2138 ast
284 2083 402 2140 circulus
419 2095 448 2139 et
465 2085 719 2153 motnsdcircnlaris.
762 2084 832 2147 Sunt
848 2084 933 2154 igliur
951 2086 1114 2140 essentiales
1131 2091 1159 2139 et
1176 2099 1207 2140 se
1223 2084 1299 2154 ipsas
1316 2088 1455 2138 moventes
1473 2083 1576 2138 metire

225 2163 383 2218 mansarum
399 2179 491 2218 rerum
509 2164 641 2233 rabones,
668 2178 741 2232 quac
757 2170 945 2225 consummant
963 2165 1083 2218 animas:
1106 2179 1175 2234 ques
1199 2163 1288 2221 aalma
1311 2160 1452 2231 protenus
1470 2168 1499 2214 et
1513 2160 1586 2229 pro·'

226 2257 331 2312 pagana
357 2241 537 2314 evolvensque
563 2254 671 2298 amnem
688 2241 844 2298 uarietatem
872 2243 1048 2297 scientiarum
1065 2240 1316 2299 mathematicorum
1339 2238 1405 2295 lacit
1422 2239 1575 2295 subantem.

225 2321 322 2390 Neque
340 2322 392 2379 erit
408 2335 543 2390 nuquam,
569 2328 600 2377 ut
616 2321 723 2377 desitum
738 2321 788 2377 illa
804 2322 966 2391 progignere
984 2329 1013 2374 et
1030 2335 1127 2379 eruere
1144 2335 1252 2389 semper
1269 2317 1323 2375 alia
1339 2327 1404 2387 post
1419 2318 1487 2385 alia,
1512 2317 1575 2375 duan

225 2399 345 2457 rationes
362 2414 428 2455 ausa
444 2398 622 2471 impartibiles
646 2398 818 2471 simplicitate
842 2401 928 2457 exuit.
964 2398 1060 2457 Omnia
1085 2399 1156 2455 enim
1177 2398 1253 2469 priua
1275 2396 1398 2467 accepit,
1425 2396 1576 2464 specierum

224 2479 379 2551 principum
406 2486 435 2534 et
457 2481 654 2549 primaararum
684 2478 713 2532 in
737 2478 846 2534 modum
869 2487 900 2551 ⁴et
928 2477 1078 2535 secuudum
1106 2477 1238 2533 inlinitum
1262 2470 1339 2531 suam
1364 2474 1519 2531 facultatem
1542 2488 1577 2529 ex

128 2598 134 2615 .
227 2558 368 2635 principiis
388 2559 543 2629 anticipatis
568 2558 663 2625 omnis,
672 2557 778 2627 generis
791 2556 1012 2633 'speculationum
1034 2558 1245 2627 propagationes
1263 2554 1463 2611 architectatur.
1494 2548 1577 2609 Hac·

228 2646 313 2701 tenus
336 2640 468 2705 Procius.
1163 2708 1166 2713 ἕ
1498 2636 1502 2645 ’

314 2727 422 2788 Totum
443 2727 541 2788 locum
564 2731 725 2789 exscribere
750 2727 844 2801 volui,
875 2726 946 2803 quia
972 2732 1166 2785 contactum
1195 2722 1338 2804 genuinos
1361 2716 1576 2785 harmoniarum

227 2817 377 2890 terminos,
399 2817 521 2883 circulos
546 2825 575 2879 et
596 2834 681 2883 traua
697 2836 715 2879 a
730 2816 830 2895 liguris
844 2817 993 2889 rescissus,
1010 2816 1085 2873 iuter
1101 2825 1196 2875 cetera
1212 2814 1417 2873 mathematica
1435 2817 1463 2869 in
1478 2813 1577 2872 antima

228 2900 317 2979 inque
340 2912 437 2963 mente
460 2890 563 2965 statuit
586 2900 790 2977 essentialiter,
822 2904 864 2965 sic
886 2910 919 2961 ut
947 2900 1022 2985 baec
1044 2898 1251 2963 mathematica
1273 2898 1344 2960 liant
1373 2898 1428 2978 ipsi
1460 2900 1576 2961 animae

228 2992 416 3067 vicissimque
445 2993 543 3051 anima
573 2992 645 3070 ipsis
666 2989 706 3071 (in
735 2997 876 3067 quantum
904 2998 973 3049 sunt
1004 2998 1115 3049 secreta
1147 3008 1166 3048 a
1196 2986 1403 3067 singularibus)
1431 2985 1576 3063 quaedam

230 3062 310 3137 velut
332 3081 474 3153 essentia,
503 3078 666 3141 sedetiam
691 3080 760 3154 quia
783 3077 854 3137 mihi
877 3075 984 3135 similia
1012 3075 1167 3153 proferenti
1199 3074 1288 3135 demit
1310 3074 1452 3134 invidiam
1476 3074 1575 3149 rejecti

227 3164 385 3225 hincinde
409 3164 584 3240 Aristotelia,
609 3177 761 3242 totamque
785 3162 860 3224 hanc
883 3160 1098 3241 philosophiam
1123 3164 1227 3225 eximie
1250 3160 1441 3225 commendat.

315 3267 363 3329 De
383 3271 510 3329 numeris
532 3268 648 3345 quidem
671 3269 749 3329 haud
774 3267 989 3343 concedetur,
1016 3270 1086 3344 quin
1111 3267 1283 3331 Aristoteles
1305 3273 1384 3331 recte
1410 3266 1577 3327 refutaverit

226 3354 456 3431 Pythagoricum
478 3366 546 3421 sunt
569 3360 646 3421 enim
667 3357 709 3414 illi
733 3355 877 3417 secundae
900 3354 1117 3431 quodammodo
1141 3355 1318 3427 instentionia,
1341 3355 1405 3431 ine,
1422 3362 1452 3413 et
1474 3355 1576 3414 tertiae

228 3452 258 3501 et
279 3452 400 3519 quartae
423 3453 452 3504 et
475 3443 559 3519 cujus
587 3461 645 3504 non
675 3452 718 3509 eat
749 3444 844 3507 dicere
873 3446 1043 3518 terminump
1070 3460 1125 3503 uec
1156 3442 1265 3507 habent
1293 3443 1322 3503 in
1344 3458 1376 3503 ae
1409 3442 1575 3516 quicquam,

228 3529 307 3605 quod
330 3547 388 3591 uon
412 3529 462 3591 uel
479 3550 500 3591 a
521 3532 745 3607 quantitatibus,
770 3531 816 3589 vel
839 3531 877 3593 ab
900 3530 968 3589 aliis
985 3528 1061 3590 veris
1084 3540 1113 3590 et
1134 3529 1400 3601 realihuaentlbua,
1425 3527 1576 3589 ueletiam

222 3634 248 3690 a
271 3619 358 3677 uariis
380 3620 486 3689 mentis
507 3619 717 3683 intentionibus
739 3621 920 3695 acceperintp
951 3621 1049 3693 itaque
1071 3635 1126 3676 rrec
1149 3618 1311 3679 Platonicis
1332 3616 1474 3689 numeris,
1504 3630 1577 3677 ooa-

229 3698 355 3765 vereiorii
379 3705 657 3781 rerumpublicarum
678 3707 803 3777 tributis,
826 3722 900 3782 quoe
917 3705 1049 3767 Bodinus
1073 3707 1102 3767 in
1125 3705 1263 3765 methodo
1281 3704 1466 3771 historiarum
1489 3717 1577 3761 usur-

225 3794 288 3869 pat,
307 3808 365 3855 nec
387 3792 589 3859 climacterioia
610 3793 694 3855 dictis
716 3802 834 3868 propter
855 3792 973 3869 quidam
995 3809 1028 3852 se
1051 3794 1131 3869 ipsos
1153 3795 1312 3869 quicquam
1334 3790 1440 3865 tribuo,
1467 3790 1522 3853 nisi
1546 3789 1575 3845 in

226 3887 373 3956 qnantum
400 3881 421 3937 ii
443 3880 641 3941 revolutiones
671 3888 814 3943 asuerum
842 3880 1161 3957 configuratlounmque
1184 3889 1356 3953 numerant;
1379 3886 1413 3936 ut
1434 3893 1526 3954 nuper
1549 3877 1577 3937 iu

226 3965 441 4044 prolegomenis
467 3967 689 4044 Ephemeaidum
709 3984 769 4027 non
789 3968 913 4031 obscure
935 3966 1111 4044 significavi.

316 4070 357 4131 Ar
384 4070 463 4145 quod
495 4073 601 4131 attinet
627 4072 806 4147 quantitates
836 4072 1008 4144 continuas,
1043 4074 1162 4131 omniuo
1190 4076 1335 4132 usurum
1361 4070 1487 4145 Protin,
1521 4071 1576 4135 siai

227 4160 321 4217 oratis
345 4156 410 4216 linit
429 4160 486 4234 ipsi
508 4161 644 4221 torrentia
667 4160 773 4232 mator,
801 4159 1048 4235 ripsapinundans
1077 4168 1110 4219 st
1140 4176 1229 4220 caeca
1250 4159 1468 4219 dubitationum
1499 4156 1577 4219 sads

227 4246 417 4323 gugltesqpe
438 4245 599 4320 occultans,
623 4246 695 4305 duat
712 4245 905 4322 mess·plana
926 4247 1089 4322 maiestatis
1110 4253 1257 4307 mnwum
1278 4263 1374 4305 rerum
1398 4245 1526 4307 insuetur
1547 4246 1577 4305 ln

227 4335 370 4408 angustiis
386 4333 510 4408 linguae,
534 4341 564 4394 st
587 4333 746 4407 conclusio,
769 4350 917 4409 nunquam
940 4334 996 4393 sibi
1019 4335 1074 4412 ipsi
1098 4335 1254 4395 verborum
1276 4336 1362 4409 copis
1383 4332 1576 4405 rummiens,

226 4421 459 4499 propositionum
480 4421 697 4497 simplicitatem
720 4418 843 4481 excedit.
888 4417 1001 4497 Opr'nror
1021 4422 1121 4497 igitnn
1142 4423 1265 4482 simam
1289 4437 1344 4497 ego
1363 4421 1500 4495 rationes,
1526 4438 1577 4480 cnr
1620 4484 1624 4493 ,

227 4507 387 4567 harmoniis
410 4508 603 4569 insensilibus
631 4506 771 4583 circulum
798 4506 1025 4568 intellectualem
1055 4508 1178 4585 ejusque
1207 4516 1307 4585 partes
1335 4509 1474 4568 terminus
1503 4522 1577 4569 oos-

227 4596 364 4667 stituam,
390 4594 454 4669 jam
476 4595 653 4670 subiunnero
681 4594 848 4678 (conceptas
877 4598 958 4673 prius
981 4613 1070 4672 quam
1092 4594 1226 4655 Proclum
1253 4593 1415 4675 legissem),
1447 4611 1492 4653 me
1515 4611 1575 4653 non

228 4688 341 4741 tantum
373 4689 569 4741 swaentanaa
589 4683 697 4743 Proclo
728 4681 885 4755 dicturum,
914 4681 966 4742 sed
995 4685 1082 4742 stiam
1112 4680 1316 4757 compendium
1337 4681 1487 4758 quoddam
1517 4680 1575 4740 loci

229 4765 367 4847 descripti
389 4766 547 4843 iacturum,
571 4778 713 4843 quantum
736 4769 855 4846 quidem
877 4768 927 4829 lile
949 4782 1015 4829 meo
1038 4770 1130 4828 scrut
1150 4770 1295 4827 instituto.
