3840 5854
784 1825 863 1886 Am

262 1993 531 2066 serenissimum
558 1992 594 2064 'et
618 1990 896 2063 Potentissimum
922 1987 1115 2080 Principem
1142 1992 1179 2063 et
1204 1988 1384 2062 Dominum

634 2157 675 2250 i.
715 2154 1012 2265 enutriti,

192 2351 324 2432 magnas
345 2350 530 2427 semna,
563 2351 722 2428 masna,
743 2351 903 2414 nemmem
924 2326 1050 2430 aare
1080 2350 1166 2413 orsu
1187 2349 1378 2412 nemnem
1398 2355 1453 2411 aa
1487 2314 1491 2321 ’

533 2470 693 2533 Dominum
714 2488 811 2534 meum
834 2468 1108 2535 ciemsnessrmum.

236 2663 297 2725 Cur
320 2663 375 2725 hoe
397 2681 452 2741 ogo
474 2662 665 2726 Harmonicee
692 2660 783 2724 libros
805 2663 878 2722 inter
900 2661 1032 2723 homines
1055 2661 1228 2741 vulgandos,
1252 2681 1288 2725 ex
1309 2663 1497 2745 Imperatoris

156 2751 375 2829 Angustissimi,
408 2751 526 2811 Domini
552 2753 625 2825 mei,
653 2749 735 2826 aula,
766 2751 887 2827 exejus
915 2748 1025 2827 Regnie
1047 2758 1076 2811 et
1104 2750 1267 2813 Provinciis
1295 2750 1497 2817 haereditariis

156 2839 332 2913 maniacis,
362 2856 398 2899 ex
425 2841 491 2918 ipsa
513 2837 639 2916 deniqne
661 2835 832 2909 Germania,
862 2845 942 2897 mans
971 2853 1052 2897 mare
1082 2838 1250 2914 ablegatam
1279 2846 1403 2917 tuoque,
1432 2838 1497 2899 Rex

155 2925 270 3007 Inclyta,
295 2930 465 3005 conspectui
486 2927 670 2988 serenissimo
691 2928 837 2988 sisterem:
862 2942 966 2986 causas
987 2924 1078 2986 habui
1100 2927 1206 3005 partim
1228 2934 1405 3005 praesentes,
1428 2943 1497 3005 par·

156 3016 203 3073 tim
225 3016 376 3091 antiquas.
869 3020 877 3040 ‘

232 3101 366 3161 Primum
387 3102 464 3161 enim
485 3100 541 3161 hoc
563 3118 622 3160 non
643 3099 772 3161 alienum
793 3118 812 3160 a
832 3116 898 3161 meo
920 3110 1039 3161 munus
1060 3101 1179 3179 putavi,
1207 3107 1241 3161 nt
1270 3102 1340 3179 qnia
1363 3098 1498 3161 Caesarie

155 3187 230 3250 inre
251 3189 460 3249 mathematica
481 3186 626 3267 stipendia
646 3204 759 3264 mereo,
783 3187 1009 3250 demonstrarem
1030 3188 1119 3266 igitur
1140 3191 1229 3249 etiam
1251 3189 1376 3264 exteris,
1400 3206 1497 3266 quan·

66 3294 69 3303 ¹
153 3281 208 3334 tam
227 3284 344 3353 gereret
365 3274 580 3354 providentiam
601 3274 739 3354 Princeps
754 3273 837 3354 Reip.
854 3273 1035 3336 Christianae
1052 3275 1299 3336 divinissimorum
1320 3275 1497 3336 studiorum:

153 3368 183 3420 nt
201 3363 411 3440 intelllgeretnr
439 3380 475 3423 ex
498 3379 585 3439 cursu
603 3379 662 3421 non
683 3363 873 3424 interturbato
897 3363 976 3441 pacis
1000 3371 1233 3424 omamentornm
1263 3381 1314 3443 per
1344 3363 1398 3423 has
1425 3382 1496 3442 pro·

154 3451 276 3526 docies,
308 3450 417 3510 samam
442 3451 570 3517 intestini
597 3448 668 3510 belli
689 3451 837 3510 sinistram
864 3467 930 3510 cum
956 3452 1022 3529 ipss
1048 3469 1079 3512 re
1102 3451 1207 3530 procul·
1226 3451 1315 3510 dnbio
1339 3451 1421 3512 brevi
1445 3470 1501 3512 ex·

153 3537 287 3597 stinctum
309 3539 360 3612 iri3
389 3535 658 3614 dissonantiamque
679 3535 756 3597 hanc
782 3536 870 3616 paulo
894 3537 1053 3610 duriorem,
1082 3546 1115 3598 ut
1137 3542 1167 3597 in
1189 3538 1339 3617 pathetica
1360 3536 1499 3609 melodia,

43 3642 45 3709 p
151 3621 349 3701 jamjamque
371 3625 402 3683 in
423 3641 544 3683 suavem
568 3622 729 3684 clausulam
750 3625 917 3707 desituram.
962 3624 1057 3700 Quem
1079 3643 1150 3686 vero
1173 3627 1312 3687 bonitatis
1333 3624 1500 3704 Imperato-

154 3711 210 3771 riae
232 3711 396 3788 digniorem
416 3713 633 3772 aestimatorem
653 3710 735 3790 Rege
757 3729 881 3789 magno,
913 3729 1001 3789 quem
1031 3714 1127 3792 operis
1150 3712 1186 3773 de
1210 3713 1358 3774 coelorum
1380 3712 1499 3772 nmmo·

154 3799 208 3872 nia,
231 3798 432 3877 Pythagoram
453 3798 611 3860 redolentis
635 3805 665 3859 et
684 3798 846 3875 Platonem,
871 3802 1138 3861 convenientiorem
1162 3800 1323 3861 Patronem
1345 3799 1427 3875 Rege
1449 3798 1499 3859 illo

152 3881 294 3961 legissem,
318 3887 368 3963 qni
390 3885 559 3948 Platonicae
581 3888 742 3966 sapientiae
764 3887 893 3947 studium
915 3886 1083 3948 domesticis
1097 3891 1302 3969 monumentis,
1325 3904 1403 3964 quae
1425 3888 1498 3947 snb·
1573 3890 1578 3901 '
1608 3888 1619 3909 '

155 3970 276 4032 ditornm
299 3976 488 4035 veneratione
517 3976 605 4035 etiam
634 3968 753 4053 publica
779 3974 938 4051 habemns,
970 3981 1015 4035 est
1041 3974 1185 4036 testatus?
1214 3977 1263 4054 qui
1294 3977 1500 4035 astronomiam

154 4057 300 4137 Pythonis
323 4060 445 4137 Brahei,
474 4063 520 4121 cui
549 4079 622 4141 opus
650 4061 707 4121 hoc
735 4063 879 4134 innititur,
912 4080 984 4142 puer
1006 4061 1102 4123 adhuc
1125 4065 1300 4124 ornamentis
1323 4063 1432 4138 ingenii
1454 4065 1501 4121 sui

155 4144 269 4224 dignam
291 4148 427 4209 censuit?
456 4151 508 4227 qui
530 4147 654 4228 deniqne
676 4150 722 4208 vir
743 4150 837 4210 iactus
861 4153 995 4229 stregai
1018 4150 1216 4230 gubernacula
1238 4158 1382 4223 tractans,
1406 4156 1502 4208 astro·

154 4230 278 4311 logicam
292 4239 452 4297 vanitatem
473 4236 595 4315 publica
617 4254 739 4299 censura
760 4237 896 4298 notavit?
919 4256 996 4316 qnae
1018 4257 1098 4315 sane,
1121 4240 1197 4299 libro
1219 4238 1306 4314 huius
1333 4237 1428 4314 operis
1446 4234 1499 4296 IV.

155 4319 271 4384 deuotis
300 4326 378 4385 serie
404 4323 612 4386 fundamentis·
630 4325 784 4386 effectuum
811 4324 995 4402 sideralium,
1027 4325 1183 4387 clarissime
1205 4327 1345 4404 patescitz
1376 4332 1409 4384 nt
1430 4322 1502 4383 nulli

156 4405 272 4470 dubium
293 4428 358 4473 esso
379 4413 487 4490 possit,
510 4415 581 4490 quin
604 4415 694 4474 totius
715 4410 804 4490 lnnjus
826 4414 924 4492 operis
947 4415 1135 4491 omniumque
1158 4414 1222 4490 eJus
1244 4414 1371 4491 partium
1391 4414 1432 4472 sis
1454 4412 1502 4473 iu-

156 4500 233 4558 turus
255 4497 546 4576 intelligentissimus.

240 4584 338 4662 Maior
359 4604 428 4647 vero
450 4587 523 4646 mihi
545 4605 634 4648 cansa
661 4585 854 4648 dedicationis
884 4600 919 4647 ex
946 4589 1068 4666 antiqno
1099 4594 1143 4649 eet
1165 4588 1231 4647 ista
1277 4586 1352 4646 Cum
1379 4588 1502 4666 primum

156 4678 221 4731 ante
242 4689 338 4733 annos
356 4672 445 4752 paulo
468 4676 562 4735 minus
583 4676 689 4752 viginti
704 4677 854 4737 materiam
868 4677 964 4755 operis
985 4678 1081 4735 animo
1106 4677 1304 4753 concepissem
1327 4675 1501 4751 titulumque

155 4769 382 4842 nuncupassem,
403 4761 532 4823 nondum
554 4764 677 4840 cognitis
699 4762 881 4842 planetarum
903 4764 1033 4823 motibus
1055 4762 1193 4840 propriis,
1223 4764 1252 4820 in
1275 4763 1382 4840 quibus
1405 4771 1501 4823 mmen

156 4845 249 4909 inesse
270 4846 436 4910 harmonias
458 4850 610 4910 instinctus
626 4859 746 4910 naturas
763 4850 908 4910 dictabat:
929 4851 990 4927 jam
1013 4857 1082 4909 tune
1105 4866 1160 4926 ego
1185 4852 1377 4929 patrocinium
1396 4852 1500 4929 operis,

43 4954 44 4979 t
156 4935 318 5011 donando
340 4935 370 4997 id
393 4935 560 4999 succederet
574 4938 799 5013 absolutumque
825 4945 910 5011 esset,
933 4936 1087 5013 Majestati
1110 4944 1178 4998 tuae
1200 4937 1364 5015 destinavi3
1386 4937 1501 5013 hocque
