3872 5846
607 425 788 483 Harmoniois.
822 426 905 485 Lines
922 427 970 483 111.
989 428 1078 497 Caput
1093 429 1149 484 XV.
1489 434 1549 495 lui

214 607 242 659 at
262 608 362 661 seme
392 619 458 662 cum
480 605 586 679 prima,
618 607 668 681 qui
693 622 762 666 vero
785 623 821 665 ex
844 604 923 665 Fet
944 625 969 680 e,
1001 609 1199 668 consonantiis
1227 616 1347 669 utuntur
1370 607 1550 684 adulterinis,

208 687 279 746 inira
300 696 406 763 quarta
427 692 531 766 maJori
553 711 576 765 a,
601 712 621 752 a
644 703 673 753 et
693 694 716 770 f,
739 694 775 752 bb
798 701 827 752 et
849 695 951 769 quinta
973 695 1077 768 majori
1100 713 1123 769 e,
1148 696 1183 770 bip
1205 704 1235 754 et
1255 698 1278 774 f,
1302 714 1341 756 cc.

291 774 369 849 Quid
392 778 480 853 igitur
508 796 574 839 cum
596 779 716 856 reliquis
739 781 838 841 decem
870 782 1037 856 speciebus,
1069 783 1198 858 inquies,
1227 801 1292 843 cum
1314 802 1414 843 omnes
1448 785 1550 843 usitati

207 864 265 919 toni
288 863 457 939 redigantur
480 866 517 924 ad
539 868 692 941 quatuor?
736 869 878 927 Nimirum
901 867 938 927 ad
960 868 1017 929 buc
1038 872 1185 943 serviunt,
1212 879 1245 929 ut
1267 873 1362 931 sciant
1383 872 1502 943 musici,
1525 874 1550 931 si

206 956 365 1023 systemata
386 954 554 1031 principalis
578 963 701 1015 octavae
724 973 760 1015 ex
785 954 812 1014 G
835 956 997 1033 descriptae
1019 965 1227 1033 temperemus,
1257 967 1289 1017 ut
1312 967 1416 1018 natura
1437 958 1550 1031 suadet,

206 1043 272 1095 tunc
294 1054 481 1115 nequaquam
509 1044 551 1102 ita
572 1044 658 1103 lacile
691 1053 719 1102 et
742 1046 822 1104 varie
854 1046 1004 1119 transponi
1037 1061 1125 1120 posse
1157 1055 1274 1105 cautum
1302 1049 1365 1105 sine
1388 1049 1550 1106 mutatione

205 1124 380 1188 sinceritatis
402 1144 482 1201 suae,
506 1137 538 1187 ut
560 1133 616 1206 ipsi
639 1131 748 1190 babent
769 1132 799 1187 in
822 1148 887 1189 usu.
933 1130 1071 1190 Liberum
1093 1133 1180 1207 igitur
1193 1130 1259 1195 'iilis
1282 1141 1334 1207 est,
1360 1131 1408 1192 vei
1430 1133 1549 1208 rejicere

206 1226 304 1270 omnes
333 1213 466 1274 residuas
492 1218 530 1274 lil
560 1227 677 1279 etcum
708 1220 744 1275 iis
767 1220 855 1277 etiam
878 1221 1118 1295 transpositiones
1143 1236 1230 1293 suas,
1263 1220 1310 1279 vel
1339 1221 1438 1292 fateri,
1470 1220 1549 1295 qnod

205 1298 301 1374 plures
323 1300 434 1361 inrmae
456 1304 656 1378 melodiarum,
680 1304 774 1382 plures
797 1323 900 1382 nempe
923 1305 1003 1364 modi
1035 1305 1082 1366 vel
1104 1308 1169 1364 toni
1187 1309 1301 1385 possint
1324 1310 1447 1366 existere
1468 1310 1548 1383 iique

206 1383 371 1449 differentes
394 1391 432 1450 ab
455 1390 501 1450 his
523 1395 636 1469 positis,
660 1391 711 1452 alii
732 1395 836 1469 magis,
858 1393 909 1452 alii
931 1396 1035 1467 miuus,
1058 1402 1144 1470 prout
1158 1394 1401 1473 aequipollentias
1423 1394 1461 1453 ad
1486 1394 1549 1454 cal·
1636 1438 1643 1453 ,

205 1489 264 1532 cem
293 1493 383 1554 supra
411 1476 494 1537 vides
523 1487 688 1540 annotatas.
732 1480 807 1539 Nam
843 1483 867 1538 si
900 1483 1081 1556 superiorum
1115 1483 1201 1540 unius
1224 1490 1346 1543 octavae
1375 1481 1548 1542 intervallo-

206 1576 266 1619 rum
288 1566 433 1624 rationem
462 1566 604 1628 babemus
634 1566 759 1642 nulium,
791 1567 896 1627 dantur
925 1585 996 1628 saue
1023 1570 1262 1645 transpositiones
1285 1570 1398 1647 aliquot
1424 1589 1443 1630 s
1468 1568 1495 1629 G
1518 1571 1546 1627 in

205 1656 270 1708 cet
292 1651 331 1711 ab
355 1655 379 1711 Α
402 1654 431 1709 in
454 1653 476 1710 d
496 1661 526 1713 et
547 1654 632 1714 alise.
1236 1664 1240 1683 ⁸
1421 1654 1425 1662 ’
1613 1716 1620 1743 ‚

291 1738 424 1813 Quaeras
447 1739 559 1819 ultimo,
581 1740 650 1816 qnid
674 1739 813 1819 impediat
835 1740 900 1799 illas
923 1745 1175 1820 transpositiones,
1198 1744 1285 1803 toties
1304 1744 1408 1820 jam¹a
1430 1753 1476 1803 ute
1498 1761 1547 1802 re-

201 1822 318 1898 jectas?
363 1825 506 1886 Videntur
535 1832 610 1889 enim
634 1845 718 1888 aures
739 1826 805 1886 illas
827 1846 885 1888 nou
909 1828 1063 1905 impedire,
1091 1848 1157 1890 eum
1178 1833 1209 1889 iu
1231 1832 1365 1892 confesso
1387 1830 1442 1901 sit,
1465 1847 1547 1890 cnm-

205 1914 290 1972 matis
315 1931 465 1973 excessum
488 1917 517 1973 in
539 1916 714 1986 intervallis,
744 1933 820 1991 quae
843 1914 988 1990 disjuncta
1010 1916 1077 1976 su'nt
1098 1918 1172 1978 locis
1194 1921 1376 1996 systematis,
1406 1918 1444 1977 ab
1466 1920 1548 1977 auri·

206 1998 258 2056 bus
280 2017 340 2059 uon
364 2001 526 2077 dijudicari.
571 2004 640 2063 Esto
664 2004 741 2063 enim
761 2010 891 2079 systema
914 2020 1002 2079 quam
1025 2006 1133 2083 optime
1156 2013 1269 2065 tensum
1299 2005 1337 2064 ad
1359 2012 1480 2065 naturae
1503 2004 1547 2064 le-

207 2103 258 2161 ges
280 2088 424 2148 hactenus
439 2089 610 2170 explicatas,
633 2092 783 2166 pulsentur
808 2088 845 2167 G,
868 2110 888 2149 a
910 2100 939 2149 at
960 2110 997 2169 a,
1024 2094 1040 2166 b
1062 2099 1258 2170 rogenturque
1281 2109 1381 2152 omues
1403 2092 1546 2167 homines,

207 2182 354 2252 quotquot
375 2176 511 2249 audiunt,
543 2188 638 2237 utrum
661 2177 880 2237 intervallorum
909 2178 1012 2237 borum
1035 2181 1074 2238 sit
1096 2180 1215 2256 majus?
1244 2183 1355 2241 nescire
1385 2197 1417 2240 se
1440 2181 1546 2249 dicent,

207 2280 259 2322 nec
280 2265 364 2339 prins
387 2264 564 2337 discernent,
596 2282 683 2341 qnam
706 2266 862 2340 conjuncta
883 2265 988 2324 inerint
1010 2268 1164 2328 intervalla
1191 2267 1257 2327 loco
1280 2267 1382 2328 eodem
1414 2275 1546 2339 octavae,

206 2349 261 2409 boc
285 2358 346 2422 esi,
379 2351 429 2409 ubi
452 2354 547 2428 spatio
576 2353 701 2413 chordae
733 2369 783 2430 per
806 2354 944 2412 circinum
974 2353 1127 2431 dispuncta
1159 2373 1225 2432 pars
1250 2357 1429 2431 octogesima
1454 2356 1548 2432 prima

206 2438 333 2498 chordae
356 2440 575 2515 intersepiatur,
606 2449 635 2500 et
656 2443 699 2500 sic
728 2439 802 2499 duae
830 2439 1028 2514 longitudines
1052 2444 1094 2502 80
1117 2451 1146 2502 et
1169 2444 1206 2503 81
1234 2444 1368 2520 pulsatae
1392 2444 1546 2502 momentis

206 2528 345 2600 proximis
366 2528 441 2585 inter
462 2544 494 2587 se
514 2528 621 2609 inerint
643 2536 836 2603 comparatae.
880 2526 1064 2604 Responden‚
1089 2533 1143 2591 etsi
1165 2529 1284 2589 auditus
1314 2546 1373 2589 nou
1394 2529 1547 2606 distinguit

205 2612 328 2689 pulsatis
350 2615 443 2673 tribus
465 2613 537 2673 solis
552 2614 674 2675 chordis
696 2623 817 2675 octavae
840 2611 980 2696 (duorum
1002 2617 1219 2677 intervallorum
1242 2613 1402 2699 terminia),
1426 2625 1458 2676 at
1478 2616 1547 2695 pul-

204 2703 273 2760 satis
300 2702 434 2760 omnibus
455 2700 542 2760 unius
565 2711 686 2762 octavae
709 2701 832 2767 chordis,
856 2704 898 2760 sic
919 2702 1037 2762 tandem
1059 2704 1212 2780 distinguit
1235 2702 1415 2765 octavsmG
1436 2707 1546 2783 primo-

107 2844 111 2853 ,
204 2792 333 2864 genitam
357 2795 386 2847 et
406 2789 568 2849 naturalem
598 2792 636 2848 ab
659 2793 770 2850 octavis
801 2790 923 2849 aliarum
945 2791 1080 2850 clavium.
1102 2796 1103 2807 ¹
1126 2792 1228 2851 Insunt
1251 2794 1328 2851 enim
1358 2796 1389 2850 in
1412 2792 1546 2851 omnibus

204 2883 326 2936 octavae
348 2877 502 2952 speciebus
524 2876 626 2937 eadem
648 2877 803 2937 intervalla
825 2880 966 2937 concinna
981 2886 1101 2955 septem,
1125 2896 1201 2954 quse
1221 2879 1311 2938 semel
1327 2895 1464 2956 expressa
1477 2877 1545 2956 pul-

201 2965 316 3022 satione
339 2962 510 3023 eburdarum
532 2967 631 3022 statim
652 2966 773 3024 buerant
794 2967 823 3023 in
845 2966 985 3024 memoria
1015 2965 1050 3025 de
1072 2968 1250 3044 propinqum
1281 2973 1313 3025 ut
1336 2966 1422 3025 iacile
1445 2972 1546 3044 pateat

202 3051 324 3123 auditui,
347 3067 407 3125 quo
429 3051 493 3109 loco
517 3060 641 3111 octavae
663 3054 803 3111 naturalis
826 3051 950 3127 quilibet
972 3060 1058 3111 tonus
1086 3056 1214 3132 incipiat.
1259 3052 1326 3112 Huc
1353 3060 1439 3131 pactu
1462 3070 1544 3114 coru-

200 3141 288 3197 matis
310 3154 414 3197 seusus
435 3140 490 3197 erit
510 3138 668 3215 implicitus
698 3139 937 3198 indistinctione
969 3147 1147 3199 octavarum.
1193 3140 1444 3216 Quemadmodum
1468 3143 1545 3202 enim

201 3225 319 3284 auditus
342 3228 548 3285 consonantias
573 3229 652 3303 ipsas
674 3234 703 3285 et
726 3228 867 3286 concinna
882 3231 979 3286 omnia
995 3228 1149 3289 intervalla
1163 3230 1268 3308 probat
1282 3229 1320 3288 ab
1337 3228 1447 3299 ellectu,
1476 3227 1545 3288 licet

200 3330 257 3370 nou
280 3319 414 3373 numeret
434 3312 630 3388 longitudines
653 3313 835 3382 chordarum,
859 3330 934 3389 qnae
957 3332 1076 3376 cansam
1098 3319 1238 3393 praebent
1265 3308 1544 3388 concordantiarum,

200 3402 241 3459 sic
263 3399 342 3460 idem
364 3399 481 3459 auditus
504 3399 630 3459 advertit
652 3403 738 3460 etiam
761 3403 895 3461 affectum
918 3405 1069 3462 commatis
1092 3401 1181 3485 ⁸⁰4„
1205 3406 1260 3464 etsi
1283 3403 1313 3463 id
1335 3420 1393 3462 non
1414 3412 1545 3462 numeret

202 3485 337 3564 adeoque
359 3504 414 3547 nec
435 3487 545 3547 actuali
567 3478 692 3549 discreta
714 3491 852 3569 sensiona
873 3491 970 3566 capiat
994 3493 1123 3550 seorsim.

750 3720 889 3792 CAPUT
916 3720 982 3791 XV.

286 3889 292 3892 ⁴
406 3864 469 3931 Qui
494 3856 584 3918 mod'i
609 3866 663 3920 vel
689 3867 765 3922 tuni
794 3866 920 3935 qulbus
947 3867 1109 3922 serviunt
1136 3867 1331 3924 affectibus.

283 4008 435 4068 Hactenus
458 4008 494 4068 de
515 4012 672 4086 principiis,
698 4030 733 4071 ex
756 4011 862 4087 quibus
885 4014 947 4071 toni
969 4018 1103 4071 constant
1128 4020 1157 4072 et
1180 4021 1281 4072 contra
1302 4032 1334 4073 se
1358 4012 1544 4091 distinguun-

200 4103 261 4170 tur3
283 4096 345 4172 jam
369 4113 463 4172 pauca
487 4096 581 4156 dicam
605 4097 640 4157 de
664 4099 784 4172 effectu,
809 4107 1005 4159 consentanea
1027 4099 1145 4175 quidem
1168 4103 1241 4161 meis
1263 4102 1420 4180 principiis.

285 4183 416 4243 Primum
438 4183 639 4244 admouendus
662 4193 708 4245 est
728 4187 827 4256 lector,
850 4203 908 4245 non
931 4186 978 4246 bic
1000 4189 1050 4262 agi
1073 4186 1109 4246 de
1132 4186 1356 4266 dispositionum
1375 4191 1464 4249 animi
1487 4188 1544 4247 dii-

201 4272 338 4342 ierentia,
374 4289 450 4347 quae
475 4272 616 4344 alliciunt,
648 4281 682 4330 ut
712 4275 798 4333 bomo
821 4276 918 4351 potius
948 4281 1046 4346 canat,
1079 4291 1166 4350 quarn
1189 4283 1222 4334 ut
1250 4279 1381 4337 oratioue
1404 4276 1492 4354 plana
1514 4286 1544 4336 et

199 4357 301 4418 sedata
331 4365 447 4432 utatur,
475 4377 570 4434 neque
600 4360 636 4419 de
659 4362 711 4434 iis,
741 4379 817 4437 quae
839 4362 908 4422 binc
931 4368 1065 4436 cautum,
1096 4362 1163 4421 inde
1193 4362 1354 4440 simplicem
1383 4366 1543 4423 orationem

199 4453 416 4521 consequuntur
439 4448 468 4501 in
491 4446 631 4507 auditore.
676 4447 751 4507 Nam
774 4456 807 4507 ut
831 4450 966 4508 alacritas
989 4450 1079 4508 animi
1102 4457 1162 4521 est,
1188 4468 1263 4524 qnae
1287 4467 1402 4510 omnem
1425 4454 1542 4511 omniuo

199 4541 313 4592 motum
341 4536 370 4590 in
398 4542 520 4593 canente
548 4534 695 4611 praecedit
724 4539 809 4611 eique
832 4537 922 4596 veluti
947 4536 1037 4596 dictat
1063 4535 1235 4610 melodiam,
1268 4540 1311 4597 sic
1339 4541 1428 4598 etiam
1457 4555 1542 4598 omne

197 4637 287 4694 genus
317 4623 486 4679 cautionum
513 4624 717 4681 concinnatum
746 4625 882 4700 voluptas
913 4624 1092 4683 audientium
1125 4626 1319 4699 consequitur.
1370 4623 1541 4700 Saparanda

198 4720 239 4766 est
259 4707 347 4767 nubis
369 4707 444 4768 baec
465 4709 607 4784 generalis
629 4710 781 4787 dispositio
803 4713 901 4783 animi,
925 4728 977 4771 seu
999 4713 1097 4787 potius
1119 4711 1184 4770 loco
1203 4713 1342 4772 materiae
1357 4712 1542 4790 subjicienda

198 4793 237 4852 ilii
258 4796 418 4855 affectuum
439 4794 617 4871 diversitati,
642 4815 729 4873 quam
752 4799 799 4857 bic
821 4801 996 4874 quaerimus.

280 4883 356 4943 Cum
384 4890 485 4943 autem
512 4899 612 4943 omnes
641 4893 737 4961 partes
766 4892 869 4946 cantus
892 4886 1023 4956 concinni
1052 4892 1082 4944 et
1103 4884 1245 4945 naturalis
1274 4895 1459 4966 comparatae
1482 4890 1540 4948 siut
