3840 5854
387 383 427 446 13
968 372 1141 431 Prooemium

311 546 314 559 '
384 556 530 635 Keplerus
552 557 648 634 lpsum
671 547 861 637 (Fluddium)
891 552 1023 617 obscuris
1045 569 1141 615 rerum
1162 552 1377 630 aenigmatibus
1400 551 1539 615 delectari
1561 550 1654 628 dieat,
1685 553 1735 630 qui

384 663 430 707 res
452 647 534 723 ipsas
556 638 734 705 obscuritate
765 642 915 701 involutas
937 643 966 699 in
997 642 1093 702 lucem
1123 640 1288 701 intellectus
1316 641 1443 718 prolerre
1472 639 1604 716 studeat,
1636 647 1737 701 conus

385 750 462 810 quae
483 730 627 793 Fluddius
649 729 749 790 literas
772 748 790 789 a
806 727 960 789 Germanis
976 735 1006 790 et
1022 726 1117 789 Gallis
1132 730 1247 804 missas,
1270 730 1376 805 quibus
1392 727 1490 788 studia
1504 744 1559 787 sua
1572 726 1735 801 laudentur,

383 820 501 898 profert
546 820 808 891 Mathematicornm,
828 818 948 894 pergit.
962 818 1113 888 vulgarium
1130 826 1180 891 est,
1198 820 1271 875 circa
1287 819 1396 875 umbras
1415 817 1608 890 quantitativas
1625 819 1735 887 versari,

384 902 500 974 chymici
512 907 539 957 et
551 899 699 957 Hermetici
717 914 808 955 veram
826 915 969 969 corporum
981 897 1144 954 naturalium
1155 899 1300 957 medullam
1313 899 1522 969 amplectuntur,
1540 893 1617 955 unde
1633 895 1737 953 transit

384 987 422 1047 ad
443 986 642 1047 laudationem
672 983 816 1057 chemise,
849 985 897 1042 cui
925 980 1114 1042 fundamenta
1135 992 1258 1045 naturae
1279 986 1338 1044 sint
1358 984 1530 1061 patefacta*
1554 986 1692 1043 Crooitem
1709 993 1737 1041 et

384 1070 521 1127 blaterent
537 1067 663 1140 vulgares
681 1065 864 1121 mathematici
883 1064 916 1119 de
928 1063 1063 1134 p¹roinnda
1080 1079 1130 1121 sua
1141 1074 1254 1122 naturae
1266 1066 1428 1138 cognitione,
1445 1083 1496 1136 per
1507 1064 1634 1122 effectum
1645 1072 1737 1122 tamen

384 1148 508 1205 homiues
526 1155 590 1203 sunt
602 1145 798 1216 cognoscendi3
818 1143 1001 1214 chymicorum
1017 1150 1067 1209 est,
1085 1145 1193 1200 occulta
1204 1144 1376 1201 manifestare
1387 1152 1566 1214 naturamque
1578 1143 1737 1215 corporibus

385 1229 478 1300 opacis
495 1226 663 1283 submersam
682 1224 826 1281 extrahere
843 1222 989 1291 lumenque
1008 1221 1127 1277 abditam
1144 1237 1160 1279 e
1176 1229 1348 1279 mnebrarum
1366 1238 1475 1280 carcere
1491 1222 1614 1279 liberare.

493 1334 619 1413 Aegrius
643 1334 732 1394 etiam
753 1333 809 1394 iert
829 1330 974 1393 Fluddius
994 1328 1115 1411 Kepleri
1137 1334 1253 1411 crimen,
1277 1331 1356 1411 quod
1379 1350 1424 1406 ea,
1448 1350 1525 1410 quae
1547 1352 1566 1393 a
1588 1333 1736 1395 veteribus

385 1421 572 1497 desumserit„
603 1422 725 1482 contusa
747 1428 777 1481 et
798 1422 959 1483 incorrecta
989 1428 1123 1498 usurpet,
1154 1438 1244 1498 quum
1265 1420 1410 1499 Keplerus
1432 1420 1559 1483 naturali
1581 1421 1682 1481 ordine
1703 1437 1736 1481 se

383 1511 539 1588 procedere
551 1509 638 1570 dicat.
674 1511 728 1567 Pro
745 1510 826 1567 meris
837 1511 934 1578 sentis,
958 1510 1053 1586 inquit
1063 1507 1216 1585 Fluddius,
1238 1517 1374 1582 ventoque
1391 1513 1426 1568 ab
1443 1512 1545 1569 invidia
1562 1512 1658 1570 canina
1676 1520 1735 1568 orto

383 1594 452 1649 haec
470 1593 530 1663 ejus
548 1592 621 1649 dicta
639 1591 793 1662 accipimus.
817 1589 864 1646 hie
876 1590 1048 1662 condemnat,
1066 1590 1115 1648 sed
1132 1591 1265 1647 rationem
1283 1592 1404 1649 veritatis
1420 1592 1449 1648 in
1467 1591 1528 1663 lege
1546 1610 1597 1650 sua
1614 1593 1736 1663 ignorat3

383 1689 414 1732 se
429 1674 537 1744 laudat,
559 1679 587 1730 et
604 1673 663 1730 vioe
679 1687 759 1728 versa
777 1671 893 1742 alicujus
911 1671 1000 1727 lundis
1018 1669 1201 1727 testimoninm
1217 1686 1273 1727 nou
1290 1671 1406 1728 invenio.
1447 1671 1642 1744 Propertiones
1661 1686 1735 1727 meas

383 1753 499 1810 musical
520 1752 610 1807 verbis
637 1750 757 1808 confusis
779 1749 928 1822 depravare
950 1751 1056 1808 ridetur
1079 1756 1106 1806 et
1133 1757 1224 1806 umen
1248 1765 1326 1806 nemo
1344 1749 1497 1806 mortalium
1512 1749 1620 1819 jnstitia
1637 1750 1736 1808 ductus

383 1832 467 1889 ullam
483 1832 691 1902 proportionum
712 1832 740 1886 in
758 1830 860 1902 templo
877 1845 938 1887 meo
956 1843 1147 1901 expressarum
1163 1828 1271 1900 culpam
1288 1830 1408 1886 invenire
1425 1835 1525 1901 potest.
1560 1831 1651 1901 Quare
1667 1831 1736 1887 haec

384 1918 449 1967 sunt
465 1910 548 1967 verba
564 1909 656 1966 inania
671 1922 806 1979 vocesque
822 1910 966 1968 absurdae.
1006 1910 1065 1965 Nec
1082 1909 1192 1977 quidem
1208 1923 1288 1966 verus
1306 1910 1329 1967 is
1347 1911 1466 1965 musicus
1483 1925 1545 1967 esse
1563 1917 1666 1981 potest,
1689 1910 1736 1981 qui

382 1994 460 2047 tanto
477 1989 645 2060 andpatbiae
662 1989 727 2045 vitio
745 1988 860 2045 laborat
894 1983 938 2046 Ut
952 1984 1113 2062 Keplerum
1134 1984 1257 2060 refellat,
1279 1985 1423 2046 Fluddiua
1437 1982 1629 2047 Harmoniam
1649 2003 1735 2047 suam

384 2091 449 2135 cum
473 2072 594 2150 Kepleri
615 2072 778 2133 Harmonia
800 2080 963 2151 comparat,
994 2072 1025 2132 id
1046 2073 1173 2132 maxime
1202 2074 1312 2133 crimini
1334 2073 1464 2151 Keplero
1492 2080 1624 2150 vertens,
1655 2073 1735 2151 quod

385 2160 538 2238 (lopernici
560 2162 735 2221 sententiam
757 2162 798 2220 sit
819 2159 974 2238 amplexus
987 2166 1017 2220 et
1030 2159 1109 2219 hunc
1122 2158 1209 2220 tinem
1224 2161 1293 2221 iacit
1309 2160 1439 2223 dicendi.-
1462 2166 1607 2234 exquibus
1619 2166 1736 2235 sapienti

383 2244 475 2300 ridere
492 2241 568 2309 licet,
596 2254 677 2313 quam
693 2242 775 2313 longe
793 2243 885 2300 absint
901 2242 954 2299 hae
971 2242 1140 2299 inventiones
1161 2242 1284 2301 suthorb
1302 2259 1319 2299 a
1336 2245 1407 2300 veris
1429 2244 1619 2314 philosophiae
1639 2244 1735 2317 funda·

383 2323 494 2391 mentis,
519 2336 589 2393 quae
609 2322 670 2391 ipse
691 2328 769 2378 tanto
794 2324 934 2380 conamine
952 2321 1102 2392 ordineque
1120 2328 1177 2379 tam
1195 2332 1291 2381 exacto
1308 2331 1422 2380 naturae
1440 2325 1517 2394 sequi
1534 2339 1564 2381 se
1582 2323 1735 2394 pollicetur.

384 2401 476 2472 Atque
492 2403 532 2458 ita
549 2401 680 2468 videmus,
697 2401 837 2457 minimum
854 2403 926 2459 inter
942 2418 993 2459 nos
1006 2417 1067 2458 esse
1084 2417 1254 2474 consensum,
1274 2404 1376 2473 quippe
1393 2401 1466 2471 quod
1482 2403 1542 2472 ipse
1559 2402 1631 2457 veris
1648 2402 1735 2472 philo·

384 2480 533 2550 sophorum
549 2478 690 2550 principiis
708 2479 830 2536 abutitur
847 2489 875 2539 et
891 2484 920 2539 in
937 2496 1047 2539 sensum
1064 2481 1182 2537 alienum
1199 2497 1233 2538 ea
1249 2482 1337 2552 vertit,
1356 2494 1408 2550 ego
1419 2494 1463 2536 nra
1474 2495 1555 2551 quam
1566 2480 1736 2537 aracussime

384 2558 420 2615 ad
437 2558 662 2630 philosophorum
680 2557 754 2615 dicta
771 2567 799 2615 et
810 2570 956 2618 'morarum
972 2561 1112 2618 literarum
1129 2562 1285 2618 testimonia
1301 2560 1450 2629 adstringo.
1535 2586 1537 2589 ·

489 2670 580 2731 Plura
602 2669 638 2731 de
660 2670 716 2732 hac
738 2672 927 2748 responsione
948 2672 1069 2734 Fluddii
1091 2673 1257 2750 quibusque
1289 2672 1377 2732 armis
1413 2669 1554 2731 adversus
1575 2668 1736 2748 Keplerum

385 2773 456 2818 usus
478 2759 524 2831 sit,
547 2758 649 2820 afferre
670 2758 904 2836 supersedemus,
927 2778 963 2822 eu
985 2763 1080 2837 magis
1103 2760 1182 2837 quod
1204 2759 1351 2837 Keplerus
1373 2758 1436 2836 ipse
1458 2759 1489 2815 in
1509 2757 1732 2835 ,Apologia“

384 2844 552 2919 suamulta
574 2845 611 2906 ab
634 2845 686 2906 illo
709 2847 775 2924 ipso
797 2846 876 2907 dicta
897 2855 1043 2908 retractat.
1074 2846 1160 2908 Hanc
1182 2847 1359 2925 Apologiam
1380 2843 1526 2922 Keplerus
1547 2846 1734 2906 Frauhoibrti

387 2934 484 3008 1622,
513 2935 578 3010 pari
605 2950 666 3013 qua
691 2932 884 2995 Harmoniam
907 2935 1013 3011 torma,
1045 2935 1267 3014 imprimendam
1290 2935 1415 3008 curavit,
1447 2933 1478 2991 in
1501 2950 1594 3010 eaque
1616 2930 1735 2994 Fluddii

385 3019 604 3097 objurgationes
636 3019 815 3083 Ηοτιποοίοο
854 3040 926 3083 snae
957 3024 1051 3084 iactas
1083 3041 1120 3084 ex
1152 3022 1251 3099 ordine
1288 3023 1444 3084 mammet
1507 3023 1554 3095 (In
1583 3023 1670 3081 literis
1700 3022 1736 3079 ad

383 3110 584 3180 Berneggerum
602 3110 673 3167 datis
691 3113 744 3176 [21.
762 3112 831 3183 Aug.
849 3113 928 3179 1621]
946 3113 1015 3170 haec
1031 3112 1071 3167 illi
1088 3115 1199 3169 nunciat
1216 3112 1365 3182 Keplerus:
1402 3107 1600 3185 'l'ampaehius
1623 3107 1739 3169 recudit

383 3191 557 3273 Mystertum
586 3213 652 3256 cum
679 3199 758 3257 notis
786 3199 868 3256 meis.
926 3196 1076 3274 Respondi
1107 3197 1146 3257 D.
1177 3197 1213 3258 de
1246 3195 1398 3256 Fluctibus
1429 3197 1612 3273 ineptissimo
1642 3195 1734 3272 libror

384 3285 516 3359 poenitet
538 3300 659 3360 operae,
691 3282 743 3344 sed
772 3285 892 3362 promisi
921 3283 1119 3362 Tampachi03
1149 3286 1249 3347 nescio
1272 3300 1309 3343 an
1331 3283 1389 3344 hoc
1410 3300 1583 3362 responsum
1604 3285 1643 3343 sit
1663 3301 1734 3360 pro·

385 3368 511 3429 diturum
530 3371 612 3452 jam).
642 3371 704 3431 Nos
720 3371 896 3450 Apologium
911 3371 987 3432 banc
1001 3371 1186 3449 adjunximus
1201 3371 1380 3432 Harmoniae
1394 3369 1559 3432 Ptolomaei
1574 3391 1592 3432 a
1606 3371 1734 3448 Keplero

386 3474 497 3533 versae,
517 3476 612 3536 neque
627 3457 709 3517 aliud
724 3459 759 3519 de
774 3457 826 3520 illa
841 3458 912 3537 quid
929 3458 1059 3521 dicamus
1075 3460 1226 3537 habemus,
1248 3462 1306 3520 nisi
1318 3458 1419 3519 titulos
1435 3478 1454 3520 a
1468 3459 1595 3537 Keplero
1611 3457 1734 3535 singulis

384 3546 517 3622 partibus
540 3548 710 3623 inscriptos:
735 3546 792 3625 ,ad
815 3546 949 3625 analysin
971 3547 995 3623 I,
1026 3545 1064 3607 ad
1086 3549 1221 3626 analysin
1242 3547 1283 3607 11.
1306 3556 1361 3608 etc
1384 3546 1531 3607 desumtos
1554 3564 1619 3607 esse
1642 3545 1735 3607 titulis

384 3649 404 3691 a
432 3631 558 3694 Fluddio
592 3636 653 3694 suis
687 3635 727 3693 26
759 3634 910 3713 particulis
943 3636 1103 3712 inscriptis,
1144 3635 1182 3698 ad
1215 3652 1288 3713 quos
1320 3634 1432 3695 accedit
1466 3634 1544 3712 apud
1576 3633 1735 3695 Fluddium

384 3724 587 3794 numerasti,
611 3723 781 3799 inscriptus:
807 3740 957 3797 ,eramem
980 3726 1093 3783 numeri
1109 3726 1148 3782 27
1165 3740 1218 3784 οοο
1233 3725 1350 3784 ternarii
1372 3723 1441 3783 cubi
1461 3722 1560 3784 locum
1582 3722 1733 3801 explens“,

385 3808 415 3865 iu
438 3824 497 3884 qua
518 3809 662 3886 particula
683 3826 768 3869 suam
789 3807 980 3870 Harmoniam
1003 3827 1068 3870 curn
1090 3810 1211 3888 Kepleri
1233 3817 1393 3888 comparat.

487 3920 608 3999 Kepleri
635 3920 812 3999 Apologiam
841 3922 923 3982 brari
950 3906 1028 3999 post'
1047 3932 1182 3986 secutum
1211 3931 1256 3986 est
1284 3940 1456 4002 responsum
1485 3923 1620 4000 Fluddii,
1654 3925 1734 4002 quod

384 4023 472 4084 supra
507 4012 609 4087 paucis
644 4012 878 4072 memoravimus.
937 4009 973 4067 In
1010 4009 1067 4071 tine
1103 4012 1162 4072 vol.
1191 4012 1262 4089 1v.,
1301 4012 1381 4091 quod
1413 4012 1475 4073 illic
1507 4014 1732 4090 nominavimus,

384 4095 435 4154 iol.
459 4097 657 4158 aar-aar.
688 4099 831 4157 continuis
861 4095 1003 4175 pagellis,
1038 4098 1091 4160 sed
1120 4116 1199 4161 novo
1220 4099 1315 4162 ‘titulo
1337 4100 1395 4161 hoc
1417 4116 1588 4179 responsum
1616 4100 1732 4178 legeris.

384 4182 548 4256 Inscriptum
571 4194 626 4243 est:
656 4187 881 4245 Monochordium
907 4188 1002 4245 mnndi
1028 4190 1251 4262 symphoniacum
1277 4207 1326 4249 sen
1352 4191 1493 4262 replicatio
1517 4191 1630 4249 Roberti
1653 4191 1733 4264 Flud,

385 4264 453 4320 alias
477 4266 511 4323 de
532 4266 688 4335 Fluctibus,
712 4266 837 4336 armigeri
858 4273 886 4322 et
907 4268 936 4323 in
957 4268 1092 4326 medicina
1114 4271 1232 4329 doctoris
1258 4270 1419 4329 oxoniensis
1447 4272 1482 4328 ad
1499 4270 1660 4345 apologiam
1684 4270 1734 4326 viri

385 4342 529 4401 durissimi
546 4354 574 4401 et
591 4347 618 4400 in
636 4345 753 4403 mathesi
770 4346 926 4414 peritissimi
943 4347 969 4401 J.
988 4346 1109 4419 Kepleri,
1127 4350 1262 4406 adversus-
1274 4349 1531 4408 demonstrationem
1548 4367 1625 4407 suam
1642 4349 1733 4421 analy-

385 4421 467 4476 ticam
484 4424 637 4492 nuperrime
655 4424 764 4494 editam,
781 4422 810 4479 in
822 4439 877 4493 qua
887 4423 1025 4481 Robertus
1037 4428 1210 4486 validioribus
1222 4429 1336 4485 Josnnls
1348 4427 1553 4499 objectionibus,
1570 4427 1734 4485 Harmoniae

385 4517 452 4559 suae
478 4502 532 4573 legi
555 4505 782 4575 repugnantibus,
810 4503 922 4559 comiter
947 4506 1114 4576 respondere
1139 4508 1303 4578 aggreditur.
1346 4507 1471 4564 Francos.
1490 4507 1565 4565 1623.
1609 4503 1655 4563 Ex
1676 4503 1751 4564 hoo«

384 4602 524 4664 responso
554 4587 663 4663 elucet,
694 4587 854 4666 Kepleram
883 4586 1061 4667 Apologiam
1089 4608 1174 4652 suam
1206 4591 1246 4652 ad
1273 4589 1445 4668 Fluddlum,
1488 4592 1610 4669 privatis
1640 4590 1732 4652 literis

386 4664 508 4751 additis,
539 4675 594 4734 sub
621 4676 708 4736 linem
738 4677 807 4736 anni
832 4677 913 4736 1621
943 4679 1057 4739 misisse
1089 4674 1192 4762 (linem
1219 4679 1290 4739 iacit
1317 4678 1364 4740 his
1392 4678 1507 4740 rerblsr
1538 4677 1624 4740 Vale.
1668 4677 1731 4739 (iul.

385 4761 463 4841 Aug.
489 4758 614 4846 1621),
645 4765 714 4825 anni
741 4766 830 4842 igitur
858 4780 1009 4826 numerum
1034 4766 1132 4843 1622,
1165 4766 1233 4827 hnic
1258 4764 1423 4845 ⁴apologiae
1451 4767 1636 4845 inscriptum,
1667 4782 1732 4829 esse

384 4857 591 4932 praesumtum,
614 4851 760 4931 siquidem
774 4854 804 4914 in
819 4869 960 4932 responso
976 4850 1102 4931 iiluddll,
1126 4855 1177 4935 qul
1191 4854 1271 4936 typis
1283 4853 1314 4916 id
1329 4857 1480 4936 expressit,
1495 4872 1553 4918 uon
1567 4856 1732 4936 peccaverit
