3872 5846
377 380 438 457 lid
814 378 858 433 Iis
873 374 1098 446 Propontlonlbas
1116 376 1295 433 Haemonius.

373 558 438 617 sire
460 554 576 617 nobiles
598 558 666 631 sint,
689 557 753 617 sive
774 555 930 633 ignobiles,
954 559 1017 615 sive
1041 554 1156 631 divites,
1183 556 1246 615 sive
1271 552 1423 634 pauperes.
1469 554 1583 632 Quodsi
1605 556 1663 633 qria
1684 572 1733 616 res

374 650 429 718 est,
452 658 529 721 quae
552 660 611 704 non
634 646 744 721 patitur
767 644 942 704 divisionem
966 644 1042 703 intet
1062 643 1181 717 multos,
1208 661 1273 703 eam
1294 643 1422 721 populus
1448 644 1510 702 vult
1532 646 1637 715 sortiri,
1662 645 1733 719 quia

373 746 436 791 sors
460 748 549 792 caeca
572 736 625 806 est,
649 746 707 790 nnn
730 733 931 792 intumescens
952 730 1083 791 nobilem
1101 731 1146 791 'ab
1162 731 1294 807 ignobili,
1319 732 1439 790 divitem
1461 746 1631 810 apsnpcre,
1657 732 1733 790 bena

373 822 509 879 meritum
532 820 570 878 ab
594 821 748 892 immerito,
772 820 873 878 virtuti
897 818 1028 878 deditum
1051 836 1068 878 a
1092 820 1209 891 vitioso,
1234 821 1417 895 ingeniosum
1441 838 1459 877 a
1482 819 1609 896 stupido.
1655 818 1731 876 'l'um

375 907 493 968 demum
516 909 592 967 enim
615 906 724 983 aliquis
748 925 779 965 se
803 914 888 983 putat
910 909 1031 982 acqrtarl
1055 904 1175 979 ceteris,
1206 908 1320 965 sicum
1345 909 1380 964 ils
1401 907 1521 966 sortitur
1550 922 1639 983 snper
1661 905 1732 964 tali-

373 994 438 1069 bus,
462 996 526 1054 site
546 994 609 1070 jam
633 996 712 1055 bona
734 996 798 1053 sive
820 994 899 1054 mala
922 1005 999 1054 sorte
1023 994 1210 1071 adipiscatur.
1258 992 1315 1052 Ubi
1336 996 1423 1052 sortis
1439 990 1506 1053 loen
1527 1000 1652 1072 possunt
1667 1010 1732 1053 esse

378 1084 465 1143 etiam
490 1083 551 1141 alis
573 1081 741 1158 acquirendi
764 1081 877 1154 media,
900 1089 933 1140 ut
956 1083 979 1139 si
1004 1081 1109 1141 electio
1131 1082 1316 1158 permittatur
1339 1083 1375 1151 ei,
1399 1083 1482 1157 cnjus
1506 1080 1579 1140 nibil
1602 1083 1730 1154 interest,

373 1174 425 1230 aut
447 1170 498 1247 qui
520 1185 661 1247 personas
683 1186 742 1228 non
764 1172 912 1256 respicere
931 1168 1065 1229 creditur
1112 1169 1158 1227 Ita
1180 1168 1291 1227 Romae
1314 1169 1484 1228 consulatus
1507 1180 1568 1228 erat
1598 1182 1732 1228 commu·

374 1258 419 1316 nis
443 1258 573 1317 omnium
588 1258 666 1316 certi
691 1256 800 1315 ordinis
824 1273 948 1332 eumque
971 1256 1080 1316 licebat
1102 1262 1202 1333 petere
1230 1272 1248 1315 a
1271 1257 1396 1333 populo,
1426 1264 1457 1315 at
1480 1272 1536 1315 non
1565 1252 1731 1332 largitioni·

373 1347 445 1418 bas,
476 1363 512 1405 ue
536 1348 767 1422 corrumperetur
789 1343 916 1422 populus
944 1351 973 1403 et
1002 1344 1108 1403 divites
1131 1343 1346 1420 praeferrentur
1375 1344 1567 1402 tenuioribus
1613 1344 1676 1402 litsi
1699 1345 1729 1400 in
1773 1370 1789 1387 ·

373 1433 431 1491 hoe
454 1446 526 1492 casu
549 1432 639 1491 tacito
663 1446 809 1497 consensu
832 1432 986 1507 respicitur
1009 1433 1101 1490 virtus
1130 1429 1225 1507 deque
1248 1446 1284 1490 ea
1307 1437 1336 1490 et
1359 1431 1396 1503 de
1418 1432 1494 1491 bene
1517 1433 1627 1489 meritis
1647 1429 1731 1511 judl-

374 1520 452 1580 eiurn
474 1519 663 1597 permittittur*
684 1516 803 1597 populo.
1721 1540 1725 1553 ·

366 1663 369 1667 ,
463 1606 489 1665 E
512 1607 674 1679 contrario,
697 1608 774 1665 slent
796 1608 825 1663 in
849 1608 1010 1681 geometria
1039 1620 1177 1665 excessus
1197 1618 1382 1665 nunrerorum
1405 1604 1603 1665 assimilantur
1624 1620 1729 1666 nume

374 1695 413 1753 ris
435 1694 516 1772 ipsis,
538 1700 719 1770 utmagnus
741 1710 877 1753 numerus
900 1708 1038 1768 magnum
1061 1692 1171 1753 habeat
1188 1708 1362 1767 arcessam,
1385 1708 1496 1770 parvus
1520 1708 1657 1775 parvum,
1687 1695 1729 1754 sle

372 1781 403 1840 ln
426 1784 599 1859 optimatum
621 1799 681 1858 rep.
706 1780 923 1859 distinguuntur
951 1796 1109 1858 personae,
1143 1780 1361 1857 distinguuntur
1391 1788 1421 1840 et
1449 1797 1554 1854 onera,
1587 1783 1727 1857 praemia,

376 1871 574 1945 magistratus,
598 1871 712 1941 munia,
737 1877 767 1929 et
789 1870 1041 1947 praestantissima
1063 1876 1249 1931 reservantur
1272 1869 1479 1944 optimatibus,
1502 1868 1617 1945 reliqua
1637 1869 1730 1930 relin-

374 1964 502 2034 quuntur
529 1956 650 2035 populo.
696 1954 755 2017 Ubi
785 1973 905 2018 necesse
936 1963 998 2030 est,
1028 1958 1150 2025 seorsim
1180 1959 1252 2015 inter
1279 1956 1412 2032 singulas
1442 1957 1584 2019 lectiones
1614 1957 1728 2017 admitti

374 2045 464 2107 ettam
486 2045 701 2107 arithmeticam
724 2046 959 2122 proportionem,
990 2042 1026 2101 de
1050 2045 1085 2102 ils
1109 2046 1202 2117 enirn,
1232 2062 1308 2121 quiae
1332 2053 1400 2103 sunt
1422 2042 1541 2120 populi,
1573 2046 1730 2105 sortientur

373 2148 484 2202 omnes,
508 2134 558 2208 qui
581 2141 649 2193 sunt
672 2134 700 2195 iu
723 2132 852 2211 populo,
884 2128 920 2193 de
942 2131 992 2205 lis,
1017 2148 1093 2206 qruae
1117 2134 1304 2208 optimatum,
1330 2149 1429 2191 oannes
1453 2133 1621 2209 optimates.
1663 2131 1729 2195 Nisi

373 2218 530 2281 enimhoc
552 2218 614 2293 liat,
643 2223 776 2298 perpetui
800 2226 884 2279 munt
912 2220 1001 2279 etiarn
1025 2219 1055 2277 in
1076 2218 1188 2297 populo
1217 2219 1326 2297 gradus
1357 2222 1545 2299 optimatum,
1575 2236 1667 2295 usquc
1691 2218 1729 2281 ad

373 2308 463 2369 mam
484 2306 586 2385 populi
609 2307 736 2380 laeuam,
765 2309 898 2384 perpetui
923 2308 1010 2366 ctiam
1035 2308 1109 2365 inter
1133 2308 1304 2383 optimates,
1333 2324 1427 2384 usquc
1457 2306 1494 2371 ad
1524 2308 1594 2385 reip.
1619 2307 1730 2384 princi-

373 2412 455 2475 pem3
479 2412 539 2471 qua
560 2397 673 2455 ratione
696 2412 771 2471 resp.
796 2412 854 2453 non
878 2394 950 2467 crit,
971 2393 1022 2455 sed
1047 2395 1157 2469 regium
1181 2395 1311 2453 civitatis
1333 2413 1435 2471 genus.

461 2480 572 2558 Regius
596 2499 665 2543 rero
688 2491 795 2555 status,
819 2484 874 2543 etsi
899 2482 945 2541 vel
969 2482 1094 2540 maxime
1117 2484 1299 2559 proportioni
1321 2482 1516 2555 geometricae
1543 2480 1730 2557 assimilatur,

373 2568 510 2645 eoquod
539 2571 638 2628 onmia
662 2569 729 2645 jura
758 2570 922 2645 maiestatis
952 2570 1012 2645 regi
1044 2577 1246 2641 reservantur,
1277 2571 1438 2645 sicutipse
1474 2568 1520 2629 vel
1545 2568 1636 2629 nobili
1658 2587 1730 2645 pro·

373 2650 471 2733 sapia,
501 2655 550 2715 vel
572 2658 662 2716 armis
690 2656 735 2717 rel
761 2658 918 2717 virtutihus
948 2663 1079 2732 praestat
1106 2658 1210 2717 ceteris
1240 2656 1392 2736 ominibus,
1421 2654 1602 2732 gubernandi
1625 2665 1730 2717 ‘tamen
1816 2654 1819 2659 “

372 2745 447 2804 ratio
471 2743 501 2802 in
523 2743 580 2804 hac
603 2751 681 2805 statu
705 2745 866 2805 rectissimo
888 2752 987 2821 potest
1010 2746 1164 2821 temperari
1188 2748 1369 2822 ‚cautioque
1397 2744 1591 2822 proportionis
1614 2761 1729 2821 genere.

374 2831 451 2895 Nam
473 2848 550 2891 unns
572 2849 623 2892 rex
645 2833 754 2897 arbiter
778 2834 908 2891 omnium
931 2848 988 2891 non
1012 2848 1100 2891 cucco
1125 2832 1250 2911 impetu,
1284 2841 1316 2891 ut
1339 2849 1417 2904 sors,
1441 2830 1493 2891 sed
1518 2833 1642 2903 virtutis,
1667 2850 1731 2892 me·

377 2920 507 2993 sitorum,
532 2920 641 2981 ordinis
664 2920 867 2998 graduumque
890 2920 1063 2991 rationibus,
1088 2936 1148 2996 qua
1170 2919 1249 2991 licet,
1274 2921 1372 2978 omnia
1397 2919 1471 2979 inter
1493 2921 1650 2996 optimates
1672 2937 1730 2996 po·

374 3005 537 3084 pulumque
559 3006 718 3084 dispensat,
743 3025 843 3067 astrues
863 3006 998 3081 justitiae
1022 3004 1227 3065 distributivae
1252 3014 1281 3064 ct
1304 3008 1532 3067 commutativas
1554 3014 1652 3085 partas
1677 3025 1730 3067 cn-

372 3095 521 3169 seqnltur,
544 3112 621 3170 quae
644 3098 796 3175 utriusque
819 3095 1016 3173 proportionis
1040 3094 1207 3196 conjunctio
1231 3093 1345 3155 Bodirm
1371 3092 1478 3155 suflicit
1500 3093 1538 3155 ad
1561 3096 1731 3171 proportio-

373 3198 440 3240 nem
465 3180 664 3247 harmonicam
688 3181 938 3257 constituendam,
961 3187 993 3243 at
1011 3182 1098 3259 juxta
1122 3183 1219 3240 urania
1236 3180 1359 3243 consilia
1381 3200 1438 3241 non
1456 3191 1514 3241 tam
1536 3181 1573 3241 ad
1597 3180 1731 3259 singulos

374 3268 421 3332 vel
449 3267 566 3335 ordines
594 3269 642 3333 vel
671 3270 817 3345 homines,
850 3287 977 3355 quam
970 3268 1006 3331 ad
1038 3275 1130 3330 totum
1154 3270 1282 3329 civitatis
1314 3287 1430 3347 corpus
1461 3269 1583 3349 ejusque
1605 3267 1731 3329 salutem

372 3362 563 3457 mutuamque
585 3357 757 3418 charitatem
781 3364 810 3417 et
832 3348 1017 3417 concordiam
1040 3357 1135 3430 refert,
1157 3374 1218 3415 non
1240 3372 1324 3417 secus
1348 3375 1383 3417 aa
1404 3359 1431 3416 si
1455 3359 1484 3415 in
1507 3360 1635 3416 numeris
1659 3374 1730 3435 pro·

372 3445 522 3521 portiones
545 3445 584 3503 ab
607 3445 789 3521 aequalitate
812 3452 842 3504 et
864 3461 883 3503 a
904 3443 1095 3504 similitudine
1122 3443 1253 3501 nonnihil
1278 3430 1425 3523 deflexae,
1454 3445 1497 3504 sic
1520 3454 1552 3505 ut
1584 3443 1652 3505 illas
1676 3442 1730 3504 de-

372 3538 534 3607 sumantur,
565 3532 589 3590 si
621 3539 667 3593 est
697 3549 786 3609 opus,
818 3530 856 3591 ad
886 3548 1068 3591 communem
1100 3533 1228 3590 omnium
1260 3528 1441 3593 harmoniam
1472 3531 1645 3592 referantur:
1655 3550 1729 3608 qua

372 3617 459 3683 modo
483 3621 557 3685 meis
578 3618 787 3681 medietatibus
809 3617 987 3678 harmonicis
1009 3625 1113 3677 utetur.

461 3704 500 3768 11.
523 3706 568 3764 Ex
591 3706 660 3785 Cyri
683 3707 789 3784 paedia
813 3704 976 3784 exemplum
999 3706 1136 3784 proponit
1159 3704 1306 3780 Bodlnus,
1335 3723 1392 3782 qun
1417 3706 1515 3765 omnia
1546 3706 1600 3764 tria
1621 3722 1730 3785 genera

372 3790 571 3871 proportionis
600 3792 739 3871 explicari
769 3800 900 3873 possunt.
947 3794 1040 3873 Cyrus
1073 3788 1158 3871 puer,
1193 3811 1259 3855 aum
1289 3793 1437 3854 hominem
1465 3810 1618 3871 procerum
1648 3803 1730 3853 curta

373 3882 473 3943 tunica
504 3881 638 3940 indutum
661 3883 847 3958 conspicatus
877 3889 969 3951 esset,
1001 3880 1143 3958 pumihrm
1162 3881 1248 3956 juxta
1275 3883 1373 3941 tunica
1395 3880 1480 3954 laxa,
1510 3881 1625 3941 eerrsuit
1647 3898 1730 3943 corn-

371 3966 528 4040 mutandas
551 3968 609 4028 illis
633 3986 698 4031 esse
723 3971 846 4043 tunicas,
870 3977 902 4028 ut
925 3971 1031 4046 cuique
1055 3968 1133 4045 qrrod
1158 3967 1342 4029 commodum
1367 3976 1444 4029 esset
1468 3969 1634 4042 obveniret3
1665 3986 1729 4028 ma·

372 4058 463 4133 gister
486 4057 591 4132 cuique
615 4073 700 4115 suum
724 4055 945 4133 relinquendum
969 4055 1076 4130 edixit3
1103 4054 1210 4133 quodsi
1231 4072 1352 4133 proaero
1376 4056 1481 4116 luisset
1503 4055 1674 4132 injunctum,
1698 4063 1730 4115 ut

370 4143 481 4221 pumilo
505 4141 616 4220 aliquid
639 4146 782 4221 pecuniae
804 4144 934 4206 solveret
956 4152 986 4202 et
1008 4144 1051 4203 sic
1074 4143 1190 4213 demum
1214 4146 1389 4221 permutatio
1406 4142 1503 4217 tieret,
1528 4146 1637 4219 optime
1655 4160 1728 4202 corr-

374 4231 490 4292 ciliatus
517 4232 619 4290 luisset
647 4234 787 4307 magister
818 4231 970 4308 discipulo.
1017 4230 1073 4289 Hic
1101 4230 1193 4308 Cyrus
1223 4233 1430 4307 geometricam
1460 4233 1532 4293 ursit
1561 4233 1730 4308 proportio·

372 4337 448 4393 nem,
472 4316 629 4381 admensus
652 4319 824 4397 corporibus
847 4329 954 4393 vestes,
977 4320 1116 4396 magister
1139 4318 1359 4391 arithmeticam,
1388 4321 1590 4397 possessiones
1614 4320 1729 4394 utrique

372 4424 444 4469 suas
467 4406 576 4482 tuitus;
599 4409 755 4469 attentius
778 4405 828 4467 ille
850 4408 1025 4483 respexisset
1050 4414 1203 4481 utrumque
1227 4407 1323 4477 simul,
1348 4415 1407 4465 tem
1423 4423 1576 4484 corporum
1593 4404 1730 4483 indigen·

371 4496 461 4565 tiam,
494 4510 583 4571 quam
605 4495 707 4571 copias
731 4496 838 4572 cuique
869 4510 938 4553 suus
961 4492 1076 4567 salsas,
1108 4494 1207 4569 itaque
1231 4492 1428 4557 harmonicam
1458 4496 1486 4554 in
1510 4511 1598 4553 sensu
1620 4492 1728 4553 Bodini

371 4581 544 4645 asseruisset
558 4583 785 4658 proportionem,
809 4585 918 4658 quippe
942 4598 976 4639 ex
994 4588 1116 4656 utraque
1138 4582 1265 4658 priorum
1282 4582 1417 4655 mlxtnm3
1441 4580 1641 4642 harmonicam
1657 4599 1728 4642 vern

372 4672 461 4731 etlam
484 4670 513 4727 in
535 4685 625 4728 sensu
647 4686 723 4743 meo,
747 4670 898 4745 quianon
922 4668 1085 4738 dubitaret,
1109 4667 1193 4727 alteri
1217 4667 1296 4745 quod
1320 4681 1396 4729 esset
1420 4670 1508 4747 panni
1538 4669 1727 4747 superfluum,

371 4756 456 4817 alteri
479 4758 634 4841 pecuniam
658 4758 778 4835 eripere,
804 4764 836 4815 ut
860 4756 974 4832 utrique
990 4752 1199 4827 consuleretur,
1226 4757 1295 4832 quia
1311 4773 1463 4819 eurnmune
1480 4759 1630 4837 utrimque
1646 4774 1729 4816 corrr-

372 4842 491 4909 modum
521 4852 705 4925 comparatur
734 4842 876 4905 suavitati
905 4851 1073 4906 concentus.
1121 4842 1259 4905 Accidere
1287 4853 1385 4905 autem
1409 4840 1486 4920 dlxi,
1518 4851 1552 4905 ut
1583 4842 1729 4907 interdum
