3822 5866
817 394 908 453 lictae
924 394 1055 453 Editorls.
1547 401 1610 462 481

257 565 366 634 quoties
382 565 507 637 ineptam
523 568 590 638 qntd
606 567 705 625 iecisse
722 566 767 624 vel
782 567 885 625 dixisse
903 569 1051 625 matium
1086 568 1124 625 Et
1138 566 1169 623 in
1185 567 1239 623 bac
1254 580 1373 624 sessura
1389 570 1532 639 potentin
1549 567 1615 640 pa!

257 649 314 698 tem
335 643 462 716 alteram,
484 653 568 716 prout
590 647 701 704 fortuna
724 648 888 718 respondet,
910 649 951 704 ita
972 647 1123 718 quamlibet
1144 660 1202 702 rem
1226 643 1270 700 vel
1286 645 1386 715 probat
1406 647 1449 701 vel
1467 647 1612 717 improbat.

258 722 297 778 Et
314 723 405 793 quoad
423 724 492 780 bene
517 726 560 781 vel
577 725 648 782 mule
672 727 823 784 succedunt
845 727 967 798 incepta,
994 744 1051 785 non
1075 733 1119 783 ert
1143 727 1279 783 sincerum
1303 725 1337 781 de
1353 724 1387 781 iis
1405 724 1548 796 judicium.
1583 725 1613 781 si

256 800 322 870 qnid
339 801 448 859 occulte
464 803 602 875 mouerit,
629 805 721 874 quiete
739 806 797 860 iere
815 806 977 863 considerat.
1014 806 1103 877 Saepe
1123 814 1181 860 'non
1200 804 1302 859 luctum
1319 803 1442 873 saltem,
1458 804 1507 859 sed
1525 810 1613 860 totum

259 888 384 937 mmmm
402 898 479 938 snam
497 882 616 939 damnat.
652 883 716 939 Non
733 884 836 952 rictus,
854 901 911 940 non
928 884 1056 952 mans,
1075 899 1132 940 non
1149 882 1264 948 doloris,
1282 898 1338 941 non
1355 881 1457 952 gaudii,
1475 898 1530 937 non
1548 897 1612 951 ope·

257 975 319 1014 rum
335 958 375 1015 ilii
393 976 460 1017 cura
478 958 577 1031 mt'q'or,
605 977 689 1031 quam
711 961 845 1033 opinionis
871 961 1009 1019 bominum
1033 962 1068 1018 de
1086 977 1128 1031 ao,
1155 977 1238 1031 quam
1258 963 1338 1032 eupit
1354 962 1464 1017 nonnisi
1487 977 1612 1031 magnam

260 1054 330 1094 esse.
367 1039 446 1096 Unde
468 1041 537 1096 baec
551 1041 667 1098 insania
691 1040 822 1111 »videri«,
848 1041 970 1110 quamvis
993 1057 1043 1111 per
1065 1057 1123 1097 rem
1145 1041 1306 1097 honestam?
1341 1042 1403 1097 Duo
1427 1041 1511 1112 igitur
1533 1043 1612 1098 nobis

259 1116 470 1177 consideranda:
500 1122 531 1192 1)
549 1136 598 1177 cnr
615 1129 688 1177 amet
709 1136 800 1177 verum
823 1124 929 1175 tantum
945 1119 1078 1188 gloriam?
1108 1120 1137 1188 2)
1156 1138 1205 1178 cur
1226 1122 1386 1193 tantopere?
1421 1120 1504 1176 aliud
1521 1129 1612 1177 autem

257 1193 286 1252 in
304 1198 490 1267 superioribus
508 1199 692 1271 tractavimus,
710 1215 748 1256 sc.
765 1215 816 1256 cur
833 1198 924 1255 omniu
942 1197 1002 1267 ejus
1019 1200 1131 1268 incepta
1148 1199 1273 1270 primitus
1297 1217 1359 1257 cum
1376 1207 1452 1273 tantp
1471 1200 1567 1256 ardore
1584 1208 1613 1257 et

259 1273 350 1332 calore
367 1277 538 1348 proveniant.
1232 1302 1242 1316 ·

344 1356 441 1426 ltaque
463 1356 562 1414 siSoli
579 1357 651 1412 inest
671 1358 758 1416 virtus
775 1359 919 1429 Mercuri,
944 1374 1028 1416 causa
1048 1357 1222 1415 mediocriter
1242 1364 1328 1430 patet.
1363 1359 1417 1415 Est
1434 1360 1505 1415 enim
1523 1350 1566 1435 Θ
1583 1357 1612 1414 in

258 1444 350 1501 sextili
371 1437 407 1524 Ἃ
429 1453 457 1501 et
475 1461 537 1501 cum
555 1437 595 1521 ῼ,
615 1461 684 1515 qnae
701 1447 740 1502 nil
756 1454 810 1518 est,
828 1448 883 1503 nisi
900 1448 1014 1518 species,
1033 1455 1062 1502 et
1078 1446 1150 1503 forte
1162 1445 1417 1516 addendum‚‚quod
1433 1444 1525 1531 [NJ
1547 1457 1612 1506 uate

257 1536 355 1601 ortum,
374 1532 502 1603 quodque
519 1526 562 1610 Θ
580 1533 607 1589 in
626 1534 687 1590 Vll.
706 1540 734 1589 et
750 1535 816 1605 qnia
832 1527 875 1613 Q
893 1534 922 1589 in
936 1531 985 1606 Δ
1012 1536 1056 1598 0'.
1091 1534 1175 1589 Forte
1193 1533 1274 1589 etiam
1291 1534 1357 1605 quia
1374 1527 1416 1613 Q
1429 1546 1458 1593 et
1469 1542 1533 1596 Aac.
1549 1553 1611 1593 cum

258 1623 315 1672 tam
333 1618 427 1674 multis
445 1619 541 1676 stellis
576 1620 645 1676 tan
657 1620 739 1677 enam
760 1614 796 1701 'lt
816 1621 845 1677 in
862 1622 900 1677 Μ.
920 1622 949 1676 c.
986 1621 1041 1687 Sed
1065 1636 1101 1677 an
1118 1636 1174 1677 non
1198 1619 1269 1678 haec
1291 1628 1348 1677 tam
1370 1623 1457 1679 multa
1474 1625 1612 1681 tonmun

257 1706 350 1776 potins
363 1707 535 1777 significant?
564 1709 661 1778 Itaque
683 1706 721 1783 Θ
744 1710 772 1765 in
788 1701 916 1785 sextiliip
937 1708 1104 1781 suspicacem
1129 1715 1157 1765 et
1184 1708 1329 1766 sollicitum
1352 1719 1380 1767 et
1402 1713 1513 1769 annum
1534 1713 1610 1781 iacit,

257 1791 286 1839 et
304 1785 461 1855 vigilantem
485 1794 513 1842 et
531 1793 664 1843 attentum
687 1789 715 1842 in
739 1787 856 1857 singula.
892 1787 945 1843 Ubi
970 1788 1054 1858 igitur
1078 1787 1250 1860 inquisiverit
1273 1789 1302 1843 in
1319 1790 1402 1844 vitam
1418 1807 1497 1846 snam
1519 1798 1548 1848 et
1566 1791 1612 1849 de·

258 1865 435 1935 prehenderit
451 1872 565 1935 peccatu
583 1882 645 1937 sna,
671 1883 737 1924 sane
758 1867 793 1923 de
810 1883 843 1923 eo
861 1867 979 1923 maxime
998 1866 1110 1938 dolebit,
1137 1865 1210 1940 quod
1228 1867 1376 1937 pessimum
1396 1868 1450 1938 ipsi
1468 1869 1611 1928 ridebitur.

258 1944 385 2000 Diximus
403 1952 501 2017 antem,
518 1944 606 2001 videri
623 1945 684 2017 ipsi,
703 1961 774 2016 qnae
790 1952 863 2002 sunt.
898 1946 1050 2001 Pessimum
1072 1958 1136 2002 vero
1157 1961 1188 2001 re
1204 1960 1270 2000 vera
1293 1944 1413 2001 infamia.
1448 1948 1504 2003 cnr
1521 1957 1612 2005 autem

258 2022 333 2080 dolet
357 2024 391 2080 de
415 2040 448 2081 ea
469 2026 597 2095 cognita?
632 2025 675 2081 An
699 2025 763 2095 quia
780 2024 905 2081 naturale
922 2026 976 2081 hoc
994 2032 1037 2082 est
1059 2032 1087 2081 et
1105 2023 1211 2080 divinus
1232 2024 1397 2079 instinctus?
1434 2026 1542 2083 Contra.
1578 2029 1612 2085 In

256 2101 310 2160 hoc
327 2104 388 2173 ipso
405 2103 620 2162 luculentissime
637 2104 842 2176 distinguuntur
857 2105 981 2161 homines
1007 2119 1024 2160 a
1042 2121 1073 2161 se
1088 2102 1218 2173 invicem,
1244 2103 1319 2172 qnod
1337 2102 1447 2172 qnidam
1466 2102 1559 2161 dolent
1577 2104 1612 2160 de

255 2180 434 2249 turpitudine,
454 2182 563 2252 qnidam
580 2199 644 2253 non,
664 2197 733 2252 qnos
750 2183 906 2241 nominibus
922 2184 1011 2239 bonae
1029 2184 1073 2240 sel
1087 2181 1178 2238 malae
1195 2181 1295 2238 indolis
1308 2179 1504 2250 distinguimus.
1531 2181 1612 2240 Unde

257 2258 343 2328 igitur
359 2266 453 2316 tantm
471 2260 568 2317 dolor‘?
603 2260 646 2317 An
666 2278 700 2317 ex
719 2278 760 2334 eo,
779 2262 843 2334 quia
861 2268 955 2318 tantus
974 2278 1050 2319 amur
1067 2262 1188 2333 ponae?
1223 2263 1261 2316 At
1278 2262 1351 2317 unde
1369 2262 1501 2330 aterqm‘?
1526 2276 1612 2332 supra

257 2339 330 2394 enim
346 2345 454 2394 tantum
471 2338 587 2395 diximus
606 2339 641 2397 de
659 2341 808 2412 eupiditate
830 2345 858 2398 et
876 2340 1057 2397 delectatione
1076 2338 1235 2412 speculandi
1261 2338 1478 2409 fabricandiqne¹
1502 2340 1560 2410 J‘am
1577 2341 1612 2398 de

257 2417 406 2474 moralibus
424 2418 537 2488 ammos.
572 2421 620 2475 An
636 2419 720 2490 igltnr
737 2422 812 2478 dolet
829 2418 891 2477 ideo
908 2420 1094 2483 vehementer,
1122 2420 1187 2489 qnia
1211 2418 1387 2477 vehementer
1403 2420 1504 2491 cernit,
1531 2437 1612 2491 quam

257 2494 358 2629 fflnm
383 2496 432 2566 sit,
458 2504 486 2552 et
503 2498 629 2556 natumle
646 2507 689 2556 est
713 2499 804 2556 dolere
829 2500 864 2556 ds
889 2498 985 2555 maloi
1021 2499 1066 2555 Sic
1091 2497 1179 2555 omnis
1201 2496 1288 2554 virtus
1305 2498 1390 2555 animi
1415 2512 1451 2554 ex
1471 2499 1612 2557 intellectu

313 2580 446 2630 namur.
1316 2586 1319 2593 ·

342 2651 482 2722 Optimum
499 2654 582 2724 igitur
599 2661 650 2726 est,
669 2656 716 2712 nbi
731 2655 855 2728 jungitur
871 2657 1007 2714 industria
1023 2656 1141 2730 ingenio.
1177 2656 1215 2713 Et
1225 2656 1270 2713 hic
1283 2658 1384 2728 optime
1395 2656 1498 2713 habent
1512 2658 1610 2731 omnia,

257 2730 311 2787 nisi
327 2730 400 2801 qnod
418 2732 515 2788 Martis
533 2733 626 2789 radius
645 2736 795 2803 quadratus
818 2736 892 2793 illam
909 2739 1019 2793 nimiam
1043 2745 1126 2806 auget
1152 2737 1388 2809 praecipitantium
1410 2743 1438 2793 et
1464 2738 1612 2795 multarum

257 2826 352 2866 rerum
370 2810 560 2881 inceptionem.
594 2812 680 2869 Nota:
698 2813 868 2884 Maegerlino
888 2821 930 2871 est
945 2814 1056 2891 Jupiter
1072 2816 1100 2871 in
1118 2822 1189 2873 ortu.
1225 2817 1264 2871 Et
1274 2816 1321 2872 ille
1333 2833 1389 2872 non
1405 2823 1448 2872 est
1465 2817 1505 2872 lta
1521 2815 1611 2872 laudis

259 2887 399 2946 studiosus
425 2897 455 2947 et
476 2898 568 2949 tamen
593 2892 714 2951 honoris.
749 2892 826 2950 lovis
848 2894 933 2965 igitur
957 2893 1095 2964 ingenium
1121 2894 1236 2970 simplex
1254 2900 1308 2962 est,
1335 2900 1466 2967 appetere
1474 2894 1611 2954 ”honores

258 2970 298 3026 Et
317 2967 391 3029 alind
409 2978 452 3028 est
468 2972 572 3044 bonos,
597 2971 672 3030 allud
689 2972 759 3031 bus.
795 2972 1020 3043 Distinguautur:
1044 2973 1106 3029 laus
1128 2971 1258 3030 fundatur
1281 2973 1310 3029 ln
1328 2974 1455 3046 opinione
1470 2974 1612 3035 hominum

261 3054 290 3104 tt
306 3046 335 3109 in
353 3050 562 3121 existimatione,
579 3048 668 3106 honor
683 3052 711 3107 in
729 3052 897 3121 ceremoniis,
915 3051 1132 3117 salutationibus,
1150 3052 1252 3123 titulis,
1270 3052 1379 3124 officim,
1398 3059 1427 3110 et
1442 3060 1536 3124 potest
1552 3056 1612 3113 lieri

257 3133 318 3188 sine
335 3132 425 3191 laude.
462 3133 583 3188 Deberet
604 3137 696 3186 nmen
713 3145 748 3186 ex
764 3128 845 3186 laude
862 3130 1013 3202 proficisci,
1036 3131 1090 3188 nisi
1108 3130 1294 3202 degeneraret.
1328 3133 1455 3204 Dignltas
1481 3134 1613 3191 adhaeret

258 3210 357 3268 honori
375 3209 589 3283 quodammodo,
614 3208 638 3264 si
654 3208 743 3264 honor
768 3225 830 3266 cum
848 3209 929 3267 lande
956 3216 1006 3267 est.
1041 3205 1226 3281 Praestantia,
1254 3209 1417 3267 excellentia
1435 3218 1500 3268 sunt
1514 3212 1611 3269 funda·

257 3298 382 3348 mentum
400 3300 428 3348 et
444 3294 562 3362 possunt
580 3288 639 3344 aine
656 3285 739 3343 laude
756 3288 878 3357 cogitari.
914 3288 1071 3345 Auctoritas
1088 3289 1214 3345 ultimum
1232 3289 1410 3349 videturesse
1427 3290 1456 3346 in
1475 3291 1610 3362 opinione,

256 3370 373 3441 primum
390 3370 419 3427 in
436 3370 523 3439 iacto,
547 3383 607 3438 quq
619 3365 721 3437 aliquid
737 3367 929 3435 retribuimus,
952 3375 996 3423 est
1013 3376 1105 3424 autem
1122 3369 1274 3426 communis
1292 3368 1373 3425 etiam
1390 3369 1610 3426 benefactoribus

258 3455 288 3506 et
304 3451 435 3522 patronis,
453 3448 575 3522 qnamris
593 3461 650 3502 non
667 3443 827 3517 laedentur,
850 3455 883 3502 nt
900 3453 928 3503 et
944 3449 1103 3518 potentibus
1122 3454 1205 3518 atque
1226 3446 1362 3503 divitibus.
1398 3447 1491 3504 Virtus
1509 3454 1611 3503 estse

259 3530 360 3586 cretius
378 3530 444 3601 quid
462 3544 543 3598 qnam
561 3523 738 3596 praestantia,
757 3522 822 3594 quia
837 3522 888 3581 illa
905 3525 1064 3596 simpliciter
1081 3526 1275 3597 consideratur,
1294 3526 1362 3582 haec
1379 3527 1475 3583 relata.
1509 3527 1611 3583 Aucto·

258 3607 327 3666 ritas
345 3616 389 3666 est
404 3609 519 3666 tacitum
535 3621 650 3676 regnum
668 3604 727 3660 sine
742 3603 848 3661 bonore
864 3605 949 3676 regio.
983 3606 1121 3663 Lutberns
1140 3606 1180 3663 sio
1196 3608 1329 3677 regnarit.

345 3688 387 3745 Ab
405 3688 515 3745 ineunte
532 3692 623 3742 aetate
640 3683 750 3741 inerunt
766 3681 831 3740 baie
853 3682 957 3739 homini
974 3684 1122 3740 adversarii
1139 3684 1236 3755 aliqui,
1253 3685 1365 3757 primns,
1384 3699 1463 3754 quem
1481 3680 1612 3737 memoria

257 3776 348 3842 teneo,
366 3770 490 3840 Holpius,
506 3767 562 3823 imo
581 3779 675 3822 omnes
694 3761 864 3832 consodales,
882 3760 1002 3832 Molitor,
1021 3761 1192 3819 Wiclandius
1210 3763 1404 3834 Mnlpronnae,
1424 3771 1452 3819 et
1469 3761 1611 3832 Tubingae

258 3846 392 3918 Kollinus,
411 3843 578 3904 Bebenhnsii
595 3841 777 3907 Braunbaum,
794 3838 977 3910 Mulpronnae
994 3839 1226 3909 Ziegelhenserus.
1262 3843 1403 3899 Recenseo
1422 3843 1572 3899 diuturnos.

327 3925 468 3996 Tabingue
478 3922 652 3989 Hnldericns,
670 3919 809 3989 Seiderus,
827 3918 958 3989 Ortolfns,
976 3919 1145 3989 adelbergae
1157 3919 1315 3986 Lendlinnn
1333 3922 1513 3992 Mulprunnae
1526 3921 1611 3991 Span-

257 4004 435 4076 gerlegius,
454 4003 596 4073 Tubingne
614 4000 753 4070 Cleberus,
770 3998 953 4079 Mulpronnae
970 3999 1122 4072 Rebstocls,
1141 3999 1281 4070 Hueelius,
1298 3998 1441 4072 Tubingae
1458 4000 1611 4071 Danberus,

257 4083 426 4142 Lorhardns.
464 4084 602 4156 Cognatas
620 4081 766 4152 laegatus,
784 4079 828 4136 Jo.
848 4079 962 4149 Regius,
980 4078 1130 4150 limarins,
1150 4077 1315 4150 Speidelius‚
1334 4076 1472 4151 Zailerus,
1491 4079 1534 4136 Jo.
1550 4080 1610 4136 Mo·

256 4162 323 4220 litor
345 4163 445 4237 trater,
472 4164 523 4220 An.
543 4160 669 4232 Orellina
694 4175 786 4229 socer,
808 4157 934 4229 plerique
957 4158 1099 4228 aequales,
1121 4158 1220 4228 reliqui
1237 4156 1310 4213 iorte
1329 4156 1359 4213 in
1385 4173 1477 4215 cansa
1513 4159 1612 4230 Itaque

257 4242 366 4300 animus
391 4243 450 4314 ejus
474 4245 617 4299 exercetm
638 4239 667 4295 in
690 4234 900 4309 cogitatiombns
923 4242 1019 4292 conus
1040 4237 1218 4295 adversarios.
1252 4235 1352 4293 Unde?
1375 4254 1411 4293 an
1429 4237 1493 4306 quia
1509 4236 1611 4306 virtuti,

257 4320 409 4394 profectui,
430 4321 592 4387 honoribus,
610 4318 734 4375 ielidtati
751 4329 858 4388 semper
876 4314 994 4372 aemuli?
1029 4316 1073 4371 An
1090 4316 1155 4386 quia
1174 4312 1213 4391 Θ
1231 4323 1260 4374 et
1276 4308 1302 4393 Q
1318 4314 1350 4370 in
1366 4314 1438 4372 VII?

345 4408 446 4482 Holpio
464 4411 538 4481 (inter
555 4413 688 4474 magistros
703 4412 818 4471 receptus
836 4421 902 4457 anno
916 4408 983 4457 mss
998 4423 1054 4458 cnm
1065 4406 1231 4470 liuegerlino,
1249 4408 1332 4457 locum
1345 4409 1456 4458 obtinuit
1470 4412 1511 4464 14.
1522 4408 1609 4458 Pasto-

257 4495 293 4545 ris
306 4507 408 4544 munera
425 4494 575 4554 mmabatnr
592 4504 615 4543 a.
635 4488 816 4539 lose-1628
833 4485 990 4553 Netdltngas)
1007 4499 1113 4540 meeum
1130 4485 1164 4541 de
1182 4482 1342 4539 eruditionis
1359 4484 1486 4555 opinione
1504 4482 1612 4540 occulta
1708 4530 1738 4577 ''.

258 4569 408 4628 contentio.
441 4570 469 4625 Is
486 4582 535 4641 me
548 4565 693 4623 manifeste
711 4561 815 4632 oderat,
831 4576 937 4635 mecum
953 4560 996 4617 bis
1009 4564 1147 4632 pugnavit
1165 4561 1425 4634 senatucobergae,
1444 4561 1528 4620 semel
1539 4560 1610 4616 Mul·

256 4656 387 4721 pronnae.
422 4632 571 4717 Postquam
587 4643 627 4699 lbi
644 4643 722 4699 locus
740 4640 865 4711 superior
881 4636 949 4695 mibi
966 4639 1063 4708 cessit,
1088 4640 1217 4699 rediimus
1241 4642 1270 4699 in
1288 4642 1410 4714 gratiam.
1446 4640 1610 4714 Desperarit

258 4728 331 4786 enim
349 4726 557 4795 restitutionem,
575 4737 691 4793 cumque
708 4720 784 4793 prius
802 4734 909 4790 semper
926 4726 1073 4787 metueret,
1088 4719 1153 4790 Jum,
1171 4718 1243 4776 iacto
1261 4718 1336 4791 quod
1353 4726 1499 4793 metuerat,
1519 4722 1610 4781 odisse

257 4804 440 4877 simulatque
463 4811 596 4871 metuere
610 4801 699 4860 desiit
734 4799 858 4858 Molitori
881 4798 986 4893 (pastori
1003 4798 1157 4853 metlenti
1183 4799 1373 4870 itti—itti)
1391 4798 1487 4857 eadem
1510 4800 1611 4860 occulti

314 4912 409 4967 auten
422 4910 498 4965 oper·
510 4909 540 4954 v.
1411 4904 1451 4964 31
