3792 5860
375 362 438 424 ng
660 408 666 417 ,
819 348 861 405 De
879 341 1041 420 liguarum
1059 342 1297 441 emensum·

461 534 509 591 lit
531 533 603 589 enim
626 529 716 600 figura
741 527 798 583 illic
819 527 892 596 parti
910 542 992 598 quam
1016 529 1080 597 toti,
1109 528 1154 583 ilc
1170 527 1270 598 planae
1291 541 1373 596 quan
1390 520 1494 584 solidas
1512 526 1638 597 similior,
1664 540 1727 584 cum

376 614 463 671 onmis
482 612 570 670 solida
591 609 627 666 ad
643 608 783 664 minirum
800 608 818 665 i
835 606 1031 681 superficiebus
1049 607 1217 663 terminetur.
1231 618 1235 629 ¹
1253 606 1336 662 Utin
1353 605 1426 678 typis
1448 622 1483 661 ex
1500 620 1564 662 aere
1589 604 1727 675 sequeuti-

376 693 426 749 bus
444 692 480 748 ad
497 689 589 745 literas
607 688 640 757 A,
658 687 691 757 B,
709 684 756 741 ubi
773 682 860 753 malou
875 683 965 756 figura
982 686 1025 742 ebt
1041 684 1222 757 heptagonus.
1260 683 1367 741 Classes
1393 684 1463 742 istae
1481 685 1551 742 duae
1575 701 1637 741 cum
1655 684 1727 754 ipso·

374 788 435 829 rum
456 768 565 839 majoris
587 767 692 836 figurae
714 764 832 820 laterum
855 780 968 820 numero
991 774 1139 822 excurrunt
1161 766 1190 821 in
1213 763 1362 835 infinitum,
1387 765 1464 821 initio
1488 763 1562 821 facte
1586 761 1728 831 strigono

373 849 509 917 utrinque,
527 846 600 916 quod
617 845 646 900 in
656 843 745 900 classe
756 842 790 913 A,
809 848 853 898 est
871 859 906 898 ex
917 843 1122 913 perfectissimis
1134 844 1305 915 regularibus
1318 844 1515 915 congruentiis,
1533 842 1650 900 manaitu
1663 858 1728 898 sero

267 946 273 957 ‘
373 929 447 987 facto
468 943 518 998 per
540 934 712 995 tetragonum
734 930 763 980 et
784 930 851 980 tuuc
872 925 902 979 in
919 925 1007 981 classe
1024 926 1064 997 B,
1081 922 1223 980 incidimus
1241 924 1339 979 iterum
1356 924 1384 978 fn
1403 940 1485 980 unam
1501 920 1729 994 perfectissimam

374 1007 525 1079 regularem
543 1006 764 1077 congruentiam,
783 1011 890 1062 ceterae
909 1020 1002 1060 omues
1019 1002 1195 1075 imperfectae
1212 1007 1284 1058 suut.

461 1098 519 1158 XI.
541 1097 755 1159 Deliuitio.
800 1095 977 1158 Semisolida
999 1104 1057 1173 est,
1076 1114 1162 1175 quae
1192 1110 1251 1157 nou
1280 1098 1406 1157 sustinet
1428 1111 1529 1155 omnes
1552 1092 1730 1155 deduitIonis

375 1188 495 1265 quintae
516 1184 694 1264 particulam
716 1195 750 1246 ut
772 1202 838 1246 cum
860 1188 969 1264 aptatis
991 1185 1092 1265 liguris
1114 1184 1219 1263 planis,
1242 1185 1432 1263 congruentia
1453 1198 1513 1241 nou
1535 1181 1623 1261 plane
1645 1182 1676 1241 lu
1698 1201 1731 1244 ae

374 1278 468 1356 ipsam
489 1272 574 1348 redit,
597 1272 650 1334 sed
671 1273 810 1351 relinquit
830 1272 949 1352 blutus3
978 1271 1014 1334 de
1036 1278 1132 1333 cetero
1161 1273 1270 1333 tuearis
1302 1272 1481 1350 praescripta
1503 1268 1559 1329 dei.
1585 1271 1603 1328 6
1626 1275 1656 1328 et
1679 1271 1708 1330 l.

461 1360 534 1420 XII.
557 1360 764 1421 Definitio.
809 1360 936 1438 FIgurae
958 1362 1064 1440 plenae
1079 1374 1226 1437 congruae
1248 1366 1324 1433 eunt,
1348 1376 1424 1435 quae
1447 1355 1496 1417 vel
1511 1355 1638 1423 solidam
1652 1355 1732 1434 figu-

340 1502 347 1510 .
374 1469 437 1511 ram
459 1446 651 1523 concludunt,
675 1448 722 1508 vel
745 1448 895 1527 planitiem
917 1452 980 1511 siue
1002 1448 1085 1509 biatu
1108 1449 1242 1527 explent,
1265 1449 1424 1508 existentes
1445 1446 1528 1525 ipeae
1549 1445 1660 1523 figurae
1683 1463 1733 1505 re·

374 1539 491 1617 gulam
514 1534 563 1595 vel
583 1535 813 1614 semiteguluree.

461 1640 551 1701 xnu
574 1642 779 1703 Definitio.
822 1642 1006 1720 incongruae
1021 1638 1155 1700 dicantur
1169 1638 1240 1701 Illae
1254 1637 1365 1718 figurae
1379 1641 1486 1721 planae
1501 1646 1651 1724 regulares
1673 1651 1733 1711 air·

375 1729 500 1806 cuisque
530 1730 687 1808 incomptae
716 1726 873 1811 (siquidem
901 1738 970 1791 suut
991 1724 1190 1808 iuscriptilee)‚
1222 1744 1299 1806 quae
1329 1746 1424 1807 neque
1452 1731 1577 1796 solidam
1600 1734 1733 1814 figuram

376 1818 528 1897 sphaerico
549 1816 739 1896 iuscriptilem
761 1835 861 1878 secum
884 1819 975 1896 Ipsae,
998 1822 1051 1876 aut
1074 1832 1140 1899 earm
1164 1814 1231 1875 aliis
1253 1833 1325 1878 suae
1346 1816 1395 1878 rel
1418 1816 1538 1881 ulterius
1561 1821 1664 1885 &sels
1687 1827 1734 1887 ef·

374 1905 514 1980 formant,
544 1907 602 1964 uisi
632 1905 830 1983 imperfectam
860 1912 986 1980 tautum,
1018 1920 1114 1979 neque
1136 1901 1256 1982 planum
1278 1911 1410 1965 sternunt
1432 1907 1481 1968 vel
1501 1909 1584 1987 ipsae
1603 1912 1679 1971 iuter
1701 1932 1734 1976 se

376 1994 520 2072 singulae,
541 1991 591 2053 rel
615 2009 681 2053 cum
703 1992 797 2063 stellIs
819 2010 890 2054 suae
914 1991 1025 2068 classis,
1050 1991 1097 2051 vel
1111 2008 1177 2052 cum
1200 1989 1300 2068 figuris
1322 1999 1352 2052 et
1373 1991 1466 2054 stellis
1489 1995 1590 2059 classis
1612 1996 1735 2065 alterius

375 2081 567 2143 circumcirca.

461 2163 601 2232 libinose,
620 2162 729 2219 excindi
748 2160 938 2233 septangulum
957 2167 986 2217 et
1002 2160 1077 2231 tabe,
1095 2175 1151 2216 uon
1169 2160 1309 2234 obstante,
1334 2164 1407 2234 quod
1425 2166 1490 2223 bina
1507 2144 1642 2238 parallelas
1659 2180 1734 2242 sept.

376 2243 476 2314 angula
497 2240 542 2297 rel
560 2244 577 2298 7
595 2241 750 2311 quadratis,
773 2241 816 2298 sel
838 2241 873 2296 ii
895 2240 1037 2311 triangulis
1068 2239 1162 2309 adjutu
1187 2240 1358 2311 regularibus
1381 2245 1499 2302 solidum
1527 2247 1635 2303 omnino
1661 2248 1735 2307 clau·

366 2324 458 2397 „duut;
476 2322 541 2392 quia
558 2325 665 2376 tautum
681 2320 746 2375 bina
763 2318 926 2389 septangula
943 2327 1118 2389 concurrunt,
1141 2320 1228 2389 dtque
1244 2321 1334 2393 figura
1352 2322 1518 2384 discifcmis
1537 2333 1566 2382 et
1583 2327 1683 2397 planae
1701 2330 1736 2384 si·

375 2404 461 2473 milia,
492 2414 663 2473 nequaquam
691 2415 755 2455 roro
779 2398 960 2470 globiformis‚
991 2398 1176 2524 sqbaeroidea.
1217 2402 1288 2457 Vide
1314 2404 1343 2460 iu
1367 2403 1457 2474 iigura
1483 2403 1531 2462 fol.
1558 2416 1615 2476 seq
1640 2404 1736 2461 literas

376 2482 409 2551 Δ,
429 2483 461 2539 Β,
497 2483 542 2540 Sic
560 2484 645 2551 cuam,
655 2478 810 2534 excluditur
821 2478 1011 2548 quindecmgu
1023 2496 1077 2549 um,
1095 2478 1298 2552 nonobstante,
1317 2482 1390 2552 quod
1402 2482 1539 2555 aliquibus
1552 2483 1659 2553 angulis
1673 2501 1736 2541 cum

377 2558 481 2630 figuris·
490 2563 613 2632 cognatis
631 2562 721 2617 locum
738 2558 767 2613 ln
785 2556 868 2628 plano
881 2557 987 2627 explet3
1007 2557 1071 2626 quia
1082 2556 1135 2612 boc
1146 2572 1201 2613 uon
1213 2556 1280 2613 facit
1292 2558 1468 2618 circumcirca
1480 2560 1604 2617 omuibus
1616 2562 1734 2633 angulis.

463 2655 551 2718 XIV.
574 2652 807 2733 Propositio.
855 2650 1037 2727 angulorum
1059 2649 1212 2730 planorum
1239 2666 1300 2712 nou
1320 2655 1475 2732 pauciores
1498 2672 1587 2732 quam
1608 2656 1683 2717 terni
1706 2658 1737 2715 in

376 2744 466 2825 piano
488 2746 660 2822 congruunt.

429 2852 433 2859 ¹
462 2826 533 2883 Nam
550 2827 623 2882 eirca
640 2821 782 2893 quodlibet
800 2835 948 2877 concursus
959 2828 1092 2890 punctum
1104 2825 1147 2874 est
1165 2834 1270 2876 summa
1282 2828 1400 2891 quatuor
1410 2827 1549 2881 rectorum
1560 2825 1736 2895 angulorum:

377 2915 407 2964 at
423 2906 524 2965 nullius
541 2905 645 2975 figurae
663 2902 780 2972 angulus
798 2906 898 2972 aequat
916 2915 1048 2956 summam
1066 2898 1182 2954 duorum
1199 2908 1344 2972 rectorum,
1364 2900 1447 2971 igitur
1464 2901 1519 2958 duo
1532 2905 1737 2975 quanticunque

378 2984 470 3054 anguli
486 2990 551 3039 sunt
569 2983 660 3041 adbuc
677 2982 797 3038 minores
809 2988 928 3052 quntuor
938 2979 1036 3035 rectis:
1056 2977 1110 3033 duo
1122 2977 1205 3047 igitur
1222 2995 1276 3035 nou
1289 2979 1400 3050 explent
1412 2980 1561 3052 planitiem¹
1580 2998 1630 3054 per
1643 2983 1698 3040 def.
1714 2988 1737 3041 i.

465 3076 535 3137 XV.
557 3077 787 3157 Propositio.
833 3070 1016 3152 cingulorum
1046 3069 1199 3151 planorum
1232 3088 1291 3132 uon
1313 3075 1467 3149 pauciores
1489 3093 1579 3153 queas
1599 3078 1676 3137 torui
1699 3075 1738 3137 ad

378 3163 506 3224 solidum
528 3164 669 3242 angulum
691 3163 875 3225 formandum
898 3166 1061 3236 congruunt
1082 3157 1132 3219 rel
1153 3166 1319 3236 assurgunt.
1460 3214 1467 3229 ,

464 3246 527 3302 Biui
548 3246 622 3317 eulnq
638 3264 694 3302 non
711 3245 843 3302 lateribus
860 3251 981 3312 tanturn,
1004 3242 1053 3298 sed
1073 3240 1139 3296 totis
1167 3240 1331 3312 planitiebus
1357 3253 1538 3313 congruerent
1562 3244 1686 3323 ninilque
1705 3248 1739 3303 de

379 3341 492 3396 corpore
510 3324 599 3382 solido
617 3325 878 3396 complecterentur:
895 3321 969 3394 quod
987 3328 1029 3377 est
1047 3327 1143 3379 contra
1160 3320 1215 3377 dei.
1234 3320 1325 3393 augirli
1343 3322 1422 3379 solidi
1441 3322 1515 3394 apud
1532 3322 1687 3380 Euclidem.

467 3417 553 3478 XVI.
576 3418 817 3497 Propositio.
864 3415 1046 3494 singulorum
1076 3415 1105 3472 in
1134 3413 1222 3491 piano
1246 3418 1466 3494 congruentium
1486 3433 1604 3479 summa
1624 3436 1739 3499 semper

380 3513 425 3568 est
444 3509 467 3566 ·4
489 3512 642 3581 rectorum,
664 3522 815 3583 uunquam
836 3503 946 3584 major:
969 3504 1189 3579 congruentium
1205 3504 1236 3561 in
1251 3502 1347 3564 solido
1369 3512 1415 3566 est
1433 3506 1529 3565 mInor
1542 3504 1599 3566 bac
1612 3520 1738 3568 summa.

465 3590 498 3645 In
515 3589 598 3660 plano
616 3606 642 3645 u
660 3605 715 3644 non
733 3587 861 3659 plures'i
878 3587 963 3643 rectis
980 3600 1065 3645 unum
1081 3592 1214 3654 puuctum
1232 3586 1422 3643 circumstant:
1440 3603 1508 3659 ergo
1525 3604 1587 3644 cunr
1603 3597 1740 3659 aequatur

291 3657 300 3665 ’
379 3685 485 3725 summa
508 3670 525 3725 4
544 3676 693 3738 rectorum,
720 3675 786 3725 tunc
809 3667 902 3724 hiatus
927 3665 1019 3722 nullus
1037 3662 1212 3734 relinquitur,
1235 3672 1263 3720 et
1282 3680 1332 3735 per
1353 3664 1407 3722 dei.
1427 3668 1450 3722 i.
1471 3668 1649 3738 congruentia
1672 3673 1740 3725 tunc

379 3754 422 3803 est
439 3747 467 3802 iu
484 3746 576 3819 plano.
613 3747 642 3803 Si
661 3746 773 3817 planum
791 3751 917 3802 sternunt
935 3742 1036 3814 auguli,
1053 3740 1090 3798 ed
1108 3742 1274 3818 soliditatem
1291 3759 1347 3800 non
1364 3752 1520 3815 assmguut.
1555 3745 1738 3821 ursicinum,

311 3822 317 3829 '
381 3824 405 3882 ei
424 3827 516 3898 auguli
534 3827 621 3896 aptati
639 3826 667 3881 in
685 3825 768 3896 piano
786 3824 947 3893 relInquuut
963 3824 1083 3899 hiatum,
1110 3824 1219 3898 quaudo
1238 3839 1275 3879 sc.
1300 3830 1365 3880 sunt
1382 3824 1500 3882 minores
1520 3826 1538 3883 i
1555 3822 1650 3891 rectis,
1673 3830 1740 3880 tunc

381 3904 507 3962 adductis
525 3905 632 3961 duobus
651 3903 781 3960 lateribus
799 3903 871 3960 circa
888 3902 994 3958 hiatum
1011 3911 1041 3961 et
1058 3905 1171 3963 excluso
1189 3904 1266 3960 hiatu
1293 3919 1406 3959 necesse
1428 3910 1471 3961 est
1493 3898 1638 3974 assurgere
1655 3919 1739 3975 augu-

381 3984 438 4040 lum
455 3990 484 4041 et
501 3982 621 4039 solidari.
657 3985 690 4039 Iu
708 3983 797 4054 figure
814 3985 840 4039 H
858 3984 916 4053 typi
935 3983 1012 4040 aenei
1030 3983 1078 4042 fol
1097 3998 1154 4054 seq.
1179 3991 1243 4038 sunt
1259 3982 1325 4053 picti
1349 3990 1405 4040 tres
1431 3984 1579 4053 pentagoni
1601 3982 1629 4039 in
1653 3982 1740 4054 plani·

383 4063 449 4119 tlem
467 4062 545 4119 strati
564 4069 591 4118 et
608 4062 724 4119 blentes.
808 4116 814 4121 .

286 4226 290 4243 Ι
468 4154 571 4216 XVII.
593 4155 664 4216 Pro
673 4174 691 4234 p
701 4158 832 4217 ositio.
876 4156 987 4234 Figura
1001 4156 1206 4236 imparilatesa,
1222 4157 1307 4233 cujus
1322 4163 1460 4236 aptantur
1474 4155 1616 4217 laterIbua
1629 4154 1740 4233 flgurae

376 4243 505 4306 xduarum
526 4244 697 4347 specierum,
721 4260 779 4304 uon
801 4249 899 4323 potest
911 4244 1031 4323 aequali
1046 4245 1140 4307 forma
1155 4245 1291 4306 omuibus
1311 4245 1429 4323 augsIIs
1451 4260 1623 4307 concurrere
1645 4243 1694 4304 val
1710 4244 1739 4301 in

383 4331 543 4469 planella}
557 4349 595 4469 dl?
604 4330 809 4484 irsrodiggipeius
828 4378 998 4485 angulorum,
1016 4420 1048 4469 ut
1059 4413 1182 4485 ejusdem
1191 4414 1295 4485 speciei
1306 4413 1411 4486 figurae
1426 4414 1553 4484 utrinque
1565 4417 1648 4483 suut,
1667 4410 1740 4485 quod

384 4494 412 4551 fn
429 4492 527 4549 ceterIe
545 4491 652 4564 augulis
669 4509 725 4550 uon
743 4492 782 4548 it
818 4492 907 4561 Huius
921 4494 960 4549 rei
979 4508 1062 4550 causa
1080 4493 1140 4550 vide
1157 4492 1272 4564 dguram
1290 4495 1311 4550 C
1328 4494 1386 4564 typi
1404 4493 1482 4551 aenei
1499 4509 1556 4565 seq.

472 4584 590 4646 XVIII.
613 4586 853 4667 Propositio.
892 4585 1017 4644 Planum
1032 4584 1129 4645 locum
1144 4585 1352 4664 perfectissime
1367 4585 1485 4665 explent
1499 4584 1589 4665 piena
1609 4581 1740 4663 eiusdem

386 4674 497 4755 figurae
519 4679 633 4733 tautum
655 4675 725 4734 trine
748 4674 853 4751 trigoni
877 4674 950 4747 seul,
973 4678 1119 4749 tetragoni
1141 4675 1283 4750 quaterni,
1307 4672 1454 4753 hexagoni
1477 4674 1562 4735 terni.

471 4757 542 4813 liam
559 4770 609 4826 per
626 4756 648 4812 1.
667 4757 708 4812 33.
725 4754 807 4824 hujus
830 4755 931 4825 trigoni
948 4752 1064 4824 angulus
1082 4760 1125 4811 est
1142 4754 1159 4827 i
1177 4755 1258 4812 unius
1269 4757 1345 4827 recti,
1368 4772 1419 4814 sex
1430 4771 1496 4827 ergo
1509 4757 1601 4827 auguli
1613 4768 1739 4814 tenorum

383 4838 553 4910 munorum
571 4842 636 4892 eunt
657 4835 700 4907 Ψ,
717 4835 746 4891 fd
764 4843 807 4893 est
824 4836 841 4891 4
858 4834 964 4907 integri.
993 4834 1064 4893 Vide
1082 4834 1118 4895 ll.
