3940 5856
748 371 831 428 niun
848 372 896 429 111.
916 373 1005 445 Oeput
1021 373 1081 430 Vll.
1533 383 1609 445 m·

224 542 426 609 harmonicae,
455 553 486 601 nt
503 561 536 601 ea
552 545 611 603 sine
629 546 682 602 hoe
700 548 790 618 capite
807 563 903 604 manca
920 547 1005 603 rideri
1021 549 1123 618 possit,
1147 549 1251 620 cappe
1268 566 1330 605 cunr
1344 553 1482 620 maninus
1499 546 1603 613 cutus

241 622 356 680 effeetus
374 625 410 681 sit
427 626 694 681 animorum‘motus.
730 625 793 681 Non
806 627 889 695 igitur
906 627 977 683 inter
988 628 1108 684 eiumhes
1118 628 1187 685 alias
1204 632 1421 702 comparationes
1437 630 1596 701 abjicienda,

242 702 291 759 sed
309 705 423 760 seorsim
444 705 473 758 iu
489 704 591 762 illustri
612 706 699 775 ipsius
718 707 809 775 operis
832 706 893 761 loco
912 705 1071 761 collocanda
1093 714 1122 762 et
1145 715 1271 764 tonorum
1289 709 1458 767 differentiae
1481 710 1596 781 abipso

240 783 294 839 hoe
311 782 412 839 effectu
429 783 625 841 describendae
641 785 708 839 mihi
724 785 837 840 fument
852 784 916 841 libri
934 786 986 841 mei
1003 786 1053 840 lli.
1074 789 1163 858 capite
1181 790 1224 843 ii.

326 861 400 917 Nota
416 862 452 916 ll.
488 863 602 919 Duabus
626 865 661 919 de
684 866 774 919 causis
797 865 851 923 hoe
873 865 935 921 loco
956 872 1078 921 mutatur
1099 868 1250 923 animorum
1274 868 1431 939 dispositio,
1456 871 1501 928 uel
1524 874 1596 949 apim

240 942 397 999 mnditioue
419 949 574 1012 temporum
598 950 627 997 et
648 942 845 1000 utiecdonibns'
863 945 1017 1016 formisque
1038 947 1215 1016 reipublicae,
1245 948 1288 1002 vel
1315 955 1397 1004 cautu
1422 950 1492 1019 ipsc.
1527 952 1596 1009 lllse

240 1021 405 1077 mutationes
424 1029 489 1077 sunt
506 1023 610 1092 lenus,
637 1022 708 1080 istae
725 1024 899 1094 subitaneae,
925 1031 957 1078 ut
974 1033 1071 1080 cantus
1088 1026 1163 1096 ipse,
1188 1026 1252 1082 illae
1269 1028 1474 1084 universitatem
1496 1032 1596 1088 eidam

240 1102 372 1171 attinent,
394 1103 465 1158 istae
488 1103 614 1172 singulos
636 1110 733 1157 cantus
755 1102 903 1158 auditores.
939 1104 982 1158 De
1000 1104 1088 1172 prima
1105 1122 1190 1161 eausa
1210 1114 1304 1163 textus
1325 1107 1414 1175 clarus
1437 1118 1494 1177 est,
1516 1111 1595 1179 cujus

239 1185 309 1239 haee
332 1197 448 1238 summa:
473 1182 564 1237 studia
587 1183 689 1239 abeunt
712 1182 741 1237 in
764 1197 854 1238 mores
872 1189 900 1236 et
918 1183 1090 1239 consuetudo
1114 1186 1147 1263 iit
1164 1187 1251 1243 altera
1273 1194 1378 1244 natura
1416 1188 1594 1247 Studiarsro

241 1263 296 1318 alia
313 1261 383 1316 aliae
399 1269 552 1330 temporum
563 1264 742 1319 necessitates
762 1261 947 1332 suppeditant.
984 1261 1056 1319 liuic
1067 1264 1211 1320 mutationi
1223 1281 1328 1320 monum
1338 1265 1512 1334 publicorum
1522 1284 1595 1324 com·

240 1349 354 1413 paratur
371 1340 485 1395 mutatio
503 1347 630 1396 tonorum
647 1341 676 1395 iu
693 1348 776 1397 cantu
801 1350 829 1396 et
846 1342 920 1397 illam
938 1357 1109 1412 consequens
1133 1344 1248 1399 mutatio
1273 1343 1428 1403 affecmum.
1465 1346 1595 1415 Quamvis

240 1421 325 1492 igitur
347 1418 400 1474 hae
417 1420 598 1475 mutationum
624 1435 723 1475 emese
745 1421 801 1476 sint
823 1420 1035 1496 divernssimae,
1065 1439 1120 1477 non
1142 1424 1246 1478 husus
1275 1430 1368 1478 umen
1393 1425 1595 1494 conjunguntur

241 1498 337 1553 eodem
354 1499 423 1554 looo.
459 1499 530 1553 Nam
548 1498 571 1552 si
589 1497 730 1566 legislator
748 1506 796 1554 ant
813 1499 970 1554 moderator
987 1500 1154 1570 reipublicae
1172 1502 1255 1567 sciat,
1273 1503 1320 1573 qui
1337 1511 1419 1558 tonus
1438 1519 1507 1573 quos
1526 1505 1597 1561 eieat

242 1576 357 1631 affectus
375 1577 403 1631 in
420 1576 574 1632 hominihus
592 1576 717 1647 mundis,
743 1576 878 1633 delectum
902 1577 1013 1633 habehit
1029 1584 1157 1635 tonorum
1181 1597 1215 1636 ex
1233 1597 1299 1651 usu,
1326 1581 1595 1653 accommodabitque

238 1653 292 1708 hoc
309 1653 455 1710 discrimen
472 1654 695 1724 reigeneraliter
711 1656 747 1711 ad
766 1672 832 1712 suae
849 1655 1015 1726 reipublicae
1032 1656 1161 1727 formam,
1185 1659 1228 1713 vel
1252 1659 1281 1715 in
1298 1660 1389 1728 specie
1412 1658 1448 1715 sd
1460 1675 1594 1728 praesen·

240 1743 282 1788 tes
299 1734 466 1803 reipublicae
483 1735 676 1803 necessitates,
699 1751 772 1790 nuno
789 1736 840 1790 hoa
864 1741 972 1804 setam,
989 1752 1062 1791 nune
1080 1734 1155 1804 illos3
1181 1735 1245 1805 quis
1266 1752 1301 1811 ep
1324 1743 1399 1801 motu
1417 1737 1594 1807 singularium

238 1811 388 1868 animorum
412 1813 522 1869 tandem
546 1830 596 1884 per
618 1814 794 1871 imitationem
819 1815 913 1870 existit
934 1822 1026 1871 motus
1052 1815 1138 1870 totius
1162 1815 1371 1877 communitatis,
1386 1815 1484 1873 cisium
1508 1824 1537 1871 et
1559 1831 1595 1871 ex

239 1892 335 1948 erebra
351 1895 529 1965 usurpatione
547 1893 682 1952 melodiae
698 1899 803 1963 remae,
827 1908 897 1964 qnae
914 1893 1079 1963 peculiarem
1097 1892 1180 1948 hehet
1198 1892 1531 1969 emphasin„cculescuut
1548 1894 1594 1949 de·
1658 1934 1662 1943 .

238 1973 320 2043 nique
336 1976 426 2028 mo'res
444 1974 606 2030 consimiles.

327 2050 373 2107 Sic
389 2052 597 2111 Lacedaemonii
615 2053 730 2108 iormem
747 2051 912 2121 reipublicae
929 2052 1058 2123 legesque
1076 2050 1214 2107 habebant
1229 2051 1367 2123 militares,
1387 2053 1547 2122 gravitatem
1565 2062 1594 2109 at

237 2131 426 2185 austeritatem
443 2131 593 2200 spirantem
612 2132 706 2202 itaque
724 2130 857 2201 quasdam
875 2138 973 2187 cantus
992 2131 1093 2186 iormas
1106 2131 1287 2187 exturbarunt
1305 2130 1441 2187 celsitate
1460 2149 1519 2189 sua.
1550 2131 1595 2188 Sic

239 2210 364 2278 Romani,
383 2210 539 2268 Britannias
557 2218 658 2267 statum
676 2210 827 2278 formaturi,
847 2211 1000 2275 enerratun'
1018 2210 1123 2278 scilicet
1145 2208 1289 2265 militonem
1301 2210 1494 2269 Britannorum
1511 2210 1595 2267 virtu·
1622 2210 1635 2225 ³

236 2295 300 2355 tem,
318 2288 527 2345 adsuefecerunt
546 2307 641 2346 eorum
654 2290 826 2358 juventutem
845 2289 961 2346 theatris
985 2297 1013 2345 et
1031 2290 1156 2347 cautibus
1175 2288 1291 2344 lascivis.
1323 2282 1398 2344 vide
1415 2288 1468 2343 hae
1486 2289 1520 2344 de
1537 2305 1593 2345 mu·

142 2386 150 2399 ·
236 2367 306 2420 teria
322 2366 411 2421 iocum
429 2368 568 2437 egregium
586 2377 615 2424 et
631 2370 713 2439 plane
731 2371 880 2425 oratorium
898 2371 972 2441 apud
991 2371 1068 2426 Viuc.
1088 2368 1238 2423 Galilaeum
1261 2367 1289 2423 in
1308 2383 1392 2437 opere
1409 2364 1520 2434 italico,
1546 2365 1593 2421 uhi

237 2446 272 2501 de
293 2444 421 2501 laudibus
444 2448 561 2502 musices
583 2454 704 2502 veterum
726 2449 791 2518 agit.
825 2449 914 2506 Hodie
936 2465 1049 2521 qnoque
1067 2447 1141 2518 apud
1166 2448 1269 2502 ancss
1295 2462 1378 2501 unum
1400 2445 1488 2503 solunt
1511 2444 1594 2516 idque

238 2525 337 2580 durum
360 2524 439 2580 ualde
461 2533 490 2581 et
505 2525 673 2582 inconditum
698 2543 784 2595 genos
806 2528 939 2583 melodiae
963 2528 1084 2597 auditur,
1112 2526 1187 2598 apud
1209 2541 1259 2581 uos
1278 2524 1427 2582 Germanos
1449 2525 1514 2581 huie
1531 2525 1594 2582 usui

238 2603 398 2673 deputatum
416 2613 459 2661 est
477 2613 649 2677 tympanum,
672 2606 769 2675 juncta
787 2607 854 2663 trhie
873 2607 1018 2676 campestri
1037 2607 1076 2662 sic
1095 2607 1168 2662 dicta
1186 2610 1214 2659 et
1230 2603 1298 2658 tuba
1316 2618 1414 2673 acum,
1432 2603 1500 2660 iliud
1516 2604 1592 2674 pedi-

236 2688 316 2751 tatus,
336 2684 405 2740 haee
423 2685 559 2755 equitatus
577 2685 720 2741 classicum
738 2701 787 2741 sen
805 2687 982 2753 incentivum
1003 2693 1031 2740 et
1042 2685 1110 2742 tohu
1121 2684 1228 2756 qudem
1247 2681 1374 2750 exprimit
1391 2682 1494 2751 aliquid
1506 2684 1593 2741 simile

236 2762 294 2818 toni
311 2763 411 2833 couri,
429 2772 458 2819 at
475 2781 529 2820 non
548 2765 685 2835 existimo,
711 2766 886 2836 praecipuam
904 2766 932 2819 in
951 2765 1004 2821 hoc
1022 2765 1076 2820 nm
1094 2765 1185 2820 inesse
1203 2762 1239 2818 ad
1256 2760 1404 2833 movendos
1423 2763 1527 2820 animos
1544 2764 1592 2820 mi·

235 2843 327 2911 litum,
350 2845 512 2914 praesertim
529 2852 687 2901 nostrorum
705 2845 912 2912 Germanorum,
937 2843 983 2913 qui
1002 2841 1163 2914 plerumque
1182 2842 1263 2896 rudes
1282 2847 1348 2895 sunt
1370 2842 1487 2897 musicm
1507 2848 1535 2897 et
1551 2842 1591 2899 in·

237 2938 352 2993 capaces
373 2923 470 2979 horum
494 2913 690 2987 discriminume
714 2923 788 2992 plus·
801 2928 892 2976 movet
915 2928 943 2975 et
967 2935 1051 2992 equos
1076 2928 1104 2979 et
1126 2921 1199 2976 viros
1225 2918 1336 2975 claritas
1358 2920 1542 2977 intensissime
1565 2928 1594 2977 et

237 3002 349 3072 clangor
366 3004 447 3059 aeris.
483 3004 573 3060 Multo
591 3004 620 3060 id
636 3002 721 3071 magis
739 3017 832 3058 rerum
851 3008 894 3057 est
912 3000 947 3056 de
965 3009 1104 3071 tympano,
1124 2999 1203 3068 orpus
1221 3014 1304 3054 sonus
1322 2998 1419 3057 umens
1438 3008 1493 3068 est,
1516 2999 1590 3057 modi

237 3087 431 3138 santonorum
449 3081 552 3138 iormee
570 3083 658 3138 omnis
676 3096 790 3151 expers3
808 3079 902 3151 itaque
919 3086 1010 3135 movet
1026 3078 1114 3150 primo
1132 3077 1317 3148 magnitudine
1325 3077 1385 3147 ipsa
1397 3079 1459 3135 soni
1468 3080 1592 3137 materis·

126 3190 129 3194 ·
161 3158 164 3163 ⁴
235 3160 297 3215 liter
314 3160 391 3229 (iacit
409 3162 479 3216 enim
498 3161 625 3217 subsilire
642 3158 813 3231 praecordia,
836 3158 876 3214 sic
894 3167 925 3214 ut
942 3175 1026 3215 sonus
1048 3173 1161 3228 magnus
1179 3158 1322 3213 cerimtem
1343 3158 1454 3217 suhieus
1470 3158 1592 3229 psalterii

238 3247 286 3296 aut
302 3238 448 3296 testudinis
466 3239 583 3295 chordas
601 3254 731 3294 resonare
748 3237 815 3293 iacit
832 3237 950 3293 intactus
968 3254 985 3292 s
1002 3237 1131 3307 plectro),
1150 3235 1247 3291 deinde
1258 3235 1385 3306 rhythmo
1404 3253 1453 3292 seu
1464 3253 1592 3295 mensura

236 3317 374 3388 pulsuum.
410 3318 449 3373 Et
466 3323 557 3372 umen
574 3333 609 3372 ne
627 3318 709 3388 hnjns
727 3318 835 3390 quidem
853 3317 1000 3373 rudimenti
1020 3315 1136 3372 musices
1154 3330 1221 3369 eura
1237 3315 1418 3370 contemnitur
1434 3315 1463 3370 in
1481 3316 1591 3388 quinus·

238 3395 300 3451 dam
319 3395 479 3451 Germaniae
496 3396 655 3466 prouinciis3
682 3405 725 3452 est
742 3397 813 3452 enim
831 3397 878 3452 uhi
896 3398 924 3453 in
943 3397 1045 3468 nuptiis
1063 3395 1236 3466 popularium
1257 3401 1387 3464 tympano
1409 3394 1487 3455 loeus
1505 3396 1592 3452 (istun

237 3476 297 3533 aliis
317 3475 426 3531 musicis
443 3475 632 3532 instrumentis
649 3475 827 3532 interdicitur.

326 3574 400 3628 Nota
412 3566 467 3625 lli.
503 3571 678 3626 Ptolemaeus
696 3586 789 3627 omues
808 3580 888 3626 tonos
906 3548 1072 3628 trinm'iecit
1088 3586 1230 3641 generum
1248 3567 1314 3622 mihi
1331 3566 1358 3622 in
1371 3568 1424 3624 hoc
1436 3584 1518 3638 opere
1536 3570 1591 3625 duo

238 3668 353 3723 genera,
381 3650 477 3705 durum
500 3656 528 3703 et
551 3649 645 3718 molle,
676 3656 741 3704 sunt
758 3650 835 3705 duae.
845 3658 973 3706 tonorum
991 3649 1158 3709 differentiae
1185 3656 1281 3704 conus
1301 3661 1331 3702 se
1353 3647 1428 3716 ipsos
1452 3649 1590 3705 ffiremtm.

236 3734 307 3789 Nam
325 3731 427 3801 primm
446 3736 474 3785 et
491 3728 636 3799 secundus,
655 3730 765 3798 quimus
783 3737 813 3784 et
830 3730 962 3799 septimus
980 3744 1015 3785 ex
1034 3730 1189 3801 vulgaribus
1206 3735 1314 3784 tentum
1331 3736 1396 3783 snut
1407 3730 1513 3797 generis
1525 3728 1592 3784 moi·
1657 3742 1669 3753 “

236 3812 287 3881 lis,
314 3810 445 3879 septimus
463 3816 491 3864 et
509 3815 621 3863 octavus
648 3815 754 3863 tautum
771 3809 878 3878 peneus
897 3808 970 3879 duri3
996 3810 1048 3864 soli
1066 3810 1163 3865 tertius
1182 3817 1209 3865 at
1228 3818 1342 3878 quamus
1365 3810 1504 3878 ambigunt
1520 3808 1592 3862 inter

237 3898 381 3958 auumque
399 3902 494 3956 genna.
529 3887 670 3943 Potestate
688 3889 758 3943 enim
776 3888 915 3945 imitantur
932 3904 1018 3958 genus
1035 3889 1125 3958 molle,
1144 3890 1235 3959 specie
1258 3906 1307 3946 seu
1325 3890 1400 3961 cleve
1418 3888 1592 3959 systematice

237 3984 323 4038 genus
341 3967 447 4021 duruni.
485 3966 574 4022 Causa
591 3966 675 4036 hujus
693 3967 857 4023 diversitatis
874 3968 1006 4024 interme
1025 3976 1053 4023 et
1070 3968 1257 4025 Ptolemaeum
1274 3976 1325 4040 est,
1347 3969 1412 4037 quia
1428 3968 1488 4036 ipse
1505 3965 1591 4035 respi-

241 4048 278 4103 cit
295 4045 329 4100 ad
345 4044 398 4100 tria
415 4059 515 4112 genera
533 4043 703 4114 artificialia,
715 4061 765 4114 ego
783 4047 819 4102 ad
837 4047 892 4102 duo
910 4048 1052 4104 naturalia.
1152 4088 1156 4097 ,

323 4143 397 4198 Nota
414 4142 460 4197 IV.
497 4141 528 4195 In
547 4148 695 4212 systemate
713 4150 824 4198 ceurae
843 4142 967 4210 naturali,
984 4142 1065 4213 quale
1083 4160 1135 4199 ros
1147 4144 1267 4200 humana
1284 4152 1408 4216 pererrat
1426 4143 1590 4199 modulando
1660 4150 1666 4163 ‘

237 4224 390 4280 cautionem
408 4222 534 4291 ahquam,
553 4228 617 4276 suut
634 4222 695 4278 loca
711 4224 772 4293 ista,
792 4223 826 4292 G,
844 4240 871 4292 a,
891 4223 915 4291 h,
934 4239 956 4293 c,
975 4223 1002 4291 d,
1020 4238 1042 4290 e,
1060 4224 1080 4292 f,
1097 4241 1124 4294 9,
1143 4222 1253 4280 diversa
1271 4232 1299 4281 et
1314 4225 1369 4281 situ
1386 4240 1435 4280 seu
1448 4223 1591 4278 altitudine

237 4303 405 4372 differentia,
432 4311 460 4357 et
478 4302 530 4356 sibi
547 4308 643 4357 mutuo
662 4301 813 4357 succedunt
839 4302 908 4355 serie
928 4300 1044 4371 quadam
1068 4302 1274 4373 sortiunturque
1296 4303 1510 4374 permutationes
1528 4316 1591 4356 con·

238 4390 343 4450 suetas,
362 4399 412 4452 per
429 4381 561 4438 concinna
579 4396 617 4437 sc.
636 4380 792 4449 intervalia,
812 4394 882 4448 qnae
900 4388 965 4436 sunt
981 4386 1062 4434 tonus
1080 4380 1180 4449 maior,
1198 4390 1280 4437 tonus
1297 4383 1393 4451 minor,
1412 4380 1591 4436 semitonium.

237 4464 335 4532 ltaque
353 4463 466 4517 mutatio
484 4461 582 4517 touiG
598 4460 626 4514 in
644 4466 748 4528 tonum,
767 4459 846 4526 eujus
865 4466 983 4530 systema
1002 4458 1089 4528 surgit
1106 4459 1141 4515 ab
1159 4476 1190 4529 a,
1209 4460 1242 4515 iit
1253 4476 1303 4530 par
1315 4468 1436 4515 tonumo
1452 4461 1590 4528 maiorem,

236 4542 283 4611 qui
301 4548 344 4597 est
361 4542 432 4595 inter
450 4540 487 4607 G,
516 4556 547 4607 o,
572 4538 621 4594 sed
639 4539 754 4594 mutatio
772 4540 831 4593 toni
856 4554 891 4593 ex
909 4557 923 4595 e
947 4539 975 4594 in
993 4547 1088 4593 tonum
1105 4553 1140 4593 ex
1157 4539 1220 4607 fflt
1241 4555 1291 4609 per
1309 4539 1492 4607 semitonium,
1519 4554 1591 4608 quac

237 4628 302 4677 sunt
318 4618 461 4675 intervalla
478 4626 615 4674 consueta
652 4618 722 4672 Nam
739 4617 911 4673 Ptolemaeus
929 4617 1000 4674 lihro
1020 4616 1140 4672 serundo
1157 4619 1247 4688 capite
1259 4621 1302 4675 11.
1316 4618 1517 4686 demonstrarit,
1535 4633 1591 4673 non

236 4707 312 4755 recte
328 4698 397 4763 fleri,
415 4695 488 4766 quod
506 4695 590 4766 aliqud
609 4695 710 4752 iaciant
728 4696 876 4765 quemlibet
892 4704 990 4753 tonum
1007 4695 1089 4752 asibi
1100 4699 1225 4766 proximo
1237 4698 1346 4754 differre
1360 4698 1509 4766 semitonio,
1528 4713 1591 4753 cum

238 4778 307 4834 haee
324 4776 420 4832 divisio
439 4775 592 4843 assumatis
611 4782 722 4831 octavae
740 4777 777 4844 (in
792 4775 935 4831 semitonia
952 4793 990 4831 sc.
1005 4776 1047 4844 12,
1066 4781 1097 4830 ut
1114 4774 1167 4845 ipsi
1179 4776 1317 4846 volebant)
1335 4793 1389 4833 non
1402 4777 1438 4832 sit
1449 4780 1588 4844 consueta,

239 4857 293 4912 hoe
315 4865 359 4911 est
385 4870 439 4911 uon
461 4853 609 4923 naturalis,
633 4848 764 4923 quantum
785 4854 820 4911 ad
845 4855 952 4911 unicam
976 4854 1095 4924 aliquam
1117 4856 1338 4951 moduiauonem.
1379 4856 1450 4913 Nam
1472 4862 1591 4926 symm
