3882 5862
419 391 482 450 tet
764 430 770 437 .
882 348 1052 455 Ἀρροιιᾶίεἰε
1070 382 1294 441 Hermonioorum

418 563 489 623 dum
510 561 596 636 dixi,
614 581 801 641 nequaquem
824 561 929 623 eodem
949 570 1083 641 respectu
1106 562 1207 622 formis
1234 563 1417 637 quantitates
1444 559 1557 629 inesse,
1586 569 1646 637 qpo
1669 553 1766 610 insunt

417 653 567 711 materiae.
715 654 720 665 '

505 738 648 797 Numeros
675 742 707 811 l,
732 742 770 816 i,
793 740 811 797 3
836 755 894 813 quo
918 745 1069 807 insensu,
1094 753 1153 812 quo
1176 735 1312 811 exemplo
1335 729 1570 811 proportionales
1592 727 1683 797 dicas,
1707 727 1768 801 ipse

418 824 544 896 viderie3
567 828 596 882 in
619 828 779 900 geometria
793 824 1027 902 proportionales
1042 833 1111 882 sunt
1126 826 1176 881 isti
1193 828 1221 894 1,
1246 828 1275 893 2,
1299 826 1328 894 t,
1352 824 1395 880 sie
1413 825 1441 893 l,
1466 821 1495 892 3,
1520 819 1549 889 9,
1573 818 1616 874 sio
1630 817 1661 886 t,
1686 814 1714 886 6,
1739 813 1767 871 9.

418 912 453 970 In
476 911 523 971 his
548 915 574 983 1,
599 915 628 984 i,
653 915 671 971 3
694 913 868 972 formalibus
891 914 1018 987 (scilicet
1039 919 1071 969 ut
1093 922 1162 971 sunt
1184 906 1318 991 figurati)
1333 909 1514 968 delitescere
1533 907 1577 965 ais
1599 902 1768 979 mysterium

418 999 588 1059 humentes
618 999 794 1060 mundanae.
841 1000 922 1060 Lare
950 1001 1087 1057 nimirum
1118 1001 1208 1057 uteris
1239 1015 1314 1058 voce
1343 997 1511 1064 harmonia,
1545 988 1624 1066 qnod
1656 990 1680 1045 si
1711 1004 1768 1045 non

420 1098 498 1146 esset
522 1096 551 1145 et
574 1088 599 1144 si
621 1086 657 1146 de
681 1090 746 1165 ipso
768 1090 992 1165 proportionum
1013 1090 1080 1153 orte
1104 1084 1274 1160 loquereris,
1298 1101 1375 1160 quae
1390 1076 1594 1159 proportiones
1615 1079 1643 1133 in
1659 1077 1770 1137 musica

418 1176 598 1239 suavitatem
628 1176 787 1234 conciliant
819 1177 895 1234 binis
918 1176 1093 1232 consociatis
1123 1177 1216 1246 sonis,
1249 1174 1349 1232 thema
1372 1172 1428 1230 boe
1450 1176 1529 1228 esset
1559 1182 1624 1225 meo
1648 1163 1770 1221 themati

418 1262 606 1333 contrarium,
627 1261 707 1337 quod
730 1265 800 1321 totis
823 1263 915 1321 tribus
939 1263 1039 1337 primis
1061 1259 1256 1318 Harmonicee
1278 1277 1362 1320 meae
1383 1258 1466 1317 libris
1488 1257 1564 1327 ursi3
1589 1268 1648 1310 non
1671 1253 1770 1325 itaque

418 1352 461 1407 sic
483 1346 561 1406 nude
584 1349 722 1407 aldemari
745 1360 861 1425 posset,
890 1351 1089 1426 quippepost
1113 1347 1290 1407 decisionem
1313 1363 1437 1416 causae,
1466 1344 1524 1402 nisi
1545 1339 1669 1401 earrdem
1693 1355 1770 1396 noro

421 1439 512 1495 etiam
526 1435 691 1509 molimine,
714 1440 800 1495 novis
816 1439 996 1511 argumentis
1012 1442 1161 1494 censueris
1176 1434 1363 1505 fulciendam,
1380 1432 1526 1492 contrarie
1540 1446 1608 1488 mea
1623 1426 1771 1484 diluenda.

507 1521 579 1581 Non
609 1538 668 1582 esse
697 1524 902 1583 diversissimo
924 1526 1088 1582 maurium
1110 1530 1138 1579 et
1158 1523 1312 1599 formum,
1345 1539 1382 1580 ex
1404 1536 1440 1581 eo
1462 1518 1571 1592 arguis,
1600 1518 1676 1590 qnia
1698 1531 1772 1572 eon·

422 1612 551 1667 venient
571 1613 612 1677 in,
628 1614 746 1670 oenone
767 1620 795 1670 et
813 1615 965 1687 passione.
1010 1608 1158 1684 Quantum
1181 1627 1236 1683 ego
1263 1610 1428 1670 molestiam
1459 1607 1545 1681 capio
1568 1600 1686 1661 vetulus
1709 1600 1772 1657 dis·

422 1695 516 1756 cenda
539 1696 575 1755 de
598 1713 678 1757 novo
702 1706 771 1759 tuae
794 1698 1000 1774 philosophiae
1027 1696 1140 1771 linguai
1188 1697 1264 1756 Nem
1292 1697 1455 1772 antiquitus
1482 1710 1541 1751 nou
1565 1690 1683 1749 diversa
1704 1698 1772 1747 tarr·

418 1792 499 1855 turn,
526 1783 579 1841 sed
602 1794 632 1843 et
654 1789 800 1846 contraria
822 1786 975 1856 sinebam,
1007 1801 1083 1858 quse
1111 1785 1140 1841 in
1164 1802 1196 1842 se
1227 1792 1329 1843 mutuo
1360 1790 1461 1859 egunt
1507 1779 1651 1854 Adeoque
1682 1779 1772 1834 etiarn

420 1869 524 1945 liguris
548 1871 673 1931 diversis
696 1882 816 1932 utuntur
838 1873 888 1932 ille
911 1875 953 1932 tui
978 1872 1104 1949 exempli
1129 1874 1173 1928 vir
1194 1882 1224 1930 et
1246 1871 1297 1931 iila
1312 1870 1425 1942 mulier,
1448 1872 1636 1944 inquantum
1659 1862 1773 1921 scilieet

419 1966 511 2032 agunt
540 1961 764 2035 patiuntnrque;
794 1975 882 2037 quem
909 1960 1025 2035 figurae
1057 1960 1258 2019 diversitatem
1288 1961 1377 2018 etiam
1407 1957 1536 2016 numeris
1565 1952 1772 2030 Pythagoricis

421 2062 589 2120 expressam
613 2048 728 2106 invenis
750 2048 826 2108 libro
849 2064 915 2107 meo
937 2046 991 2105 iv.
1014 2046 1205 2106 Harmoniae.

504 2132 678 2192 Formarum
708 2152 764 2209 ego
792 2153 858 2194 eum
887 2135 1018 2192 materiis
1050 2133 1285 2193 convenientiam
1316 2149 1369 2191 aen
1400 2130 1637 2205 conjunctionem
1668 2141 1772 2183 recuso

418 2218 587 2279 harmonias
609 2220 783 2298 indigetari,
814 2239 903 2281 senso
926 2224 1008 2280 voeis
1038 2228 1109 2296 apto
1138 2224 1211 2279 meis
1240 2219 1506 2296 speculationibus3
1534 2215 1772 2290 conjunctionem

422 2309 520 2381 ipsam
548 2324 608 2366 non
638 2324 752 2367 recuso.
797 2307 972 2386 Exemplum
1001 2326 1099 2367 meum
1128 2308 1296 2366 diurnorum
1329 2316 1462 2366 motuum
1490 2304 1594 2365 Martis
1625 2308 1655 2360 et
1684 2299 1772 2359 doris

419 2411 499 2452 nova
523 2395 639 2454 inscitia
668 2397 757 2455 miror
777 2398 909 2474 formale
932 2395 1083 2471 appellari.
1129 2395 1198 2453 Duo
1221 2396 1334 2455 termini
1361 2393 1483 2455 sensiles
1506 2400 1587 2461 sunt,
1621 2388 1772 2466 proportio

419 2483 494 2539 inter
523 2480 590 2541 iilos
613 2498 659 2540 res
682 2490 728 2542 est
749 2484 815 2543 sole
841 2491 939 2542 monte
967 2481 1171 2561 percipiendo,
1200 2481 1399 2553 aestimande,
1430 2478 1562 2547 truendo.
1607 2477 1670 2535 Nisi
1694 2476 1772 2534 enim

418 2568 525 2626 mentis
548 2568 646 2627 lumen
670 2573 779 2630 inesset
801 2573 830 2629 in
853 2569 965 2640 auditu,
990 2587 1048 2628 non
1063 2573 1088 2628 is
1109 2568 1303 2628 delectaretur
1318 2570 1538 2645 proportionel
1563 2564 1635 2624 ad3
1663 2566 1691 2619 in
1716 2579 1771 2619 vo·

418 2654 519 2727 eibos,
551 2667 581 2715 et
603 2657 658 2714 nisi
680 2660 761 2734 prius
785 2659 821 2715 in
837 2657 927 2717 ideali
950 2657 1058 2716 circulo
1090 2659 1172 2714 intus
1194 2659 1224 2713 in
1245 2668 1343 2714 mente
1367 2656 1506 2714 creatrice
1536 2651 1692 2711 reluxisset
1716 2651 1772 2707 iste

418 2743 580 2818 proportio,
598 2759 657 2801 non
669 2743 774 2806 luisset
785 2744 836 2803 illa
851 2744 944 2804 indita
953 2746 1093 2823 motibus,
1116 2745 1234 2802 Saturni
1245 2742 1411 2801 tardissimo
1428 2750 1458 2801 et
1469 2740 1557 2801 Jovis
1573 2738 1772 2798 velocissimo.

508 2828 676 2907 incongrue
698 2834 752 2891 tibi
776 2832 892 2892 videtur
915 2833 1071 2891 affirmatio
1093 2848 1168 2906 mea,
1192 2830 1262 2889 dnm
1284 2830 1360 2903 dieo,
1383 2830 1599 2890 diversissimas
1619 2843 1683 2885 esse
1706 2832 1773 2883 tuas

419 2916 591 2976 harmonias
614 2936 633 2976 a
654 2921 737 2978 meis.
782 2920 819 2979 Et
842 2938 934 2995 quare
956 2920 1139 2995 incongrue?
1183 2917 1261 2992 Quia
1289 2936 1355 2977 eum
1378 2918 1432 2976 tibi
1454 2918 1492 2976 sit
1515 2917 1667 2974 harmonia
1698 2915 1772 2971 inter

419 3003 519 3065 lucem
541 3013 571 3064 et
592 3009 761 3082 materiam,
793 3007 864 3067 mihi
887 3010 962 3066 inter
984 3017 1096 3066 motum
1120 3014 1150 3066 et
1171 3015 1299 3078 motum,
1330 3015 1427 3063 motos
1452 3013 1550 3063 temen
1573 3006 1637 3078 ipse
1666 3000 1773 3059 eluce

418 3092 474 3150 tini
506 3109 571 3151 ease
600 3093 725 3153 videtur.
771 3094 1019 3170 dindinhoue,
1051 3111 1109 3152 non
1140 3093 1218 3152 idem
1241 3095 1382 3152 terminus
1410 3102 1484 3163 est„
1503 3092 1553 3149 lux
1575 3099 1608 3148 ut
1630 3104 1721 3147 causa
1743 3094 1774 3146 et

418 3188 520 3238 motus
544 3186 577 3238 ut
599 3182 732 3259 effectus,
754 3199 812 3241 non
836 3181 940 3242 eedem
962 3182 1152 3251 combinatio,
1177 3182 1229 3240 tibi
1253 3180 1372 3256 quidem
1388 3181 1528 3238 materiae
1551 3186 1581 3237 et
1595 3176 1678 3247 lueis,
1701 3175 1772 3233 milri

420 3265 545 3325 duorum
568 3276 720 3340 motuum,
748 3269 822 3329 lueis
845 3265 885 3349 (si
910 3272 952 3331 ita
973 3265 1035 3349 vis)
1058 3269 1223 3329 effectuum.
1271 3267 1332 3325 lltsi
1354 3269 1501 3342 quaestio,
1525 3281 1562 3325 an
1585 3272 1683 3322 motus
1705 3260 1772 3340 pla·

417 3362 553 3412 netarum
583 3374 601 3414 e
629 3355 694 3415 luce
718 3355 796 3415 Solis
819 3360 945 3423 oriatur,
978 3373 1036 3413 non
1059 3361 1106 3414 est
1132 3354 1207 3414 adeo
1231 3355 1385 3431 expedita,
1417 3363 1450 3413 ut
1476 3355 1552 3412 inter
1582 3350 1772 3409 fundamenta

418 3442 511 3516 possit
534 3444 654 3503 auuml.
697 3443 762 3519 Ego
786 3445 815 3501 in
836 3443 951 3503 Comm.
974 3442 1011 3502 do
1033 3443 1161 3501 motibus
1184 3441 1294 3502 Stellae
1310 3442 1414 3501 Martis
1437 3443 1524 3516 inque
1548 3440 1622 3498 libro
1640 3438 1674 3496 V.
1700 3438 1772 3512 Epi·

419 3541 516 3586 tomes
541 3529 750 3590 Astronomiae
772 3530 940 3590 demonstro
964 3547 1098 3602 cansam,
1124 3547 1203 3604 quae
1226 3529 1361 3604 planetas
1384 3533 1463 3589 circa
1485 3527 1584 3587 Solem
1606 3528 1682 3601 agit,
1713 3542 1772 3583 non

419 3632 485 3674 esse
499 3616 619 3691 lucem,
649 3617 703 3676 sed
731 3618 843 3695 aliquid
871 3619 929 3677 luci
957 3634 1097 3695 perquam
1124 3617 1218 3676 simile
1247 3620 1276 3674 in
1306 3617 1406 3676 multia
1429 3615 1673 3692 proprietatibus,
1706 3612 1773 3672 illos

420 3719 490 3762 vero
513 3712 626 3775 motus,
659 3708 709 3780 qui
732 3707 806 3764 liunt
828 3705 1045 3765 harmoniarum
1069 3703 1239 3763 coelestium
1262 3706 1390 3775 termini,
1422 3703 1539 3762 formari
1564 3710 1594 3762 et
1616 3703 1730 3760 causari
1754 3719 1774 3759 a

418 3806 563 3849 concursu
587 3793 692 3851 insitae
716 3795 833 3851 virtutis
857 3794 886 3849 in
909 3792 1034 3867 planetis
1058 3765 1340 3864 oeconomumque
1355 3792 1493 3869 planetae
1510 3809 1528 3849 e
1543 3789 1622 3849 Sole.
1667 3788 1772 3863 ltaque

418 3877 545 3937 tarditas
569 3887 599 3940 et
622 3879 765 3940 velocitas
788 3888 920 3939 motuum
943 3896 1130 3956 nequaquem
1152 3881 1191 3937 ab
1207 3881 1273 3954 ipsa
1287 3878 1353 3940 luce
1375 3895 1430 3938 neo
1451 3879 1489 3937 ab
1508 3895 1543 3937 ea
1559 3894 1659 3946 causa,
1683 3893 1770 3951 quem

419 3966 486 4041 ejus
510 3967 646 4051 comitem
670 3966 745 4039 dixi,
775 3971 868 4043 primo
892 3970 996 4040 oritur,
1020 3966 1073 4028 sed
1096 3967 1134 4026 eir
1156 3968 1372 4026 eceentrieitate
1400 3964 1546 4044 planetae.
1591 3963 1658 4024 Tibi
1682 3965 1772 4021 etiam

419 4052 471 4112 lux
501 4052 578 4114 idem
607 4055 752 4130 estquod
781 4056 875 4112 lorma
903 4057 1070 4126 stenima,
1101 4054 1171 4112 milri
1199 4062 1298 4113 motus
1320 4053 1503 4129 planetarum
1531 4050 1613 4110 nulla
1641 4050 1771 4125 indigent

419 4142 529 4211 anima,
554 4140 685 4213 indigent
700 4159 771 4200 vero
783 4144 877 4200 torma
891 4158 1040 4217 corporea,
1059 4159 1135 4216 onae
1150 4143 1286 4201 consistit
1301 4143 1329 4198 in
1345 4141 1426 4200 libris
1441 4141 1571 4216 corporis
1588 4140 1769 4211 maguntinis.

504 4226 660 4303 Quomodo
696 4231 783 4288 etiam
816 4229 952 4288 divemae
984 4230 1125 4289 crassitiei
1157 4228 1283 4288 elrordae
1315 4231 1457 4305 recipiant
1492 4226 1596 4288 eodem
1633 4234 1768 4300 respectu

417 4317 613 4389 quantitates,
653 4333 743 4393 supra
774 4316 951 4394 explicatum
984 4326 1037 4376 est.
1092 4316 1139 4374 Ita
1177 4315 1302 4374 dilutam
1340 4318 1476 4376 existimo
1509 4317 1768 4389 incongruitatem

417 4402 572 4477 obJeetam.

505 4488 560 4548 Ad
584 4490 768 4569 Anelysin
791 4489 882 4549 XXI.
927 4489 986 4549 Hic
1008 4498 1040 4549 tu
1064 4489 1180 4548 divellis
1203 4497 1315 4549 textum
1335 4507 1433 4548 meum
1456 4505 1581 4565 eumque
1604 4496 1770 4565 perpartes

416 4576 586 4654 aggrederis
619 4579 757 4638 inermem
787 4587 817 4638 et
839 4580 1012 4637 exanimem.
1058 4578 1150 4652 rltqui
1173 4585 1230 4636 tres
1254 4577 1355 4635 ordine
1379 4594 1397 4634 a
1420 4584 1450 4637 te
1476 4576 1642 4641 collocutae
1670 4584 1768 4652 partes

417 4672 529 4736 textos,
562 4663 700 4725 videlicet
722 4669 780 4739 21,
813 4668 853 4723 tiu
878 4673 908 4724 et
930 4666 970 4723 28
1000 4662 1149 4738 conjuncti
1177 4680 1294 4723 sensum
1317 4663 1428 4723 habent
1456 4681 1562 4734 unum,
1594 4662 1768 4737 adduntque

418 4755 522 4811 ceteris
547 4749 777 4825 discriminibus,
802 4769 879 4828 qnae
901 4758 970 4810 sunt
991 4751 1066 4810 inter
1088 4759 1117 4810 te
1141 4758 1171 4810 et
1192 4767 1253 4823 me,
1278 4768 1369 4809 unum
1392 4753 1527 4828 insuper,
1551 4750 1631 4826 quod
1653 4750 1767 4809 scilicet

417 4844 449 4898 tu
470 4844 569 4925 partes
591 4841 633 4901 rei
655 4840 816 4921 cujusque,
846 4857 935 4922 quam
964 4855 1018 4921 pro
1040 4838 1175 4915 subjecto
1198 4838 1368 4900 harmoniae
1397 4838 1549 4912 vendites,
1578 4855 1637 4897 non
1668 4838 1770 4915 aliqua

1041 4942 1051 4971 r
