3882 5862
353 406 414 468 378
862 403 1010 461 Palenmi
1027 402 1182 479 limana

351 578 405 633 hoc
422 578 509 648 magis
531 578 596 635 illae
612 586 669 635 tam
687 578 809 646 singulae
831 579 887 634 sua
906 579 1017 642 munis,
1044 594 1125 648 quam
1143 579 1287 635 universae
1306 579 1408 647 janam
1434 581 1525 652 operia
1547 588 1701 652 coagulant

351 664 381 713 et
397 660 555 727 conspirent
570 658 606 715 ad
623 663 727 714 certum
745 673 824 728 opus.
860 658 936 712 Haec
954 664 997 712 est
1019 672 1101 713 causa
1119 658 1250 713 naturalis
1268 663 1297 713 ct
1314 658 1460 729 moralis,
1484 659 1608 728 armemur
1625 668 1699 715 utra·

352 750 406 805 que
423 751 512 791 rerum
535 736 580 792 hic
597 744 828 806 comparaturum,
852 736 918 805 quia
936 735 1065 792 informat
1082 751 1137 790 non
1154 743 1260 792 tantum
1282 735 1441 792 facultatem
1459 736 1568 793 auditus
1594 738 1628 792 ad
1646 737 1700 793 dis-

351 816 502 872 cernendos
520 831 603 872 sonos
627 823 656 871 et
673 815 887 884 dignoscendum
905 831 1054 884 congruum
1075 814 1110 869 ab
1128 815 1290 884 incongruo,
1317 814 1406 884 adque
1432 814 1639 870 delectationem
1656 831 1700 871 ca-

350 893 477 964 piendam
496 910 530 949 ex
548 894 690 964 corpus,
715 893 836 950 dolorem
858 908 893 948 cx
910 893 1090 963 incongruis„
1106 892 1154 948 sed
1172 893 1300 948 informat
1316 893 1398 948 etiam
1420 902 1476 949 tam
1495 902 1619 950 naturam
1637 895 1700 951 sub

351 978 480 1042 lunarem,
499 988 570 1043 quae
587 980 631 1030 cst
647 975 737 1029 anima
756 973 871 1042 Terrae,
885 988 967 1041 quam
985 972 1088 1026 animas
1107 980 1267 1028 cunctorum
1284 973 1438 1038 urendum,
1457 972 1492 1029 ad
1506 973 1701 1032 discernendos

352 1063 403 1104 seu
421 1050 536 1119 angulos
554 1053 690 1109 radiorum
709 1054 832 1125 binorum
852 1054 880 1108 iu
894 1052 979 1107 Terra
996 1051 1137 1120 formatos,
1157 1067 1359 1108 seumeusuras
1375 1067 1477 1121 eorum,
1495 1068 1575 1110 arcus
1588 1053 1700 1122 audisti,

349 1125 493 1184 distinctos
512 1146 529 1185 a
546 1137 605 1186 tota
624 1146 674 1201 per
691 1131 827 1200 objectum
846 1133 961 1187 duorum
978 1143 1123 1199 corporum
1141 1131 1367 1200 planetariorum,
1393 1137 1421 1184 et
1439 1131 1635 1201 comparandos
1652 1147 1701 1187 eos

353 1222 414 1262 cum
433 1208 546 1265 zodiaco
563 1217 637 1279 toto,
657 1218 687 1264 ut
706 1210 857 1278 siquando
875 1209 1079 1278 proportionem
1096 1208 1280 1265 harmonicam
1303 1210 1508 1280 deprehendant
1530 1212 1602 1266 inter
1617 1212 1700 1267 talem

350 1292 457 1355 partem
474 1294 503 1341 et
520 1295 615 1357 totum,
634 1304 649 1342 e
668 1287 781 1359 rcsdgiu
799 1288 854 1343 sint
872 1290 1013 1356 oper'osae,
1031 1286 1078 1340 illa
1097 1286 1204 1356 quidem
1223 1290 1251 1343 in
1263 1289 1402 1345 eliciendis
1414 1288 1497 1344 fumis
1507 1289 1699 1358 etsaporibus,

349 1381 385 1420 ex
409 1364 507 1434 quibus
530 1373 652 1421 meteora
668 1367 750 1434 liunt,
776 1367 846 1420 istae
867 1381 931 1421 vero
948 1366 977 1419 iu
995 1362 1113 1419 motibus
1132 1364 1188 1419 suis
1205 1365 1436 1421 convenientibus.
1472 1365 1571 1435 ltaque
1593 1366 1700 1435 quoties

350 1442 421 1498 duae
440 1444 559 1500 chordae
577 1445 729 1515 aequaliter
747 1452 842 1500 tensae
860 1446 931 1498 iuter
950 1459 980 1498 se
998 1450 1165 1511 consonant,
1188 1443 1270 1499 toties
1288 1442 1404 1500 acutas
1422 1444 1531 1499 auditus
1548 1444 1701 1500 rationalis·

350 1521 418 1577 sima
436 1536 471 1577 ex
488 1522 623 1594 longiore,
648 1525 689 1578 vel
708 1524 731 1578 si
749 1524 818 1578 baec
834 1523 924 1577 minor
942 1521 1025 1591 dupio
1044 1520 1179 1590 reliquae,
1204 1524 1270 1577 tunc
1294 1538 1330 1577 ex
1347 1522 1505 1578 alterutrius
1531 1520 1615 1592 duplo
1633 1538 1700 1592 qua-

348 1598 480 1668 druplore
508 1600 574 1657 iacit
597 1602 740 1671 circulum,
768 1609 795 1656 et
818 1616 873 1669 qua
895 1601 983 1669 figura
1007 1599 1126 1667 regulari
1154 1600 1182 1654 in
1213 1601 1266 1655 hoc
1284 1598 1385 1655 circulo
1410 1600 1567 1670 designetur
1584 1600 1701 1670 reliqua,

351 1685 482 1747 tanquam
499 1695 563 1750 pars
581 1681 610 1735 in
627 1680 710 1749 huius
728 1679 821 1735 circmi
840 1679 967 1748 semisse,
991 1677 1153 1733 considerat
1188 1678 1226 1732 Iit
1251 1679 1280 1732 iu
1297 1678 1409 1734 rodaco
1426 1679 1531 1735 nullum
1551 1679 1583 1734 fit
1598 1686 1700 1735 sutum

350 1755 471 1823 mitium,
499 1773 550 1815 uec
567 1759 637 1814 ratio
655 1758 773 1814 babetur
792 1758 824 1813 12
842 1756 995 1826 aequalium
1013 1756 1180 1824 portionum,
1198 1772 1268 1827 quae
1286 1753 1521 1827 sigua'dicautur,
1545 1758 1595 1814 sed
1612 1757 1702 1826 requi·

350 1840 447 1889 ruutm
468 1836 522 1890 duo
540 1835 667 1905 planctae
693 1837 744 1891 sub
762 1851 809 1903 co,
833 1834 868 1890 ad
886 1834 1056 1890 formandum
1075 1836 1234 1904 {aspectum
1265 1836 1418 1906 ubicunque
1439 1837 1497 1905 jam
1519 1838 1590 1892 alter
1606 1851 1702 1891 corum

351 1911 483 1982 consatit,
501 1914 564 1969 inde
582 1922 693 1984 putatur
710 1912 803 1969 circuli
820 1912 933 1969 initium.
970 1914 1045 1969 Haec
1063 1913 1146 1981 igitur
1169 1924 1212 1969 est
1230 1916 1309 1970 unica
1326 1930 1390 1970 vera
1411 1923 1439 1971 et
1456 1914 1588 1970 naturalis
1604 1926 1698 1981 caum,

351 2005 400 2044 cur
420 1992 516 2046 morbo
542 2000 733 2062 comparentur
759 1997 886 2060 aspectus
908 1989 1009 2061 singuli
1032 2007 1093 2047 cum
1119 1991 1231 2061 siugulis
1257 1995 1440 2050 consonantiis
1467 2010 1521 2049 nou
1546 1992 1697 2048 minoribus

351 2085 432 2138 quam
449 2069 594 2141 diapason,
620 2073 722 2142 quippe
741 2080 885 2139 utromque
907 2070 1021 2126 effectus
1039 2078 1081 2126 est
1098 2073 1179 2126 unius
1201 2078 1230 2126 et
1247 2072 1369 2140 ejusdem
1392 2088 1492 2133 musae
1509 2071 1700 2141 ambetypicae

351 2148 378 2201 in
402 2147 492 2204 anima
515 2150 659 2207 residentis
686 2152 854 2219 eandemque
879 2165 1031 2205 mensuram
1055 2148 1260 2217 quantitativum
1282 2150 1373 2207 habet.
1411 2151 1609 2207 consonantior
1625 2164 1701 2214 uero,

352 2238 422 2295 quae
440 2234 504 2284 sunt
520 2229 638 2286 minores
657 2246 738 2299 quam
757 2228 897 2298 diapason,
914 2228 1017 2284 babent
1031 2228 1089 2295 jam
1110 2227 1337 2296 comparationem
1355 2243 1416 2285 cum
1432 2229 1588 2298 aspectibus
1606 2242 1702 2282 secuu-

349 2305 460 2375 dariam,
478 2314 614 2376 quatenus
632 2308 735 2363 scilicet
757 2306 819 2360 iliae
837 2322 885 2374 per
903 2306 1070 2361 additionem
1088 2306 1181 2374 unius,
1207 2304 1321 2360 duorum
1347 2306 1390 2361 rel
1412 2309 1494 2362 tuum
1517 2307 1647 2376 diapason
1666 2321 1701 2359 ex

348 2383 497 2438 maenibus
521 2384 591 2440 fiunt
618 2385 746 2453 mnjores,
770 2387 945 2453 nasciturque
969 2386 1038 2441 haec
1062 2385 1178 2453 augendi
1202 2383 1313 2440 licentia
1337 2386 1502 2456 exlegibus
1530 2383 1702 2441 rectitudinis
1738 2444 1744 2465 Ι

350 2459 514 2515 chordarum
533 2463 645 2517 seorsim
664 2470 741 2518 extra
759 2463 898 2518 cuculum.
934 2465 973 2517 At
990 2464 1047 2518 toni
1065 2462 1280 2533 repraesentatio
1297 2464 1326 2517 iu
1344 2463 1446 2518 cuculo
1464 2463 1537 2518 nulla
1552 2469 1613 2530 est,
1630 2476 1702 2530 qnae

350 2538 460 2609 quidem
478 2540 512 2595 ad
531 2541 645 2596 eandem
662 2556 783 2605 normam
801 2541 931 2611 quadret3
948 2541 1040 2596 nullus
1058 2543 1129 2598 enim
1146 2551 1275 2611 aspectus
1294 2552 1348 2611 est,
1370 2542 1448 2613 cuijus
1466 2556 1545 2609 arcus
1562 2554 1624 2594 cunr
1641 2545 1701 2593 toto

351 2604 452 2672 cumis
471 2626 643 2687 conparatus
662 2620 786 2688 deumnet
801 2619 1005 2689 proportionem
1023 2622 1246 2689 sesquioctavam.
1285 2622 1406 2689 Cumque
1427 2620 1455 2675 in
1474 2616 1644 2685 harmonice,
1671 2625 1702 2672 ut

350 2713 422 2766 quae
444 2696 529 2753 multo
552 2697 682 2766 maJorem
705 2699 862 2755 remearem
887 2698 1077 2768 complectitur
1099 2699 1273 2768 quam.ratio
1295 2707 1466 2767 aspectuum,
1493 2711 1560 2753 usus
1583 2694 1641 2750 toni
1665 2694 1701 2749 sit

352 2775 494 2845 multiplex
521 2777 555 2830 ad
581 2776 716 2832 secdoues
739 2777 978 2833 consonantiarum
1003 2781 1031 2833 in
1053 2789 1146 2848 partes
1168 2778 1329 2843 conannas,
1356 2779 1383 2833 in
1411 2776 1559 2846 astrologia
1581 2774 1701 2830 uicissim

352 2853 428 2911 nulla
450 2870 500 2910 nos
524 2864 603 2925 urget
625 2855 788 2924 necessitas,
813 2863 845 2912 ut
869 2863 996 2924 aspectus
1018 2856 1168 2913 dividamus
1193 2857 1222 2911 iu
1247 2864 1340 2926 partes
1366 2857 1504 2927 analogas.
1544 2854 1603 2909 Illic
1630 2855 1701 2909 enirn

353 2934 455 3004 padua
472 2941 649 3004 quaeruntur,
667 2951 717 3006 per
736 2952 805 3005 quos
823 2942 920 2990 cautus
938 2941 1069 3004 mensem,
1087 2934 1249 3003 hicgradus
1268 2933 1334 2989 nulli
1347 2934 1455 3005 dantur,
1473 2935 1573 3006 quibus
1590 2933 1702 3002 planeta

351 3012 497 3083 aplaucta
514 3022 657 3085 separetur
673 3016 757 3072 velati
775 3031 825 3085 per
842 3014 937 3077 sutus,
957 3029 1018 3069 cum
1037 3014 1166 3069 coutmua
1183 3014 1219 3069 sit
1237 3013 1351 3069 duorum
1371 3012 1537 3070 abinvicem
1555 3010 1701 3078 separatio.

350 3091 524 3161 Supervacua
546 3093 630 3162 igitur
653 3101 696 3149 est
718 3092 884 3164 comparatio
907 3090 964 3146 toni
990 3107 1051 3147 cum
1078 3092 1268 3161 astrologicisn
1294 3092 1369 3149 Haec
1395 3094 1463 3149 sads
1489 3108 1541 3163 pro
1564 3089 1702 3159 maeno

350 3169 477 3238 maurim
495 3177 732 3241 attemperantur
749 3187 785 3227 ex
801 3186 863 3237 mep
881 3170 950 3226 iibro
968 3177 1074 3238 quarto.

916 3444 1058 3516 CAPUT
1086 3442 1127 3517 X.

341 3604 448 3673 -Quod
474 3609 581 3664 motui
606 3613 778 3665 astrorum
800 3607 986 3665 secundum
1008 3604 1255 3678 longitudinem
1280 3614 1501 3680 comparetur
1525 3608 1703 3665 successio

938 3710 1112 3752 sonorum.

440 3859 514 3919 Cum
537 3862 626 3938 igitur
648 3866 705 3923 tres
729 3863 788 3919 sint
809 3862 923 3939 species
945 3856 1133 3936 motunm1),
1159 3878 1219 3920 uua
1240 3877 1372 3937 prorsum
1394 3868 1627 3939 retrorsumque,
1651 3880 1702 3921 seu

352 3950 380 4005 iu
404 3946 608 4008 antecedentia
636 3957 665 4007 et
688 3952 899 4025 consequentia
927 3955 956 4008 et
983 3946 1145 4007 secuudum
1174 3948 1401 4024 longitudinem,
1432 3948 1592 4010 secundum
1615 3967 1704 4026 quarn

351 4035 424 4094 fiunt
452 4035 579 4096 siderum
612 4036 818 4095 translationes
847 4038 885 4097 ab
916 4043 980 4095 ortu
1002 4036 1035 4099 iu
1055 4052 1192 4095 occasum
1219 4045 1247 4095 et
1270 4045 1372 4109 contra
1383 4032 1436 4111 Π),
1465 4037 1559 4099 altera
1588 4055 1703 4096 sursum

353 4122 548 4200 deorsumque
570 4132 599 4182 et
621 4122 782 4183 secundum
804 4123 1014 4195 altitudinem,
1030 4122 1190 4183 secundum
1212 4140 1286 4200 quas
1311 4125 1358 4185 vei
1380 4125 1550 4201 longissime
1572 4142 1591 4182 a
1613 4124 1704 4184 Terra

351 4220 520 4283 moventur,
554 4211 601 4270 vel
615 4213 755 4287 proxime
779 4211 876 4285 illam,
908 4214 995 4272 tertia
1016 4209 1055 4269 ad
1078 4209 1172 4271 latera
1195 4220 1224 4270 ct
1246 4212 1406 4272 secundum
1428 4211 1625 4295 latitudinem,
1654 4230 1704 4272 se·

355 4297 483 4357 cundum
505 4316 593 4373 quam
617 4300 768 4375 contingit,
793 4309 826 4358 ut
848 4301 1031 4360 accessiones
1053 4297 1140 4356 uobis
1163 4298 1235 4357 liant
1257 4300 1434 4359 borcaiiores
1456 4300 1505 4360 rel
1526 4299 1704 4359 meridiona-

351 4385 456 4444 liores:
487 4387 623 4461 primam,
654 4402 730 4461 quae
754 4396 798 4446 cst
820 4386 981 4447 secundum
1003 4383 1224 4460 longitudinem,
1258 4387 1424 4459 bonacum
1447 4389 1560 4447 radone
1583 4404 1702 4447 accom-

354 4470 539 4531 modabimus
574 4474 710 4532 transitui
743 4491 844 4534 versus
877 4475 1020 4534 acutiores
1054 4472 1224 4547 simpliciter
1258 4484 1318 4542 autv
1340 4475 1490 4550 gramorcs
1519 4477 1630 4534 sonitus
1640 4469 1702 4555 ¹¹¹).

243 4584 253 4597 =
352 4560 428 4619 Nam
450 4560 479 4617 iu
503 4567 628 4636 utraque
651 4562 781 4620 motione
804 4563 908 4620 similis
932 4569 977 4621 est
999 4561 1146 4619 successio
1175 4563 1204 4618 iu
1228 4565 1447 4638 consequentia.
1493 4550 1610 4631 Similes
1633 4578 1703 4621 vero

352 4649 440 4708 etiam
472 4657 540 4706 suut
563 4648 721 4707 orientales
745 4647 999 4724 occidentalesque
1026 4654 1124 4722 partes
1147 4649 1329 4708 tensionibus
1358 4652 1559 4728 gravissimis,
1588 4648 1703 4709 eodum

351 4751 422 4794 vero
462 4734 625 4794 mediantes
657 4736 842 4808 nouissimis.
896 4736 972 4794 Nam
1002 4745 1030 4792 et
1063 4740 1144 4792 ortus
1176 4752 1357 4812 occasusque
1391 4739 1565 4815 principium
1593 4737 1704 4796 habent

352 4822 499 4896 finemque
529 4822 782 4899 apparentiarum3
813 4822 887 4883 iliud
916 4822 1034 4900 quidem
1063 4831 1203 4901 tanquam
1234 4840 1270 4884 ex
1292 4827 1498 4903 inconspicua,
1526 4822 1605 4885 bunc
1633 4839 1703 4886 vero
