3840 5854
737 429 943 489 ornamenta
1473 431 1514 497 bd

166 633 252 694 quam
271 613 433 676 lumentis
455 614 556 677 rarbie
575 612 607 672 iu
628 610 764 672 omnihus
786 609 920 690 epistolis
940 610 1014 671 mihi
1028 610 1170 672 declaras.
1215 610 1297 674 Scire
1316 612 1394 672 euim
1415 610 1513 689 velim,

166 721 202 764 an
222 703 298 764 liber
320 706 350 761 iu
371 702 462 764 Italia
482 703 577 779 possit
598 716 663 762 esse
685 698 808 775 venalis,
832 700 882 777 qui
904 715 962 758 uon
982 699 1133 777 profitetur
1154 700 1302 761 licentiam
1324 702 1513 777 superiorum,

166 809 230 852 enm
253 788 427 869 profiteatur
447 788 634 868 privilegium
657 786 804 849 Caesaris.
847 785 948 847 Habet
970 794 1068 848 tamen
1093 790 1268 848 sententiam
1291 788 1460 865 Gopernisi3
1489 789 1516 847 si

164 878 202 939 lie
224 879 253 938 ei
275 876 435 938 intenditur
448 884 574 956 ⁸propter
586 875 742 954 Ooperuici
764 874 953 954 hypotheses,
976 879 1027 952 qui
1041 875 1160 936 Terram
1182 875 1252 936 iacit
1274 875 1421 948 mobilem,
1443 890 1516 953 pos·

163 973 209 1027 set
230 982 377 1042 occupare
398 965 560 1026 advocatus
583 962 690 1041 aliquis
710 962 794 1036 libri,
823 961 905 1023 illam
926 979 984 1023 uon
1007 965 1077 1039 poni
1099 964 1155 1022 nisi
1184 962 1373 1037 alternative,
1403 962 1515 1024 scilieet

163 1054 253 1131 juxta
268 1050 418 1131 'l'yehoms
432 1052 529 1114 Brabe
550 1050 739 1131 hypotheses,
763 1051 814 1128 qui
827 1049 947 1111 'lenam
968 1049 1038 1111 iacit
1053 1056 1151 1125 sture,
1162 1047 1261 1111 Solem
1282 1052 1402 1112 moveri.
1439 1049 1514 1117 Mihi

165 1139 285 1218 quidem
308 1137 422 1200 indultu
444 1139 590 1217 privilegii
611 1137 658 1199 lex
681 1145 726 1199 est
747 1138 818 1198 lixa:
853 1154 909 1215 ,ue
930 1136 1001 1215 quid
1022 1145 1123 1199 conus
1145 1136 1358 1199 Catholicam“.
1402 1138 1512 1199 Verum

164 1229 263 1306 rogati
289 1244 377 1304 super
403 1226 462 1288 boc
488 1226 646 1288 consiliarii
667 1225 756 1287 aulici
779 1225 915 1287 Caesarei
942 1224 1078 1286 catholici
1108 1233 1265 1302 negarem,
1296 1224 1390 1285 rideri
1413 1231 1514 1286 conma

165 1314 369 1389 Getholieam,
398 1313 477 1391 quod
496 1314 681 1375 naturalibus
702 1314 878 1385 rationibus,
910 1310 1002 1374 salvis
1023 1313 1221 1390 supemoribua
1249 1318 1279 1372 et
1305 1320 1514 1390 supernatura-

164 1403 255 1476 libus,
279 1401 445 1480 dispuiatur
466 1401 503 1463 da
524 1409 607 1462 motu
628 1400 744 1477 Terrae,
767 1401 837 1462 lieet
857 1399 932 1461 haec
952 1402 1097 1462 sententia
1118 1416 1210 1477 nuper
1223 1405 1326 1461 uotsts
1348 1400 1435 1461 luerit
1456 1399 1514 1461 ali·

141 1481 226 1567 *qus
248 1506 385 1564 cenem,
413 1489 467 1551 sed
489 1500 565 1565 quae
593 1491 633 1548 sit
660 1487 758 1550 adhue
784 1490 911 1566 privata.
954 1487 1018 1566 lego
1046 1504 1116 1549 vero
1145 1489 1175 1546 iu
1197 1486 1272 1549 libro
1301 1486 1353 1548 illo
1384 1504 1450 1548 meo
1476 1503 1513 1547 ne

169 1576 290 1654 quidem
312 1575 437 1638 deiende
457 1582 570 1637 motum
591 1575 713 1652 Tenes,
744 1575 797 1637 sed
818 1574 849 1634 id
870 1575 927 1635 ieci
948 1573 1023 1636 alies
1049 1577 1079 1634 iu
1102 1570 1316 1636 Commentario
1337 1574 1454 1649 hiantis,
1483 1575 1514 1632 iu

168 1662 294 1742 Optlca,
322 1666 353 1723 tn
373 1663 449 1725 libro
476 1662 513 1724 de
535 1662 629 1725 Stella
646 1662 750 1739 Nova,
778 1664 809 1721 in
831 1662 966 1740 Epitome
989 1662 1193 1723 Astronomlae
1216 1661 1434 1740 Gopemicsuaa
1457 1667 1513 1722 eta

168 1752 222 1813 Est
243 1750 326 1812 ahud
348 1752 499 1830 quippiam
519 1753 550 1810 iu
573 1750 647 1810 libro
669 1749 738 1826 iv,
762 1749 841 1828 qaod
862 1752 957 1827 possit
977 1750 1066 1811 alicui
1087 1750 1255 1828 serupulum
1276 1766 1412 1825 morere,
1435 1747 1515 1826 qnod

168 1838 226 1899 hoc
249 1837 392 1900 denudo:
415 1845 467 1900 aut
488 1855 575 1899 nasus
595 1837 731 1899 iortuitos
752 1854 812 1898 nou
834 1836 992 1915 significari
1014 1836 1052 1897 ab
1067 1839 1163 1912 utria,
1186 1845 1247 1912 aut,
1269 1838 1296 1897 si
1317 1836 1356 1897 ab
1370 1839 1407 1898 lis
1421 1838 1515 1913 aigol-

168 1925 301 1999 amru,
325 1932 473 2004 oportere,
495 1932 529 1985 ut
550 1923 648 2002 augeli
670 1923 806 1986 custodes
829 1943 848 1985 a
869 1925 1026 2001 genestum
1048 1924 1185 1985 ehentum
1210 1940 1329 1985 suorum
1350 1923 1515 2005 impedian-

169 2020 234 2089 tur;
258 2021 393 2074 moretur
414 2012 575 2087 dubitatio,
607 2011 680 2071 nihil
701 2014 860 2088 amentum
892 2010 1003 2073 decisio
1033 2011 1072 2072 ad
1093 2011 1248 2090 theologos
1273 2013 1409 2089 rejicitur.
1453 2011 1516 2070 Ex-

168 2103 384 2249 30013111ῌὲ
402 2117 490 2178 super
510 2099 568 2161 boc
588 2101 686 2179 eapite
707 2116 879 2179 responsum
902 2106 932 2160 et
952 2101 1127 2161 seutentiam
1155 2105 1237 2161 tuem
1259 2102 1429 2177 genuinam,
1451 2101 1516 2160 sine

199 2206 238 2248 aa
301 2205 337 2249 eu

257 2292 306 2343 liis
323 2291 452 2355 respondIt
462 2290 624 2343 Blanehus
641 2244 677 2352 (lu
693 2289 784 2340 lisdem
797 2288 885 2358 literis,
903 2292 996 2355 qulbus
1013 2292 1090 2340 ritem
1109 2304 1180 2340 suam
1201 2290 1340 2350 describitir
1358 2291 1515 2343 Prooemium

169 2368 240 2413 nrum
262 2363 297 2413 ad
313 2361 406 2413 librum
423 2364 454 2415 V.
473 2362 637 2413 Harmonlees
653 2360 742 2410 ldundi
764 2360 861 2412 ostendi
885 2374 935 2410 non
953 2360 1027 2411 modo
1048 2359 1208 2424 bibliopolis,
1234 2375 1318 2411 rerum
1335 2359 1515 2414 liberalissimis

169 2445 274 2498 quoque
292 2428 491 2498 doctissimisque
509 2433 582 2496 rlris,
600 2432 645 2497 qui
662 2444 746 2480 omnes
764 2444 823 2480 mox
839 2432 868 2479 iu
884 2429 1055 2481 incredibilem
1073 2434 1150 2480 totius
1168 2433 1249 2495 operis
1269 2433 1437 2485 eunodtetem
1456 2448 1515 2496 pro·

168 2500 249 2555 rutra.
283 2502 318 2555 Η,
338 2500 468 2551 Cardenus
486 2503 690 2566 conquerebatur,
709 2514 735 2549 se
752 2514 882 2563 uunquam
899 2501 1010 2562 potuisse
1026 2501 1110 2550 videre
1129 2498 1208 2552 libros
1225 2501 1435 2552 Harmonlcorum
1452 2504 1514 2554 Pto·

168 2570 268 2633 lemaei,
286 2572 377 2621 Ledus
394 2577 487 2632 tamem
505 2578 533 2620 ut
550 2571 638 2639 audio,
655 2584 706 2619 nou
724 2569 816 2620 multos
835 2584 915 2619 annor
933 2576 991 2619 ante
1008 2572 1088 2632 ipsius
1105 2575 1213 2621 aetatem
1231 2571 1454 2624 luemntvenetiis
1472 2588 1514 2623 ex·

169 2644 237 2707 eusi;
257 2655 324 2691 nune
340 2654 374 2691 ue
390 2643 523 2703 restium
541 2608 643 2706 quidem
660 2638 740 2689 ullum
756 2645 795 2691 est
812 2640 936 2703 reliquum
946 2641 1020 2690 nobis
1037 2641 1125 2690 borum
1140 2639 1270 2693 librorum.
1297 2642 1328 2691 ln
1340 2640 1396 2691 sola
1413 2642 1516 2706 publiea

169 2680 333 2777 tributuros,
351 2726 418 2777 quae
435 2713 503 2774 prius
521 2710 603 2761 iuerat
618 2710 775 2761 Besserionbs
792 2708 945 2778 Omdlnalls,
964 2710 1087 2760 Graecum
1104 2711 1231 2773 quoddam
1253 2708 1380 2773 exemplar
1397 2715 1513 2763 retuatis-

171 2782 264 2831 simum
281 2785 402 2832 senetur.
438 2779 504 2831 Volo
521 2783 569 2832 tibi
586 2782 746 2842 renunciare,
771 2795 838 2846 quae
860 2794 943 2830 coram
938 2747 1045 2830 multis
1061 2783 1283 2843 praestantissimis
1300 2783 1360 2831 viris
1380 2796 1515 2843 generosus

170 2853 278 2917 quidam
296 2855 322 2900 et
338 2852 528 2902 mathematicus
546 2852 653 2912 insignis
676 2850 741 2899 dixit
764 2852 795 2901 de
812 2855 850 2917 te,
876 2854 1010 2915 postquem
1028 2865 1071 2913 ea,
1099 2865 1163 2914 quae
1182 2851 1244 2901 mihi
1261 2848 1398 2901 liberaliter
1414 2854 1514 2920 misisti,

170 2919 289 2983 perlegit·
315 2922 396 2987 ,aaa
418 2923 514 2988 lnquit,
535 2920 559 2972 J.
577 2919 712 2983 lieplerum
732 2922 783 2984 ipsi
800 2920 913 2983 'l'ysboni
928 2919 1010 2969 Braba
1033 2924 1109 2985 atque
1133 2920 1196 2971 adeo
1213 2920 1355 2972 Ptolomaeo
1381 2927 1514 2984 antepono.

170 2992 238 3042 liuns
257 2992 323 3040 amiur
339 2990 418 3042 libros
436 3005 521 3041 omues
537 2993 628 3047 aeriter
645 2988 827 3054 contemplatus
844 3005 912 3058 sum,
934 2991 1131 3053 comparatisque
1149 3005 1205 3041 eum
1222 2996 1331 3041 veterum
1348 2993 1515 3043 monumentis

168 3059 236 3110 nihil
258 3062 287 3110 iu
311 3059 362 3111 illis
384 3061 501 3126 inuenio,
526 3061 594 3126 quod
618 3062 684 3112 luter
706 3062 818 3111 omnium
838 3027 1071 3111 math‘ematleerum
1095 3063 1199 3111 inuenta
1222 3058 1296 3121 longe
1317 3074 1369 3110 nou
1394 3063 1514 3125 amineam

169 3144 279 3181 summe:
302 3129 425 3192 singulari
447 3128 526 3193 pollet
543 3132 676 3195 sapientia.
712 3130 761 3181 Sed
783 3134 941 3195 protractae.
948 3130 1060 3193 quotidie
1084 3132 1164 3192 mame
1185 3129 1314 3181 dilationis
1337 3144 1399 3181 suaa
1416 3132 1515 3200 edendi,

169 3215 235 3263 quae
254 3198 382 3263 pollicitus
399 3204 437 3250 eet
455 3215 568 3264 quaeque
584 3202 689 3263 maioris
708 3206 791 3250 meant
807 3217 867 3252 suaa
884 3198 978 3262 moriae
1001 3203 1027 3249 et
1042 3198 1138 3264 publici
1155 3201 1290 3267 commodi,
1317 3215 1356 3250 ms
1373 3200 1514 3266 multosque

169 3272 282 3321 maxime
299 3270 394 3333 medei,
420 3284 501 3333 neque
526 3271 627 3338 opinor,
654 3285 695 3320 me
710 3270 807 3320 tamdiu
833 3273 926 3334 rivere,
955 3270 1022 3333 quod
1043 3272 1116 3320 istius
1134 3273 1242 3321 auctoris
1259 3269 1370 3320 Tabulas
1387 3271 1514 3336 Redolphi

169 3340 273 3404 alique
291 3341 319 3390 ld
334 3354 413 3402 mua
430 3345 550 3404 exoptata
566 3353 611 3401 eqo
629 3342 754 3392 nidum!
784 3340 854 3391 Haec
872 3343 902 3392 de
918 3344 945 3389 te
955 3338 1127 3391 nobilissimus
1144 3346 1169 3391 et
1180 3341 1361 3391 eruditissimus
1373 3343 1421 3393 vir
1449 3343 1513 3405 ltrgo

169 3424 220 3463 uon
236 3415 279 3461 est
294 3411 439 3475 umatum,
467 3422 631 3474 quaecuuque
652 3412 721 3474 typis
741 3412 912 3476 mandaveris,
938 3414 1011 3472 grata
1028 3413 1144 3462 omuibus
1168 3416 1194 3462 et
1210 3413 1384 3474 aceepdssirue
1405 3425 1438 3461 ne
1456 3415 1513 3462 siut

169 3482 306 3545 incumbe,
330 3485 359 3529 ut
372 3481 582 3544 quemadmodum
601 3485 696 3533 ceterae
721 3483 835 3532 nationes
856 3480 929 3531 libris
950 3480 1109 3543 perfruuntur
1126 3484 1191 3546 tuis,
1215 3483 1252 3531 aio
1268 3481 1345 3531 ltalia
1367 3495 1465 3545 quoque
1482 3496 1513 3533 ex

168 3552 219 3599 tuis
237 3550 361 3600 hucdbus
378 3549 533 3613 voluptatem
559 3557 585 3600 et
601 3549 738 3601 utillimam
755 3553 849 3614 capiat.
884 3548 975 3601 Mirum
994 3551 1075 3613 dictu,
1099 3567 1145 3602 uro
1162 3553 1274 3601 Venetila
1296 3567 1342 3601 nee
1358 3552 1452 3601 Mutae
1467 3567 1514 3603 neo

171 3621 318 3670 florentibus
335 3617 394 3670 eliis
410 3620 438 3668 in
455 3622 560 3670 urbibus
576 3618 666 3670 ltaliae
684 3635 760 3684 opera
776 3625 836 3684 tua,
861 3623 911 3671 ulei
929 3622 1037 3671 maximo
1054 3620 1140 3671 labore
1160 3620 1201 3671 vel
1219 3636 1278 3671 casu
1295 3623 1404 3683 reperiri.
1442 3621 1512 3682 hiihi,

169 3696 229 3739 tuas
247 3691 269 3739 si
288 3703 333 3752 ogo
350 3689 420 3739 roim
430 3689 617 3756 premertdes,
640 3689 691 3740 ture
713 3705 824 3755 uecmss,
847 3693 954 3742 seribere
969 3690 1180 3742 Freneciordism.
1217 3691 1273 3740 Huc
1298 3692 1321 3739 si
1337 3692 1376 3740 tul
1397 3694 1456 3750 (uon
1475 3697 1512 3742 ost

168 3757 313 3826 dnpdotq)
338 3759 407 3809 mille
424 3762 651 3810 transmitterentur
666 3757 739 3826 libri,
763 3775 853 3823 magno
878 3774 964 3812 emme
981 3763 1147 3812 venderentur
1162 3762 1255 3825 pretio,
1281 3762 1342 3825 qula
1359 3764 1414 3824 tam
1438 3776 1512 3823 uuus,

169 3830 338 3896 mihicrede,
360 3836 385 3881 et
401 3832 490 3880 unicus
512 3834 633 3892 tauquam
653 3830 766 3881 Phoenix
790 3831 982 3883 mathematicus
1004 3832 1112 3883 haberis.
1130 3859 1163 3868 -
1189 3832 1228 3881 De
1249 3837 1320 3881 motu
1338 3830 1427 3881 terras
1449 3829 1513 3880 ulhll

170 3899 280 3962 amplius
292 3905 343 3954 ,eui
360 3900 513 3961 paucissima
536 3905 683 3962 repeterem
707 3903 827 3964 quoniam
849 3916 934 3953 reeens
952 3906 989 3950 est
1010 3903 1037 3950 in
1056 3900 1218 3966 Goperulcum
1240 3901 1438 3966 animadversio,
1461 3901 1511 3951 ier·

168 3975 282 4019 rmeeuts
300 3970 382 4019 adbuc
400 3982 518 4029 censura;
545 3983 577 4018 ne
600 3968 658 4019 libri
676 3968 850 4021 mutilarentur
866 3972 972 4036 Romae,
999 3974 1219 4036 praetermitterem
1241 3972 1307 4020 bauo
1329 3972 1510 4034 quaestionem.

169 4038 307 4090 illustrium
323 4044 409 4089 nmen
420 4044 549 4089 auctorum
561 4039 740 4090 (immemorum
750 4040 817 4107 libri,
836 4043 883 4092 etsi
893 4042 1044 4107 quandoque
1060 4046 1182 4097 vetantur.
1201 4040 1265 4092 aiam
1276 4040 1440 4091 nibilominus
1451 4055 1511 4091 reu·
1624 4077 1627 4084 .

170 4110 297 4161 duatu'ret
307 4113 428 4160 abentius
439 4108 561 4171 loquutur.
591 4110 684 4161 verbm
695 4110 856 4177 disputarem,
873 4125 906 4162 au
919 4125 993 4162 casus
1009 4112 1108 4162 fortuiti
1124 4114 1294 4174 siguldeeutur
1311 4113 1344 4161 ab
1357 4113 1432 4161 astris
1453 4116 1478 4162 et
1489 4112 1512 4161 si

169 4180 339 4242 significentur
352 4193 468 4237 merere
481 4177 582 4242 angelos
592 4181 706 4231 custodes
718 4194 735 4231 a
746 4183 878 4243 generibus
890 4196 992 4233 suorum
1003 4181 1121 4232 clientum
1133 4183 1257 4245 impediri,
1270 4183 1398 4242 negodum
1409 4184 1511 4233 omuino

169 4250 274 4299 arduum
293 4254 318 4299 et
336 4263 465 4312 operosum
483 4253 527 4312 est,
545 4250 612 4313 quod
629 4254 713 4300 teman
732 4253 849 4319 arbitrer,
875 4267 931 4302 snm
948 4257 977 4301 tu
993 4249 1122 4316 praeclara
1146 4252 1286 4302 eruditione
1303 4257 1379 4314 atque
1397 4251 1512 4302 doctrina

170 4320 202 4369 sis
220 4323 338 4375 ornatus
355 4320 539 4382 sapientissime
564 4317 809 4385 singulatlsslmaque
832 4323 1027 4373 extricarlsss..
1074 4320 1295 4371 ‚Menandrisuis
1312 4326 1337 4371 at
1354 4322 1511 4383 Origenlanis

169 4388 232 4439 nibil
249 4389 298 4438 bae
313 4391 461 4454 quaestione
485 4394 550 4439 esset
566 4391 680 4440 tamaius.
716 4391 760 4445 Sin
783 4396 867 4441 autem
885 4393 1022 4454 Dionysius
1040 4357 1192 4453 meopagba
1213 4394 1258 4440 aut
1275 4390 1449 4441 Bonarenture
1466 4398 1512 4441 aut
1614 4399 1619 4411 ·

170 4457 288 4509 tibertm
305 4473 410 4520 magnus
426 4459 515 4510 aute.
533 4459 642 4511 Thomas
660 4462 773 4523 opinioni
790 4462 884 4513 maeret
901 4467 974 4527 tuae,
995 4460 1060 4512 nihil
1077 4462 1125 4510 tlbl
1143 4462 1174 4511 de
1197 4459 1349 4524 scrupulosis
1367 4462 1510 4511 hominibus

171 4529 195 4577 lu
209 4535 262 4579 tam
279 4528 405 4591 protunda
422 4543 452 4578 ac
468 4529 598 4580 recondita
614 4529 785 4593 speculatione
803 4531 963 4582 metuendum
981 4537 1051 4583 essai.
1087 4526 1229 4581 tractamur
1245 4535 1329 4581 tamen
1347 4545 1392 4592 eqo
1409 4534 1511 4583 seorsim

171 4598 197 4647 in
215 4596 301 4662 alique
321 4597 422 4661 dialogo
446 4599 510 4648 hane
527 4613 586 4666 rem,
609 4613 661 4648 uon
677 4602 743 4650 inter
759 4599 911 4667 multiplicas
927 4602 1012 4663 magui
1029 4598 1162 4652 voluminis
1183 4603 1379 4665 propositiones,
1404 4615 1437 4650 ns
1453 4616 1510 4664 per-

171 4666 266 4718 timuit
290 4668 364 4718 unius
387 4671 568 4718 coutroversiae
591 4667 696 4719 artiequ
718 4672 798 4720 totum
824 4686 887 4734 opus
908 4686 925 4722 a
947 4672 1090 4722 censoribus
1113 4674 1263 4732 erneretur.
1297 4670 1382 4734 Neque
1403 4676 1440 4720 est
1463 4671 1510 4720 du-

169 4737 245 4804 bium,
264 4739 327 4802 quin
342 4736 510 4801 pulcherrima
525 4738 589 4789 haee
605 4742 651 4789 tua
667 4741 702 4790 sit
718 4741 912 4805 comtemplatio,
929 4755 981 4805 qua
997 4742 1107 4804 protecto
1125 4739 1195 4790 docti
1211 4741 1258 4790 riri
1272 4754 1357 4791 omnes
1374 4740 1509 4790 admodum

170 4805 364 4859 delectabrmm
400 4809 436 4858 At
452 4823 510 4859 enm
526 4822 607 4861 vacue
631 4811 817 4873 praestantibus
840 4813 900 4862 siris
917 4812 1088 4875 erhaumqae
1109 4811 1144 4860 sit
1160 4814 1248 4861 uosha
1264 4815 1347 4878 aetas,
1372 4809 1446 4861 doleo
1464 4824 1507 4859 rr·

168 4877 301 4963 bammter,
318 4893 412 4946 parcos
429 4879 490 4946 iore,
509 4879 554 4961 qui
571 4880 639 4944 quod
655 4880 799 4934 Quaeris
815 4881 959 4945 intelligent
960 4915 1098 4937 ......
1126 4880 1206 4941 inst
1222 4882 1285 4934 mibi
1301 4883 1398 4934 avua
1413 4881 1506 4946 imper-
