3940 5856
743 382 748 389 .
767 333 851 389 Liber
869 334 900 388 V.
920 334 1009 406 Caput
1028 336 1062 390 X.
1530 345 1592 404 327

243 533 331 595 quem
342 515 490 577 attrabunt
500 516 649 588 viventiar
672 515 722 589 qui
736 514 765 571 irr
780 516 856 574 airis
871 516 1039 574 vastitatem
1055 516 1158 591 pennis
1169 514 1303 574 suffultas
1317 515 1436 577 immisit
1445 514 1595 593 volucres3

243 606 294 681 qui
315 605 428 663 nivosis
450 603 656 681 septentrionis
675 601 774 703 plagis
797 618 880 662 ursos
903 601 1003 675 albos,
1034 602 1119 662 albas
1141 600 1244 679 vulpes
1268 601 1363 675 dedit,
1393 603 1593 681 pabulumque

243 692 312 764 illis,
335 692 448 750 marina
470 696 543 762 cete,
565 688 611 748 bis
634 691 734 748 avium
757 704 829 758 ors;
859 691 909 765 qui
931 689 1139 750 solitudinibus
1162 692 1324 751 aestuantis
1347 689 1461 768 Libyae
1482 690 1593 779 leones,

243 782 294 856 qui
317 779 511 838 diffusissimis
533 776 636 854 Syriae
658 775 836 854 planitiebus
858 776 996 852 camelos,
1017 777 1162 854 famisque
1185 775 1253 856 illis,
1276 776 1356 837 lrisce
1377 780 1442 838 sitis
1464 755 1594 838 toleran-

243 870 330 926 tium:
365 866 478 925 hiccine
506 881 621 924 curnem
651 865 680 920 iu
710 862 800 939 globo
823 863 949 922 Telluris
978 866 1170 925 consumserit
1197 873 1305 937 artem,
1337 871 1369 923 ut
1396 883 1454 925 nou
1483 875 1593 942 posset,

245 971 359 1017 omnem
382 953 552 1024 bonitatem,
575 960 690 1010 utnon
713 949 801 1010 redet
824 959 936 1025 ceteros
957 953 1045 1011 etism
1060 951 1166 1028 globos
1189 951 1431 1012 convenientibus
1455 970 1595 1013 exornare

244 1043 399 1112 creaturis,
427 1057 501 1113 quas
524 1038 572 1099 vel
594 1037 809 1098 revolutionum
832 1037 1014 1114 prolixitates
1037 1038 1271 1115 brevitatesque,
1303 1038 1350 1098 rel
1373 1038 1451 1099 Solis
1474 1042 1595 1118 propin·

244 1131 342 1204 unitas
364 1133 394 1186 et
416 1130 547 1199 remotio,
571 1124 619 1185 rel
642 1127 889 1184 eccentricitatum
912 1128 1049 1197 varietas,
1072 1127 1120 1186 rel
1137 1143 1289 1202 corporum
1312 1128 1390 1185 nitor
1411 1134 1463 1186 aut
1486 1127 1594 1186 obscu-

244 1221 330 1288 ritas,
360 1213 407 1273 vel
429 1213 602 1290 figurarum,
635 1213 742 1289 quibus
765 1212 914 1286 quaelibet
934 1215 1016 1289 regio
1038 1213 1171 1286 fulcitur,
1194 1217 1387 1290 proprietates
1408 1212 1594 1274 suadebunt?

245 1305 321 1364 Ecce
343 1321 371 1361 u.
395 1308 426 1360 ut
449 1303 628 1365 animantum
658 1298 738 1359 secla
760 1302 790 1358 in
813 1300 868 1357 boc
890 1299 1018 1359 Telluris
1039 1300 1129 1376 globo
1153 1301 1275 1360 maseuli
1298 1300 1424 1376 effigiem
1447 1303 1477 1358 in
1500 1301 1594 1362 dode·

246 1391 360 1465 enidro,
384 1376 518 1467 leminae‘
531 1391 561 1447 iu
580 1386 728 1449 reosiedro
750 1384 885 1467 (qnorum
908 1385 980 1469 illud
1003 1390 1131 1451 exterius
1154 1387 1280 1447 Telluris
1303 1389 1402 1448 orbem
1424 1386 1516 1463 fulcit,
1539 1389 1596 1449 boe

245 1473 382 1560 interius)
415 1476 611 1553 generationis
638 1474 764 1551 denique
796 1473 923 1550 effigiem
954 1476 984 1532 in
1013 1473 1094 1535 illius
1124 1476 1252 1552 conjugii
1285 1474 1387 1535 dirius
1408 1478 1595 1554 proportione

246 1567 369 1642 ejusque
392 1565 593 1624 ineffabilitate
615 1562 758 1622 babeant:
782 1561 853 1637 quid
877 1569 989 1623 ceteros
1010 1560 1116 1638 globos
1131 1562 1239 1623 babere
1261 1562 1431 1638 putabimus
1453 1580 1479 1622 a
1494 1563 1595 1639 liguria

247 1651 376 1714 ceteris?
420 1652 475 1712 Cui
499 1653 576 1711 bono
599 1648 708 1721 Jopem
730 1657 857 1724 quatuor
879 1647 1008 1729 Lunae,¹
1030 1648 1188 1709 Saturnum
1212 1650 1287 1709 dnae
1311 1650 1443 1709 cursibus
1467 1652 1594 1725 cingunt,

247 1749 280 1801 ut
300 1750 430 1800 nostrum
454 1737 632 1799 domicilium
656 1737 729 1797 baec
752 1746 851 1795 nostra
872 1734 958 1796 Luna
979 1736 1092 1796 unica?
1138 1737 1185 1797 Ad
1218 1736 1344 1799 eundern
1373 1754 1443 1797 vero
1475 1737 1594 1797 modum

247 1830 335 1888 etiam
361 1827 396 1886 de
419 1828 508 1902 globo
532 1824 611 1885 Solis
632 1824 871 1885 ratiocinabimur
902 1823 1146 1901 conjecturasque
1174 1826 1212 1885 ab
1243 1824 1402 1885 harmoniis
1434 1827 1595 1901 ceterisque

247 1915 405 1989 desumtas,
429 1932 479 1993 per
501 1930 533 1973 se
557 1911 674 1989 quidem
696 1910 974 1988 ponderosissimas,
997 1911 1172 1986 conjecturis
1194 1911 1269 1983 aliis,
1294 1913 1388 1987 mame
1411 1911 1449 1970 ad
1471 1928 1595 1988 corpora

246 2004 450 2078 vergentibus,
481 2002 575 2077 magis
604 1998 641 2057 ad
673 1997 755 2074 vulgi
790 2005 907 2074 captum
940 1998 1182 2072 accommodatis,
1217 1998 1300 2057 velut
1335 1999 1593 2076 incorporabimus.
1689 2021 1692 2027 ¹

125 2122 130 2131 =
245 2088 338 2150 Illeue
360 2088 465 2165 globus
489 2104 615 2160 vacuus,
639 2086 726 2146 ceteri
750 2084 828 2163 pleni
850 2091 932 2158 sunt,
955 2087 979 2143 si
1003 2087 1101 2145 omnia
1125 2086 1185 2146 alia
1205 2085 1383 2162 respondent
1404 2086 1547 2162 propius?
1569 2090 1594 2146 si

246 2185 280 2236 ut
301 2177 392 2237 Terra
413 2177 520 2247 nubes,
554 2177 597 2234 sic
618 2172 670 2232 Sol
693 2180 772 2232 atras
794 2171 931 2240 fuligines
953 2172 1105 2248 exspirat?
1133 2176 1158 2230 ri
1183 2181 1215 2233 ut
1236 2172 1288 2233 illa
1310 2173 1451 2233 imbribus
1473 2173 1596 2233 humec-

246 2272 324 2323 tatur
346 2271 376 2323 et
399 2265 523 2335 virescit,
546 2264 589 2321 sic
610 2258 663 2320 Sol
684 2258 806 2323 maculis
828 2258 958 2321 illissuis
974 2263 1084 2319 exustis
1108 2258 1240 2334 lucescit,
1265 2260 1594 2338 emicantibur,'inipso

246 2367 375 2427 corpore,
399 2358 462 2411 toto
485 2352 582 2425 igneo,
605 2346 762 2431 dammulis
784 2344 978 2406 clarioribus?
1013 2346 1068 2405 Cui
1091 2348 1156 2406 usui
1180 2348 1227 2408 bio
1249 2355 1418 2425 apparetur,
1441 2348 1467 2406 si
1488 2347 1595 2424 globus

247 2438 383 2499 vacuus?
406 2440 452 2496 An
475 2453 533 2496 non
556 2434 605 2497 vel
627 2452 730 2496 sensas
753 2436 809 2512 ipsi
831 2433 1005 2508 exclamant,
1027 2434 1115 2511 i'gnea
1137 2435 1185 2494 bib
1199 2435 1332 2495 habitare
1356 2450 1487 2512 corpora,
1511 2452 1595 2495 men·

248 2528 321 2586 tium
343 2525 521 2603 simplicium
543 2524 679 2602 capacia,
702 2538 828 2598 vereque
850 2519 949 2580 Solem
972 2538 1038 2599 esse
1058 2543 1150 2599 nepos
1172 2542 1276 2600 mrpon
1297 2525 1324 2582 si
1345 2539 1404 2583 nou
1426 2539 1540 2598 regem,
1564 2530 1596 2582 at

246 2613 349 2674 saltem
369 2612 507 2689 regiam?

332 2700 484 2776 Abmmpo
507 2697 640 2758 consulto
662 2704 693 2756 ot
714 2712 848 2756 sumerum
872 2703 903 2755 et
922 2694 1154 2773 specnlstiouem
1177 2698 1391 2771 vastissimam,
1420 2704 1534 2757 tautum
1557 2695 1595 2756 il

245 2787 296 2848 lud
320 2786 487 2849 exclamans
511 2804 576 2845 cum
597 2783 699 2853 Psalte
720 2800 810 2859 rege:

332 2871 466 2951 Mopsus
487 2873 641 2935 Dominus
662 2878 762 2932 amtor
791 2878 819 2929 et
847 2886 964 2945 magno
984 2871 1169 2943 virtusejus
1194 2877 1224 2929 et
1249 2871 1418 2945 supierrttce
1446 2870 1511 2942 ejus
1531 2887 1596 2930 unu

245 2971 287 3023 ert
303 2978 471 3025 nummus.-
494 2960 618 3021 laudate
639 2976 708 3019 eam
730 2959 818 3031 coeli,
842 2956 966 3017 laudate
986 2973 1057 3017 eum
1080 2956 1141 3030 Sol,
1165 2956 1260 3017 Luna
1281 2964 1309 3016 et
1331 2957 1494 3029 Planctus,
1517 2972 1595 3037 gno*

245 3068 365 3125 meaque
385 3067 474 3109 serra
495 3048 538 3108 ad
556 3046 796 3123 percipiendum,
819 3060 1002 3121 omoeoque
1023 3044 1131 3120 tropea
1147 3044 1189 3104 od
1203 3043 1403 3120 eloquendum
1422 3042 1594 3103 Ονιαῡοναη

143 3172 150 3183 ·
245 3145 380 3197 onlnem
400 3138 542 3196 utamini.
583 3132 722 3193 Mudute
742 3150 811 3192 eum
836 3132 1027 3197 Harmonice
1047 3132 1186 3205 melem,
1210 3132 1335 3191 loedme
1355 3142 1426 3190 enm
1447 3147 1500 3193 vos
1520 3131 1596 3190 bor-

244 3226 423 3285 monr‘ortrm
445 3224 630 3282 detectorum
661 3221 772 3281 arbitri
803 3225 909 3293 (Tuque
926 3229 991 3277 auto
1008 3238 1112 3293 omues,
1129 3222 1275 3278 Moestliue
1293 3222 1366 3278 felici
1382 3230 1503 3291 senens,
1521 3238 1595 3279 uam-

245 3330 299 3385 que
315 3323 347 3370 tu
365 3312 473 3369 solebas
490 3314 541 3367 bas
557 3311 638 3368 dictis
650 3313 769 3368 aninmo
782 3327 885 3381 speque
896 3315 997 3369 euml:
1011 3305 1107 3365 londo
1127 3314 1157 3365 et
1170 3314 1204 3365 tn
1218 3310 1326 3366 annua
1339 3324 1409 3365 mec
1425 3305 1595 3368 Dominum

247 3402 420 3461 Creatorem
443 3404 542 3471 tuum,
566 3395 715 3472 quamdiu
735 3396 845 3473 hero:
871 3411 1006 3469 nutuque
1027 3412 1064 3454 ea
1084 3396 1151 3469 ipso
1172 3401 1277 3469 siper
1299 3397 1400 3470 iprum
1422 3401 1451 3453 et
1473 3398 1507 3453 in
1530 3397 1595 3469 ipso

243 3493 315 3546 runt
336 3484 457 3559 omnia,
481 3508 528 3544 και
550 3507 588 3543 ror
610 3482 737 3555 alodum
760 3505 807 3543 aar
826 3505 866 3541 τα
888 3503 994 3559 νοερας
1016 3490 1079 3539 lum
1102 3499 1140 3540 eu
1160 3499 1240 3557 queue
1261 3485 1441 3558 operaremur
1460 3484 1592 3555 pensitet,

245 3590 340 3649 quiam
362 3591 399 3631 ec
421 3574 643 3645 asuescimus,
676 3570 957 3633 mirrimutliorum
981 3585 1072 3644 pars,
1102 3571 1177 3645 quio
1205 3568 1306 3630 arilina
1333 3570 1405 3644 plus
1433 3569 1520 3627 duo
1542 3576 1594 3629 cat.

246 3661 312 3736 lpse·
333 3661 410 3732 taor,
434 3659 532 3718 bonor
553 3665 581 3718 et
601 3659 701 3735 glorio
722 3661 758 3716 r‘rr
777 3656 878 3716 saulo
900 3656 1080 3715 seculorum.
1124 3659 1232 3716 Amerr.

822 3828 1023 3891 ulnis.

335 4006 485 4053 Absolutum
504 4009 541 4052 est
559 4005 605 4051 irco
623 4016 684 4065 opus
712 4004 753 4051 dle
774 4000 970 4067 ti.27.l1atr‚
997 4001 1251 4057 ascentionum
1278 4002 1376 4051 revisus
1401 4014 1457 4053 roro
1485 4002 1547 4051 liber
1566 4003 1596 4050 V.
1627 4058 1633 4063 ,

243 4077 357 4133 (iuterim
377 4077 436 4124 dum
455 4077 480 4123 iu
501 4090 530 4123 uo
549 4076 601 4135 typi
623 4072 820 4136 progrediuntur)
839 4070 862 4124 9.
885 4071 924 4127 19.
944 4073 1073 4121 Februarii
1092 4086 1157 4120 anuo
1176 4070 1318 4123 Muuxrx.

569 4181 671 4239 Lincis'
694 4179 853 4256 Metropoli
875 4182 1019 4239 Austrinos
1043 4178 1286 4255 &muniremus
