3882 5862
379 425 448 485 404
911 412 1062 492 Ptolemaei
1077 412 1232 473 Harmonia

377 593 499 686 ritasyel
510 592 636 683 tarditas,
654 593 812 661 inconstpns
824 590 907 647 etiam
919 589 1016 661 forma,
1035 592 1194 649 inconstans
1207 590 1325 661 denique
1336 589 1457 648 dunno:
1475 592 1597 662 intellige
1608 592 1636 649 in
1648 601 1737 650 asmo

382 671 695 820 nongrlialqffialoollua
714 748 788 804 tituli
806 765 903 806 sensus
922 750 961 804 sic
979 756 1022 805 est
1039 757 1221 818 comparatus,
1241 757 1271 803 ιιι
1290 749 1370 804 focile
1388 757 1490 822 pateat,
1509 758 1593 822 capnt
1610 750 1663 805 hoe
1679 766 1735 806 non

380 830 527 900 suiipsius
545 828 738 900 causascribi,
766 842 817 883 uec
834 827 917 883 finem
940 826 1115 882 dicendorum
1137 827 1166 883 in
1184 844 1214 881 se
1238 829 1299 897 ipso
1324 828 1476 900 continere,
1502 830 1552 886 sed
1571 830 1672 886 servire
1691 827 1737 884 alii

381 908 463 965 alieni
481 914 625 965 secuturae
643 906 845 976 comparationi,
864 908 954 977 capite
974 908 1013 963 ib
1032 907 1158 977 sequenti
1178 907 1370 963 instituendae.

467 996 541 1052 Nota
558 994 607 1050 111.
643 995 676 1050 In
693 993 842 1050 Ptolemaei
869 994 1036 1049 astronomia
1064 1002 1127 1049 sunt
1151 994 1230 1049 orbes
1249 995 1329 1050 solidi
1348 995 1389 1051 vel
1417 996 1508 1065 quasi,
1537 1001 1628 1049 motus
1646 995 1735 1050 nullus

380 1075 585 1132 nanaacribitur
597 1075 650 1144 ipsi
661 1073 766 1140 stellae,
785 1073 837 1129 nisi
850 1089 986 1143 apparens
998 1073 1052 1140 ille,
1071 1077 1238 1144 compositus
1257 1074 1364 1131 scilicet
1376 1091 1410 1130 ex
1422 1074 1546 1144 pluribus
1560 1071 1735 1144 simplicibus,

380 1156 427 1225 qni
444 1170 475 1211 re
491 1170 557 1210 vera
576 1152 733 1209 dividuntur
749 1152 821 1209 inter
839 1152 973 1221 sphaeras
991 1151 1119 1207 totidem:
1142 1161 1174 1207 nt
1190 1151 1229 1208 ita
1247 1153 1381 1222 sphaerae
1399 1153 1524 1224 singulae
1541 1150 1658 1222 siugulis
1674 1166 1736 1220 pro·

379 1234 446 1303 priis
463 1234 611 1289 incitentur
627 1232 746 1287 motibus
763 1231 863 1300 iisque,
889 1240 921 1286 ιιι
938 1233 1026 1301 prima
1043 1232 1133 1287 fronte
1152 1240 1278 1301 apparet,
1305 1232 1386 1301 plane
1406 1231 1574 1302 simplicibus
1592 1239 1621 1286 et
1638 1245 1738 1301 amna-

379 1311 487 1368 bilibus.
523 1311 584 1381 Qua
600 1311 629 1366 in
647 1310 775 1379 opinione
792 1312 903 1366 fuerunt
927 1314 1008 1367 etiam
1026 1321 1148 1380 veteres,
1175 1311 1322 1382 Eudoxus,
1350 1311 1479 1381 Calippus
1504 1327 1609 1380 eosque
1626 1318 1737 1367 secutus

379 1390 552 1459 Aristoteles,
571 1397 602 1445 ut
619 1390 801 1459 perscriptum
818 1388 928 1460 reliquit
946 1393 1012 1447 Met.
1031 1391 1094 1446 XII.
1131 1391 1219 1458 Quam
1238 1391 1393 1459 opinionem
1411 1406 1462 1458 epo
1480 1390 1599 1451 refutari
1614 1390 1643 1444 in
1661 1389 1737 1444 Com·

378 1471 518 1526 mentariis
543 1470 577 1525 de
601 1471 721 1525 motibus
745 1468 841 1525 stellae
857 1470 955 1525 Martis
983 1469 1146 1538 defendique
1162 1468 1312 1524 rationibus
1335 1470 1514 1535 evidentibus,
1532 1486 1640 1525 omnem
1663 1469 1737 1524 illam

380 1558 503 1604 motuum
521 1549 693 1615 varietatem,
712 1563 783 1616 quae
800 1547 888 1603 stellis
905 1549 995 1603 inesse
1013 1555 1140 1618 putatur,
1159 1557 1207 1604 aut
1223 1549 1395 1618 phantasiam
1413 1565 1474 1603 esse
1493 1549 1622 1619 visusque
1640 1547 1736 1617 decep·

380 1628 495 1689 tionem,
522 1644 557 1683 ex
575 1644 666 1683 annuo
684 1626 801 1682 Telluris
820 1636 896 1683 motu
913 1637 1020 1696 natam,
1049 1636 1096 1684 aut
1120 1644 1151 1683 re
1168 1643 1233 1685 vera
1257 1629 1428 1698 planetarum
1446 1629 1535 1699 globis
1553 1629 1621 1699 ipsis
1639 1630 1736 1695 inesse,

381 1708 421 1764 sic
438 1714 469 1763 ut
485 1706 526 1763 illi
543 1724 714 1779 nequaquam
732 1705 967 1762 circumvehantur
985 1707 1105 1761 velutin
1123 1724 1205 1762 curru
1223 1717 1271 1762 aut
1288 1716 1318 1763 nt
1335 1708 1427 1765 clavus
1439 1709 1468 1764 in
1479 1713 1547 1778 rota
1566 1708 1737 1778 quiescentes

381 1803 419 1843 sc.
438 1788 466 1844 in
485 1803 540 1842 uno
558 1787 601 1847 sui
619 1788 692 1841 orbis
709 1786 783 1853 looo,
810 1784 860 1841 sod
877 1800 907 1841 re
924 1802 989 1841 vera
1006 1786 1143 1855 trajiciant
1159 1803 1209 1855 per
1226 1787 1442 1857 limpidissimam
1460 1802 1553 1841 auram
1572 1788 1735 1853 aetheream,

380 1867 420 1923 illi
439 1867 593 1923 uuhawnus
612 1866 717 1935 illigati.
743 1860 833 1934 Quare
849 1868 1000 1922 meminerit
1019 1867 1112 1935 lector,
1132 1883 1174 1921 me
1187 1866 1240 1937 hic,
1259 1868 1323 1920 dum
1341 1866 1500 1923 Ptolemaici
1518 1867 1609 1936 operis
1627 1868 1737 1922 lacunas

381 1945 487 2017 expleo,
515 1962 570 2002 non
588 1946 708 2002 acubere
726 1961 759 2000 er
778 1947 859 2002 animi
877 1947 930 2002 mei
947 1946 1090 2009 sententia,
1110 1946 1158 2001 sed
1176 1946 1325 2001 Ptolemaei
1344 1945 1466 2016 vestigiis
1494 1946 1650 2001 necessario
1675 1945 1737 1999 insi·

381 2033 465 2095 stare,
482 2026 506 2080 si
523 2025 594 2080 mam
613 2025 722 2093 quidem
741 2027 921 2081 ecceutricam
937 2025 1056 2095 planetis
1075 2025 1189 2095 singulis
1207 2026 1338 2096 relinquit
1354 2025 1435 2081 etiam
1454 2040 1515 2080 mea
1532 2041 1566 2080 ox
1585 2023 1736 2096 Copernioo

381 2110 548 2160 tranmumts
565 2104 746 2171 astronomia,
774 2120 845 2173 qnae
862 2103 967 2159 scilicet
984 2104 1059 2160 ahud
1076 2105 1203 2160 observat
1220 2112 1344 2161 centrum
1361 2120 1379 2160 a
1396 2112 1490 2161 centro
1507 2105 1593 2161 totins
1611 2103 1738 2171 ιιιιίιιιιιί,

381 2181 455 2252 qnod
473 2181 520 2238 Sol
538 2189 589 2238 est.

467 2269 540 2326 Nota
557 2269 604 2326 IV.
648 2268 794 2339 Epicyclos
817 2285 911 2325 omnes
937 2271 1033 2326 umens
1060 2269 1178 2324 Telluris
1204 2276 1294 2326 motus
1322 2278 1429 2326 annuus
1454 2269 1529 2339 apud
1556 2269 1735 2339 eopernicum

379 2346 453 2402 tollit
470 2347 650 2417 planetasque
668 2356 773 2402 tantum
792 2347 919 2416 directos,
937 2354 1043 2403 tantum
1062 2365 1116 2403 uno
1134 2349 1215 2405 modo
1228 2347 1334 2404 veloces
1353 2364 1414 2404 esse
1432 2348 1543 2418 potitur,
1560 2363 1622 2402 oum
1635 2349 1738 2406 scilicet

380 2436 446 2482 sunt
462 2426 490 2480 in
508 2425 656 2495 periheliis,
675 2434 704 2481 et
721 2426 800 2481 Luna
816 2426 845 2481 in
862 2427 990 2496 perigraeo
1009 2444 1075 2498 suo;
1102 2428 1218 2501 alterum
1235 2429 1288 2483 hoo
1305 2427 1458 2484 uelocitatis
1475 2434 1658 2496 angmentum,
1676 2437 1736 2485 tan·

381 2506 462 2576 qnanl
480 2518 516 2558 ex
533 2503 669 2573 epinyclo,
695 2520 753 2560 una
779 2522 841 2560 cum
866 2504 1033 2561 stationibus
1061 2511 1089 2560 et
1111 2507 1401 2576 retrogradationibus,
1430 2507 1544 2562 sublatis
1563 2504 1691 2575 epicyelis
1708 2513 1736 2561 et

380 2583 531 2639 substituto
549 2582 748 2651 simplicissimo
766 2591 794 2639 et
813 2583 894 2638 unico
907 2583 1025 2641 Telluris
1044 2594 1128 2655 motu,
1147 2586 1228 2641 simili
1245 2588 1364 2644 motibus
1383 2594 1533 2642 ceterorum
1551 2585 1624 2639 circa
1636 2582 1735 2655 Solem,

380 2664 410 2720 in
426 2678 529 2719 meram
546 2664 621 2718 risus
640 2662 829 2733 deceptionem
847 2664 993 2720 euanescit.
1029 2664 1066 2719 At
1083 2664 1268 2736 Ptolemaeus,
1298 2666 1345 2736 qui
1364 2681 1443 2722 ueros
1460 2663 1574 2721 credidit
1592 2662 1736 2734 epicyclos,

381 2743 530 2815 praeterire
547 2745 598 2799 has
615 2744 787 2799 incitationes
805 2751 833 2799 et
851 2744 1018 2800 retentiones
1035 2760 1208 2816 nequaquam
1225 2746 1323 2815 potnit.
1359 2744 1438 2803 llnde
1455 2743 1565 2811 lactum,
1584 2750 1615 2796 ut
1633 2757 1737 2797 summa

380 2824 511 2878 existeret
528 2829 650 2877 motuum
669 2822 791 2878 confusio
810 2822 884 2891 apud
903 2822 1100 2890 Ptolemaeum,
1121 2840 1191 2892 qnae
1208 2825 1328 2893 ineptam
1346 2832 1374 2879 et
1392 2823 1586 2877 abhorrentem
1603 2818 1736 2876 reddebat

381 2916 488 2957 omnem
503 2904 739 2972 comparationem,
757 2910 897 2970 utcunque
915 2916 947 2955 ea
965 2901 1161 2958 institueretur.
1196 2903 1275 2958 Hauc
1293 2903 1361 2958 adeo
1380 2919 1489 2959 causam
1508 2918 1570 2958 esse
1587 2906 1668 2970 puto,
1686 2914 1735 2953 cur

380 2979 552 3036 Ptolemaeus
569 2982 738 3051 praescripto
756 2980 853 3049 capitis
866 2979 992 3035 lemmate
1010 2981 1200 3037 tractationem
1213 2983 1422 3037 subsecuturam
1440 2983 1538 3036 lacuna
1549 2979 1657 3047 texerit,
1674 2976 1737 3045 qnia

380 3058 551 3128 impossibile
568 3060 685 3130 uidebat,
702 3061 731 3116 in
749 3059 916 3116 astronomia
927 3076 978 3116 sna
991 3060 1169 3116 demonstrari
1187 3060 1271 3116 talem
1290 3068 1412 3116 motuum
1426 3060 1587 3115 coelestiam
1604 3062 1737 3121 ornatum,

381 3136 489 3205 qualem
506 3138 566 3208 ipse
584 3154 618 3194 ex
636 3139 784 3209 archetypo
802 3154 893 3194 rerum
912 3139 1080 3196 musicalium
1099 3148 1261 3211 conceperat
1280 3143 1378 3198 animo.
1397 3140 1511 3196 Poterat
1529 3154 1594 3195 sane
1612 3134 1735 3192 confusio

380 3216 435 3348 iim
451 3213 607 3274 Ptolemaeo
625 3216 805 3287 persuadere,
829 3225 860 3273 ut
883 3218 965 3273 missa
988 3234 1038 3273 sua
1061 3220 1228 3276 astronomia
1252 3219 1286 3274 ad
1310 3228 1427 3275 veterem
1446 3217 1656 3290 Pythagorieam
1674 3230 1735 3270 con·
1810 3234 1812 3241 ’

395 3302 499 3364 oneret.
1589 3293 1601 3302 '

471 3391 544 3446 Nota
560 3387 593 3443 V.
629 3385 804 3441 Ptolemaeus
823 3384 917 3439 Lunae
940 3385 1050 3440 eosdem
1067 3386 1177 3456 quidem
1195 3385 1291 3441 tribuit
1309 3386 1389 3441 orbes
1407 3385 1612 3453 nominetenus,
1631 3399 1699 3453 qnos
1718 3384 1734 3438 b

381 3460 507 3540 reliquis,
533 3466 683 3539 epinycluru
706 3465 810 3520 scilicet
826 3465 855 3519 in
874 3466 1040 3521 ecccntrico:
1068 3474 1097 3522 at
1114 3467 1154 3520 ris
1174 3474 1216 3521 est
1239 3465 1283 3519 his
1305 3463 1502 3535 hypothesibus
1521 3463 1736 3519 diversissimae

383 3546 543 3607 riillarnm.
579 3548 649 3603 Nam
667 3546 784 3615 primum
802 3544 978 3614 apparentiae
996 3544 1024 3598 in
1042 3544 1122 3599 Luna
1139 3544 1209 3599 tales
1222 3543 1315 3599 nullae
1334 3551 1406 3612 sunt,
1425 3542 1460 3597 ob
1480 3558 1547 3611 quas
1567 3543 1664 3598 ceteris
1682 3541 1734 3596 sin-

383 3628 454 3699 gulis
473 3626 572 3696 singuli
590 3624 647 3681 dati
665 3632 731 3679 suut
748 3622 874 3694 epieynb,
901 3640 962 3679 cum
978 3624 1058 3678 Luna
1075 3639 1125 3679 nec
1143 3622 1305 3694 retrograda
1322 3622 1385 3691 flat,
1404 3637 1454 3676 nec
1471 3621 1499 3676 in
1517 3637 1622 3676 summa
1640 3617 1734 3688 apside

383 3706 469 3761 velox.
504 3707 601 3774 Itaque
619 3704 714 3758 Lunae
732 3702 871 3772 eplcyelns
890 3702 1057 3771 aequipollet
1075 3703 1226 3758 ecccntrico
1246 3709 1406 3757 ceterorum.
1442 3699 1548 3754 Deinde
1567 3698 1732 3754 ecccntricus

382 3786 477 3844 Lunae
495 3784 707 3842 diversissimam
726 3800 743 3837 a
760 3781 858 3837 ceteris
884 3796 1007 3849 caueam,
1036 3796 1086 3836 nec
1103 3781 1192 3836 minus
1218 3788 1247 3836 et
1273 3781 1387 3836 formam
1413 3779 1624 3834 diversissimam
1650 3777 1733 3833 habet

382 3873 517 3921 motuum:
535 3864 594 3920 vult
611 3864 683 3919 enim
696 3862 876 3929 Ptolemaeus,
896 3859 969 3914 hunc
987 3860 1168 3915 ecccntricum
1180 3867 1322 3915 menstruo
1341 3867 1463 3928 tempore
1476 3856 1595 3912 volubile
1613 3862 1734 3912 aeneum

381 3945 483 4003 babere
501 3959 551 4015 per
567 3948 656 3999 totum
673 3942 823 4009 andiacum,
842 3956 892 3996 nec
908 3949 999 3994 tamen
1017 3940 1090 3996 circa
1106 3939 1134 3993 id
1147 3940 1255 4015 aequali
1273 3940 1338 3999 cieri
1356 3947 1440 4005 motu,
1459 3939 1508 3993 sed
1526 3937 1647 3993 velocem
1665 3952 1732 4004 esee,

382 4041 444 4082 cum
462 4022 518 4079 fert
534 4023 686 4093 epinyclnm
702 4022 730 4076 in
750 4037 863 4089 summo,
880 4020 997 4087 tardum,
1015 4037 1076 4075 cum
1093 4020 1122 4073 in
1139 4020 1195 4076 ima
1212 4028 1241 4079 et
1258 4021 1387 4090 perigaea
1404 4019 1448 4074 sni
1465 4025 1551 4088 parte.
1570 4016 1733 4072 Reiutarnnt

381 4113 473 4160 umen
492 4105 565 4160 hunc
583 4103 763 4158 ecccntricum
782 4099 953 4156 solidissimis
971 4099 1121 4155 redonibus
1139 4099 1374 4168 Regiomontnnus
1392 4104 1420 4153 et
1438 4096 1612 4166 Gopernicus.
1639 4096 1732 4163 ltaque

381 4200 434 4255 ego
453 4183 590 4240 substituo
608 4180 679 4234 dam
696 4180 792 4234 Lunae
812 4178 884 4233 circa
901 4180 1012 4235 Terram
1032 4181 1211 4236 eccenumam
1230 4177 1333 4247 duplici
1350 4177 1447 4231 modo:
1465 4191 1520 4230 uno
1539 4182 1628 4241 stato,
1647 4172 1732 4241 altero

381 4263 511 4331 variabili,
530 4269 561 4318 ut
577 4260 713 4315 interdum
731 4258 813 4328 plane
830 4273 885 4312 non
904 4258 948 4323 sit,
967 4258 1035 4312 olias
1047 4266 1189 4314 excrescat
1206 4258 1243 4314 ad
1261 4264 1360 4313 statam
1378 4264 1406 4309 et
1424 4259 1525 4309 certem
1544 4253 1731 4325 quantitatem.

380 4344 413 4398 In
431 4340 567 4397 Mercurio
585 4338 758 4393 Ptolemaeus
775 4352 825 4407 pro
844 4335 960 4406 simplici
978 4343 1130 4391 ceterorum
1149 4337 1301 4392 eccentrioo
1320 4332 1455 4402 duplicem
1474 4331 1553 4400 iecit3
1571 4332 1648 4394 mihi,
1667 4345 1730 4398 sup·

380 4424 472 4493 posito
490 4421 592 4476 Terrae
608 4425 685 4474 motu
702 4431 807 4485 annuo,
830 4416 874 4469 via
891 4414 1020 4469 Mercurii
1039 4413 1120 4484 plane
1137 4413 1232 4470 similis
1250 4414 1282 4470 fit
1299 4412 1397 4468 ceteris
1416 4411 1553 4481 quinque,
1581 4426 1619 4467 sc.
1638 4424 1730 4465 eccen-

380 4504 450 4558 trica
467 4501 539 4556 eirca
557 4498 656 4555 Solem:

467 4590 541 4646 Nota
556 4586 605 4645 Vl.
641 4586 716 4640 Haec
734 4580 907 4653 periodorum
925 4579 1091 4648 comparatio
1109 4578 1299 4634 nominetenus
1322 4578 1431 4647 quidem
1450 4577 1548 4634 attinet
1565 4580 1679 4646 motum,
1701 4591 1731 4630 re

379 4683 445 4724 nera
462 4684 519 4724 non
536 4675 648 4735 motum,
667 4664 716 4720 sed
734 4677 876 4716 nnmerum
894 4657 1012 4727 dierum,
1031 4658 1078 4726 qui
1095 4657 1208 4713 metitur
1224 4665 1332 4727 tempus
1350 4657 1454 4713 reditus
1472 4655 1605 4725 cujusque
1622 4654 1727 4727 sideris.

298 4780 306 4793 .
380 4746 469 4802 Aliter
485 4754 577 4801 nmen
595 4742 674 4812 mibi,
701 4741 780 4798 aliter
796 4738 963 4795 Ptolemaeo.
999 4739 1069 4793 Nam
1088 4739 1153 4808 quia
1169 4735 1343 4793 Ptolemaeus
1361 4734 1438 4805 ponit
1456 4735 1600 4805 sphaeram
1617 4733 1729 4803 primam

380 4822 599 4892 aequabilissimo
617 4829 693 4877 ιιιοιιι
710 4819 826 4888 moveri,
845 4819 909 4874 hinc
927 4835 962 4874 ex
981 4818 1176 4888 compositione
1193 4815 1387 4886 magnitudinis
1405 4814 1540 4885 sphaerae
1557 4819 1586 4871 ot
1602 4812 1730 4868 tarditate

379 4900 483 4965 mellina
506 4901 630 4961 mutor
655 4899 738 4959 etiam
755 4899 842 4956 motui
868 4897 1002 4968 sphaerae
1019 4897 1111 4968 aliqua
1138 4903 1214 4956 certa
1235 4903 1264 4951 et
1281 4904 1410 4954 consum
1427 4892 1572 4964 velocitas,
1599 4901 1629 4950 at
1654 4891 1728 4964 mihi,
