3940 5856
798 360 882 420 ustor
898 350 947 419 ni.
967 364 1055 434 caput
1073 348 1105 419 i.
1375 365 1379 374 ·
1570 356 1633 429 att

364 543 438 597 licta
453 539 514 597 VII.
551 541 625 599 Ecce
643 548 734 596 autam
751 548 780 594 et
797 541 929 595 minutam
946 539 1127 608 diligentiam
1151 544 1183 593 ut
1201 537 1372 593 diatessaron
1399 538 1533 597 habituali
1549 540 1634 599 iacul-

276 622 328 676 tati
345 621 431 689 magis
450 618 578 689 quadret,
605 627 663 675 tres
686 620 746 687 ejus
769 620 875 689 species
892 619 980 674 tribus
1002 617 1113 673 habitus
1132 616 1277 686 speciebus
1299 627 1451 690 comparat,
1479 629 1635 693 augmento,

276 700 478 767 consistentiac,
491 699 669 754 diminutioni.
697 698 817 767 Species,
835 713 904 767 quaa
915 697 981 751 velit
992 697 1079 766 ipsius
1091 696 1268 756 diatessaron.
1285 696 1346 752 ride
1358 698 1417 766 ejus
1429 700 1476 756 lib.
1489 698 1524 756 ΙΙ.
1538 719 1596 773 cap.
1609 703 1635 759 3.

278 780 349 834 Sane
368 785 396 833 et
413 794 464 848 ego
481 777 528 832 lib.
547 782 596 837 111.
614 795 672 848 cap.
687 780 731 833 10.
748 786 805 833 tres
823 778 883 845 ejus
902 769 1007 846 'species
1026 776 1145 841 ostendi,
1171 782 1203 830 ut
1220 776 1248 831 iu
1266 777 1400 833 concinna
1424 778 1561 834 diuiduum
1581 787 1634 852 est3

277 861 448 915 semitonium
467 865 538 919 enlm
555 870 599 918 est
620 866 669 915 aut
686 858 739 912 imo
763 866 811 912 ant
828 858 917 912 madio
944 862 993 911 aut
1010 871 1115 910 summo
1135 855 1208 921 loco;
1233 857 1272 911 sic
1291 856 1419 926 diapente
1446 859 1475 913 in
1493 860 1510 914 i
1529 860 1636 929 speclea

211 997 214 1003 ,
279 937 463 1009 distinguitur.
500 949 538 998 At
555 948 650 995 auctor
667 939 764 993 eodem
781 937 862 992 modo
884 944 912 992 ct
930 937 1063 1005 diapason
1081 943 1185 1003 septem
1209 938 1314 1004 species
1332 935 1411 995 iacit.
1436 937 1484 993 ubi
1502 939 1636 994 semitonii

279 1013 379 1072 locatio
397 1037 453 1075 non
471 1023 561 1077 servit
572 1021 636 1076 huic
655 1034 775 1072 numero.
812 1017 926 1072 Scilicet·
939 1015 1089 1070 secuudum
1107 1013 1167 1081 ejus
1186 1015 1337 1071 doctrinam
1355 1023 1451 1071 octava
1464 1019 1637 1087 componitur

279 1109 314 1149 ex
332 1095 438 1154 duobus
456 1099 636 1165 tetrachordis
655 1107 684 1152 et
700 1104 780 1165 touc,
807 1096 852 1164 qui
871 1110 931 1149 cum
949 1094 1056 1150 locatur
1072 1095 1101 1149 iu
1120 1108 1212 1149 corum
1231 1095 1332 1164 medio,
1357 1104 1439 1149 tonus
1458 1096 1636 1164 disjunctirus

279 1174 385 1242 dicitur,
404 1183 434 1231 at
451 1195 511 1233 cum
529 1178 590 1234 ioco
608 1179 662 1231 imo
680 1175 723 1230 rei
742 1192 855 1243 summo,
874 1180 993 1243 systema
1001 1176 1101 1229 'octava
1120 1174 1219 1227 dicitur
1235 1188 1434 1243 synemmenon,
1454 1175 1636 1244 conjunctum.

278 1252 317 1308 Et
335 1270 400 1311 ecce
416 1265 474 1314 tres
492 1260 598 1327 species
616 1258 756 1325 diapason
792 1254 862 1309 Sunt
884 1260 975 1309 autem
1001 1262 1030 1307 et
1046 1252 1101 1309 alia
1117 1260 1236 1323 quatuor
1261 1255 1322 1309 loca
1346 1253 1411 1309 huic
1428 1262 1493 1309 tono
1519 1255 1637 1325 disjunc-

278 1333 347 1401 tiva,
374 1351 523 1404 quaecum
541 1343 664 1406 occupat
682 1334 919 1390 tetrachordorum
941 1350 1026 1388 unum
1049 1333 1131 1389 diuidi
1154 1339 1303 1402 partesque
1326 1332 1385 1402 ejus
1412 1350 1496 1404 supra
1518 1341 1546 1389 et
1567 1335 1638 1391 inho

280 1411 407 1470 dislocari
424 1433 537 1473 necesse
548 1424 605 1472 est.
642 1416 686 1470 Ita
703 1414 774 1469 fiunt
791 1420 896 1480 septem
914 1406 1020 1481 species
1039 1420 1159 1467 octavae.
1194 1412 1232 1467 Ut
1250 1412 1332 1480 igitur
1349 1413 1509 1482 inprIamus
1531 1430 1636 1469 acom-

279 1493 421 1561 paratiouc
444 1497 526 1550 trium
552 1496 704 1566 specierum
728 1490 907 1549 tetrachordi:
936 1508 1001 1547 sana
1024 1508 1077 1547 non
1101 1492 1196 1560 inepta
1219 1492 1384 1560 comparatio
1409 1500 1453 1549 cst
1470 1495 1638 1549 tetrachordi

278 1576 319 1638 at,
337 1587 375 1640 rc,
393 1575 440 1642 sni,
457 1576 489 1643 fa
506 1592 567 1630 cum
585 1576 737 1629 intensione
757 1571 799 1626 vel
818 1579 963 1641 augmento
982 1586 1152 1640 quocunque,
1172 1579 1286 1639 propter
1296 1571 1470 1626 semitonium
1483 1573 1511 1627 iu
1524 1589 1638 1643 summa,

280 1649 325 1702 cui
342 1649 404 1704 ideo
422 1656 552 1723 competit
570 1664 659 1710 motus
677 1655 751 1708 voela
777 1667 872 1707 sersus
897 1649 1063 1719 superjecta3
1090 1651 1129 1703 sic
1154 1649 1357 1703 tetrachordum
1381 1651 1423 1719 ia,
1447 1653 1500 1720 sci,
1523 1652 1567 1721 fa,
1591 1652 1638 1720 mi,

281 1727 452 1786 diminutioni
472 1734 559 1790 simile
578 1741 636 1803 est,
663 1733 697 1787 oh
716 1733 796 1787 sitnm
816 1729 951 1785 semitonii
969 1729 1082 1789 inimo,
1117 1733 1148 1781 ut
1165 1726 1273 1795 explico
1291 1727 1339 1783 llb.
1363 1726 1412 1782 ΙΙΙ.
1431 1745 1481 1798 cap
1501 1731 1548 1801 ii,
1576 1745 1639 1786 nam

282 1809 412 1865 cohaeret
428 1812 467 1866 iili
484 1819 574 1868 motus
591 1814 666 1867 vocis
684 1826 780 1865 uersus
798 1808 904 1877 gravia,
926 1808 1055 1863 inferiora
1073 1814 1101 1861 et
1119 1809 1253 1877 quietem;
1278 1808 1439 1878 relinquitur
1457 1811 1539 1883 igitur
1556 1819 1639 1867 tetra·

283 1887 535 1958 chardomenensi,
553 1894 592 1960 so,
611 1892 653 1947 acl
669 1888 710 1943 vei
730 1889 779 1956 col,
797 1888 836 1955 sa,
854 1888 901 1954 mi,
919 1903 950 1941 rc
967 1885 1169 1941 consistentiae⁴
1205 1887 1294 1956 Haec,
1313 1887 1437 1956 iuquam,
1466 1889 1500 1944 de
1519 1907 1639 1959 quocun·

283 1982 337 2036 que
354 1969 464 2037 quidem
482 1977 557 2025 motu
575 1986 639 2024 vera
657 1977 721 2024 sunt
739 1969 767 2022 in
785 1982 894 2036 genere.
930 1964 974 2025 Ar,
985 1965 1087 2033 qualis,
1107 1980 1224 2034 quaeso,
1244 1966 1349 2035 species
1367 1969 1512 2038 augmenti,
1531 1971 1640 2041 rigoris,

284 2047 468 2104 diminutionis
486 2051 514 2105 in
531 2050 645 2104 habitu?
680 2049 753 2103 Num
772 2046 837 2116 quid
853 2046 906 2099 hae
924 2051 989 2099 suut
1012 2044 1246 2099 communissimae
1265 2045 1432 2102 differentiae
1457 2050 1574 2104 emulum
1593 2066 1641 2104 na·

282 2126 411 2180 turalium
433 2131 582 2183 motionum
606 2127 835 2198 qualitativam,
864 2139 935 2194 quac
958 2124 1039 2179 etiam
1057 2124 1162 2179 habitui
1185 2141 1239 2180 non
1256 2124 1326 2182 bene
1349 2127 1481 2197 applicari
1505 2129 1641 2203 ridentur,

284 2204 331 2273 qui
349 2207 507 2274 eat·quietis
525 2224 606 2277 quam
624 2214 714 2262 motus
732 2206 873 2274 capacior,
891 2204 1008 2258 necdum
1025 2202 1136 2258 habitus
1151 2211 1209 2272 est,
1229 2205 1252 2258 si
1264 2204 1408 2274 dispositio
1421 2207 1455 2263 ad
1469 2223 1532 2261 eum
1551 2207 1641 2263 adhuc

285 2285 437 2356 perficitur,
456 2294 576 2341 autnon
595 2286 725 2355 amplius,
744 2283 767 2337 si
781 2283 838 2351 J'am
856 2282 955 2337 iterum
974 2280 1164 2337 disturbatur?

371 2366 444 2421 Nota
461 2366 535 2420 VIII.
572 2365 617 2420 Sic
635 2364 781 2420 sensitivae
798 2368 917 2432 quatuor
933 2362 1026 2415 munia
1043 2368 1184 2430 comparat
1207 2374 1268 2416 cunr
1287 2370 1405 2431 quatuor
1422 2365 1566 2435 speciebus
1585 2366 1641 2422 dia·
1660 2396 1661 2402 ι

284 2452 384 2512 pente3
411 2444 473 2499 dicc
492 2444 565 2514 quod
584 2436 682 2514 supra,
711 2458 766 2498 non
785 2442 958 2498 obstantibus
976 2442 1120 2511 speciebus
1139 2441 1226 2512 ipsius
1245 2441 1385 2513 diapente,
1410 2444 1433 2499 si
1452 2444 1531 2513 plura
1550 2454 1643 2502 essent

286 2525 406 2593 sensilia,
425 2524 518 2594 plures
535 2523 594 2578 iore
612 2538 718 2589 seusus,
736 2530 767 2576 ut
785 2521 894 2589 quidem
913 2527 984 2590 sunt,
1003 2521 1049 2589 qui
1068 2521 1135 2574 alios
1148 2522 1230 2575 etiarn
1244 2537 1341 2578 sensus
1354 2521 1511 2580 adscribant
1523 2529 1642 2583 animan·

286 2604 367 2659 dhus.
403 2605 473 2658 Nam
491 2602 540 2657 lux
558 2610 601 2655 est
618 2601 724 2670 species
741 2599 894 2670 superficiei
913 2606 942 2654 et
959 2600 1036 2667 quasi
1056 2600 1204 2666 essentiae,
1231 2614 1315 2655 sonus
1335 2609 1377 2656 est
1396 2605 1502 2672 species
1521 2602 1643 2677 corporis

288 2690 315 2736 et
333 2674 437 2749 motns3
465 2682 518 2745 hae
536 2682 607 2737 durae
625 2681 744 2750 species,
763 2681 803 2734 sic
819 2679 970 2735 realissime
989 2678 1133 2733 distinctae
1151 2679 1230 2749 ioris,
1253 2680 1429 2748 requirebant
1449 2684 1531 2739 etium
1549 2686 1584 2740 ad
1602 2688 1644 2741 sui

288 2761 556 2830 comprehensionem
583 2776 680 2815 sensus
699 2759 931 2826 distinctIssiruos,
959 2756 1056 2825 quibua
1080 2772 1169 2824 neque
1188 2757 1297 2825 durum,
1324 2775 1412 2828 neque
1435 2761 1529 2828 molle,
1554 2779 1644 2833 neque

288 2839 443 2907 humidum,
461 2854 549 2909 nque
567 2840 669 2894 siccum
687 2846 780 2908 potest
797 2837 904 2904 sentiri,
924 2852 1012 2904 neque
1031 2835 1147 2890 calidum
1166 2837 1248 2890 etiam
1271 2840 1360 2906 neque
1378 2838 1512 2908 frigidum.

375 2919 449 2973 Nota
465 2919 514 2973 III.
551 2918 588 2973 Ut
605 2919 688 2987 igitur
706 2924 843 2972 constaret
861 2930 990 2970 numerus
1009 2916 1211 2983 quaternarius,
1231 2921 1318 2970 totum
1338 2916 1475 2973 dIstrihuit
1491 2919 1564 2976 inter
1581 2924 1644 2979 reli·

288 3013 357 3068 qnos
376 3007 501 3067 quatuor,
519 3004 632 3067 propter
649 2997 782 3051 rationem
800 3010 929 3049 sensuum
947 2993 1094 3061 formalem,
1114 2993 1142 3047 iu
1154 2994 1291 3062 tangendo
1310 2997 1511 3055 consistentem.
1540 2992 1645 3059 Exulat
1661 3032 1665 3047 ι

288 3078 370 3145 Igitur
392 3077 484 3131 scusIo
509 3076 685 3146 plurImarum
704 3073 865 3144 qualitatum
890 3071 924 3125 nh
942 3071 996 3126 hoc
1014 3087 1139 3137 numero,
1168 3074 1232 3141 qula
1252 3090 1304 3129 nec
1321 3075 1427 3148 lingua,
1456 3094 1507 3133 uec
1524 3080 1644 3151 naribus,

290 3171 340 3210 uec
358 3155 456 3217 oculis,
475 3172 525 3211 nec
543 3155 655 3210 auribus
672 3154 874 3224 percipiuntur,
893 3152 942 3207 sed
960 3151 1013 3205 alio
1031 3160 1121 3207 tactus
1140 3167 1247 3223 genere.
1283 3154 1413 3223 Quisquis
1430 3158 1494 3220 init,
1512 3160 1559 3228 qui
1576 3160 1645 3217 haec

292 3235 409 3304 scripsit,
427 3236 568 3290 immemor
583 3234 735 3289 Ptolemaei
753 3232 837 3286 fuisse
855 3231 977 3301 videtur,
996 3232 1043 3301 qui
1062 3246 1145 3301 supra
1162 3232 1250 3286 risum
1268 3241 1297 3288 et
1313 3233 1449 3306 auditum,
1474 3238 1579 3293 animae
1597 3240 1645 3294 mi·

290 3315 400 3381 nistros,
420 3313 547 3381 adjunxit
563 3314 598 3367 ad
616 3311 798 3382 coguitionem
816 3311 876 3378 ejus
891 3309 1056 3381 jurandam,-
1073 3311 1189 3366 iunueus
1206 3311 1259 3366 boe
1277 3313 1351 3382 ipso,
1371 3313 1490 3385 reliquos
1509 3333 1569 3373 esse
1589 3336 1647 3374 cor-

290 3408 389 3461 poreos
408 3401 436 3447 at
453 3393 575 3461 corporis
593 3391 687 3446 usibus
705 3388 864 3456 destinatos,
883 3396 914 3441 ut
930 3389 1005 3442 velut
1021 3390 1052 3445 iu
1068 3389 1184 3444 irueudo
1198 3389 1385 3446 consistentes.
1424 3394 1556 3451 Gustatus
1575 3397 1647 3451 enim

292 3470 424 3539 qualitate
448 3478 476 3525 et
499 3486 614 3539 corpore
638 3470 723 3540 partis
741 3469 890 3534 delibatae,
920 3468 1050 3522 odoratus
1068 3467 1162 3523 itidem
1182 3468 1312 3537 qualitate
1337 3477 1365 3525 et
1383 3473 1480 3541 spiritu
1507 3483 1647 3530 recreatur

290 3550 393 3619 alitque
416 3551 536 3625 corporis
555 3552 639 3619 vires,
666 3556 757 3603 tactus
779 3549 887 3603 fovetur
916 3546 1019 3616 calore,
1051 3548 1218 3617 indigentem
1252 3565 1282 3604 se
1305 3550 1398 3619 prodit
1420 3568 1503 3608 seusu
1529 3553 1646 3626 frigoris,

290 3630 437 3685 reclinatur
455 3630 489 3684 ad
508 3629 583 3700 dura,
602 3632 672 3685 hene
691 3636 718 3683 et
736 3629 857 3698 spatiose
874 3628 982 3683 locatur
999 3628 1071 3682 inter
1087 3627 1191 3689 mollia,
1212 3628 1285 3682 inter
1301 3630 1374 3685 sicca
1391 3646 1421 3685 se
1439 3639 1540 3705 tuetur,
1559 3631 1647 3689 humi.

292 3709 333 3764 dle
351 3709 472 3777 liquatur
489 3715 517 3763 et
534 3707 640 3764 diffluit.
678 3707 749 3775 Quid
767 3707 878 3762 maltis?
913 3706 976 3761 Non
993 3713 1083 3763 tactus
1100 3708 1173 3762 inter
1190 3722 1287 3763 seusus
1305 3709 1508 3766 distribuendus
1526 3721 1569 3767 est
1588 3714 1648 3781 (nce

293 3790 365 3843 enirn
383 3804 418 3843 ne
435 3794 526 3845 motus
544 3787 653 3858 quidem
671 3802 688 3840 a
706 3786 891 3854 contingentia
909 3785 952 3839 rel
971 3785 1093 3854 corporis
1111 3784 1154 3839 rcl
1173 3786 1273 3855 speciei
1292 3786 1467 3859 describitur,
1486 3790 1535 3844 sed
1553 3807 1570 3844 a
1587 3808 1647 3862 par-

293 3869 419 3936 ceptione
437 3874 528 3923 certae
547 3866 710 3936 qualitatum
728 3865 851 3934 speciei),
874 3862 924 3918 aed
942 3878 957 3917 e
976 3865 1124 3935 contrario,
1150 3872 1246 3934 gnatus
1264 3872 1293 3922 et
1309 3866 1440 3924 odoratus
1458 3871 1543 3925 tactsd
1562 3871 1648 3926 viudi-

294 3947 373 4002 candi
390 3955 455 4002 sunt
473 3947 568 4005 eodem
582 3946 660 4015 jure,
685 3960 738 4014 quo
757 3944 933 4014 plurimarum
951 3942 1114 4011 qualitatum
1132 3943 1273 4001 tensiones
1297 3945 1497 4004 diversiiormes
1520 3950 1549 4004 in
1566 3966 1649 4006 uuam

292 4034 382 4081 tantm
400 4025 626 4097 significationem
644 4023 849 4093 compaginatae
865 4029 945 4089 suut3
965 4029 1014 4075 aut
1032 4022 1055 4076 si
1072 4021 1175 4092 placet,
1194 4029 1285 4078 tactus
1302 4025 1330 4078 in
1348 4026 1450 4082 multos
1469 4043 1581 4098 sensus,
1600 4046 1648 4099 gu·

292 4111 379 4162 satus
403 4115 431 4159 et
453 4104 582 4161 odoratus
607 4104 719 4173 iratres,
742 4108 785 4157 est
810 4101 984 4156 dirimendas.
1021 4101 1091 4156 Nam
1116 4101 1156 4156 nti
1174 4109 1265 4158 tactus
1289 4104 1426 4174 tangendo
1451 4114 1509 4160 rent
1533 4108 1649 4178 percipit

294 4186 354 4254 cjus
369 4184 488 4239 calorem
508 4191 535 4238 et
551 4183 708 4250 humorem,
733 4180 773 4235 alc
790 4185 915 4247 gustatus
938 4178 1076 4249 tangendo
1093 4194 1151 4234 rem
1169 4180 1307 4236 humidam
1331 4197 1382 4236 nec
1404 4183 1534 4253 galatam,
1559 4186 1649 4241 autsi

294 4264 374 4331 sicca,
393 4265 473 4318 etlam
490 4261 672 4319 humectando
692 4276 753 4316 cum
772 4259 857 4313 saliva
875 4256 1062 4326 eliciendoque
1086 4257 1112 4310 iu
1140 4257 1213 4313 huuc
1235 4259 1375 4314 humorem
1398 4260 1489 4315 calore
1507 4263 1649 4331 potentiali

197 4404 200 4408 ,
293 4344 411 4412 percipit
427 4344 500 4399 iilius
519 4343 624 4399 humidi
642 4346 670 4396 et
687 4340 767 4396 calidi
785 4338 951 4407 qualitatem.
988 4338 1033 4393 Sic
1056 4353 1136 4393 nares
1154 4340 1292 4409 tangendo
1310 4354 1438 4409 vaporem
1465 4340 1648 4410 spirituosum‚

295 4421 397 4477 siccum
415 4429 443 4477 et
460 4422 578 4478 caIIdum
597 4420 751 4492 percipiunt
769 4419 827 4489 ejus
846 4418 927 4472 calidi
947 4417 1112 4486 qualitatem.
1151 4418 1255 4485 Quodsi
1267 4419 1332 4474 licet
1350 4420 1456 4475 auctori
1469 4418 1649 4475 subordinate

294 4501 381 4574 tactui
400 4515 497 4556 seusus
515 4502 642 4572 reliquos,
661 4507 773 4570 propter
792 4497 995 4567 similitudinem
1013 4497 1211 4567 perceptionis,
1235 4505 1336 4569 quanto
1354 4498 1441 4568 magis
1459 4497 1537 4552 nobis
1555 4502 1650 4553 nume-s
1709 4541 1724 4553 .

293 4596 353 4634 rum
372 4592 500 4635 sensuum
517 4580 609 4635 licebit
626 4581 671 4633 rel
688 4578 849 4634 contrahere
867 4577 909 4630 vel
928 4592 1035 4647 augere,
1055 4582 1167 4645 propter
1184 4575 1365 4632 differentiam
1383 4592 1472 4633 rerum
1493 4574 1648 4633 sensilium!

295 4657 394 4714 Adhuc
411 4658 495 4727 igitur
512 4659 629 4713 veltres
647 4666 752 4714 tautum
771 4673 867 4714 sensns
886 4663 978 4712 erunt:
1003 4656 1093 4728 visus,
1122 4654 1244 4726 auditus,
1263 4662 1368 4727 taetus,
1394 4662 1443 4711 aut
1467 4656 1490 4712 si
1508 4664 1604 4728 ginatus
1623 4665 1650 4715 et

296 4736 427 4792 odoratus
444 4737 474 4791 iu
490 4752 632 4791 numerum
650 4740 761 4794 veniunt
779 4738 814 4793 ob
835 4735 1032 4805 specialitatem
1052 4732 1166 4803 objecti,
1189 4735 1300 4789 venient
1317 4741 1345 4791 et
1362 4734 1432 4790 aliae
1449 4741 1540 4792 tactus
1559 4734 1649 4805 objac-

348 4834 443 4888 chlari
456 4835 532 4888 opera
544 4834 585 4879 7.·
832 4890 836 4905 ι
1239 4900 1246 4911 Ι
1448 4828 1489 4889 23
