3882 5862
865 376 1006 448 Apologia
1548 383 1609 442 421

352 553 402 614 Ad
425 555 608 632 Analysin
632 555 716 615 VIII.
768 552 863 630 Quem
892 554 941 615 hic
970 554 1053 630 ieris,
1085 554 1238 616 Roberte‘l
1264 565 1315 616 aut
1343 556 1409 633 quis
1438 573 1527 615 cause
1556 556 1611 615 tibi

262 644 337 703 tanti
368 643 487 702 motus?
530 643 605 703 Nam
637 660 692 720 ego
720 642 839 720 quidem
868 643 969 719 procul
999 661 1018 701 a
1046 644 1104 701 tuis
1135 646 1242 704 ictibus
1270 647 1300 701 in
1322 643 1462 720 angulum
1493 660 1540 703 me
1562 659 1610 702 re·

266 728 397 804 condidi3
426 738 456 789 at
483 746 538 790 uec
559 747 678 791 causem
706 731 760 790 tibi
782 739 878 791 textus
900 748 983 789 meus
1004 731 1154 807 praebuit,
1183 733 1289 808 utqui
1317 738 1431 808 praeter
1454 733 1610 806 ingenuam

263 817 490 890 consessionem,
521 826 553 878 ut
582 819 689 879 scirent
717 819 857 890 lectores,
890 835 966 893 quae
995 835 1014 876 a
1043 835 1109 878 meo
1137 818 1214 878 libro
1242 826 1342 895 petere
1373 835 1431 877 nou
1461 817 1609 891 deberent,

263 904 335 963 nihil
357 901 504 982 babet.⁴⁰)
735 968 740 983 ,
1118 940 1128 949 „

349 991 400 1053 hd
425 993 602 1069 Aualysiu
626 992 682 1052 IX.
728 993 765 1048 Et
787 993 854 1067 quis
877 1001 980 1067 negat,
1011 1001 1038 1051 te
1062 993 1152 1052 etiam
1174 994 1204 1050 in
1227 993 1341 1052 theoria
1365 999 1527 1063 versatum,
1556 990 1609 1052 sed

263 1080 293 1136 iu
316 1078 398 1138 libris
420 1080 587 1156 prioribus?
632 1078 705 1155 Quis
727 1078 862 1138 dedecori
886 1079 938 1137 tibi
962 1096 1026 1139 esse
1049 1082 1153 1156 prasio
1175 1079 1288 1155 garrit?
1333 1078 1450 1154 Dignus
1465 1078 1611 1154 equidem,

263 1168 443 1242 quiscunque
466 1169 504 1225 sit
526 1166 702 1237 audaculus,
730 1183 788 1226 non
811 1175 863 1225 tna
885 1174 1014 1238 tantum,
1041 1165 1094 1226 sed
1118 1176 1147 1227 et
1175 1184 1241 1226 mea
1263 1169 1355 1242 ipsius
1382 1169 1432 1225 ire
1480 1163 1557 1240 Quin
1579 1174 1609 1225 et

263 1270 363 1314 omnes
384 1253 500 1329 gradus
520 1254 713 1313 excellentiae
735 1255 788 1313 tibi
811 1252 968 1330 perlubens
991 1255 1028 1313 ob
1051 1253 1127 1314 hanc
1148 1257 1252 1330 prexia
1275 1255 1402 1329 assigno.
1448 1251 1609 1329 Transiga·

262 1359 328 1400 mus
352 1348 381 1401 et
402 1349 513 1402 cetere:
543 1341 727 1419 Pythagorae
749 1340 921 1401 malleorum
944 1343 1019 1399 ictus
1041 1341 1238 1400 consideravit
1266 1347 1334 1400 ante
1358 1358 1463 1399 causas
1484 1341 1610 1400 mhsices

263 1430 412 1497 uranus,
443 1438 471 1488 et
495 1436 590 1488 tamen
613 1427 760 1488 Robertus
783 1427 871 1487 hodie
894 1427 982 1487 tradit
1004 1431 1196 1488 instrumente
1217 1445 1309 1501 nova,
1338 1427 1482 1505 Keplerus
1505 1444 1610 1487 causas

263 1535 281 1585 a
305 1508 473 1593 Py'thegora
495 1515 589 1575 dictas
613 1515 660 1574 vel
685 1514 824 1575 convellit
847 1515 1009 1574 rationibus
1032 1515 1079 1574 rel
1102 1515 1246 1576 emendat
1290 1514 1417 1574 Rursum
1445 1531 1503 1573 non
1527 1515 1608 1574 solus

262 1603 409 1662 liebertus
437 1605 583 1679 experitur
612 1620 716 1680 manu,
748 1620 806 1661 non
830 1619 925 1661 meres
948 1602 1092 1679 Keplerus
1123 1604 1207 1662 affert
1233 1601 1464 1678 speculationes,
1499 1601 1610 1661 orditur

264 1692 341 1749 enirn
364 1698 393 1749 et
415 1692 477 1767 ipse
499 1707 518 1748 a
540 1693 710 1761 manuario,
742 1689 864 1748 adhibet
885 1678 1013 1749 chordae
1031 1691 1199 1765 plectrum,
1224 1707 1395 1765 campanae
1415 1690 1609 1765 marcrrlnm5

262 1777 444 1839 madorem
465 1781 661 1852 proportione
682 1780 895 1837 mmonanbas
917 1778 1071 1848 mactent,
1095 1784 1226 1837 motuum
1250 1776 1421 1837 coelestium
1443 1779 1610 1853 proportio·

263 1882 315 1925 nos
337 1866 491 1937 examinet,
514 1865 665 1924 meliorem
692 1867 774 1924 mam
796 1882 859 1923 non
874 1866 999 1923 inuenit.
1044 1864 1128 1924 Haec
1143 1867 1250 1937 omnia,
1275 1863 1411 1938 Roberte,
1433 1872 1500 1923 suot
1516 1866 1608 1922 utrin-

263 1969 321 2029 que
343 1956 373 2011 in
397 1952 547 2027 confesso,
570 1959 600 2011 et
622 1960 719 2011 tamen
742 1960 774 2009 ut
797 1951 833 2011 de
855 1955 967 2026 potiore
991 1968 1091 2011 verum
1114 1960 1143 2010 et
1165 1952 1222 2012 hoc
1240 1962 1293 2025 est,
1317 1969 1363 2011 me
1385 1968 1438 2028 pro
1461 1969 1505 2023 eo,
1530 1951 1608 2028 quod

266 2042 324 2099 tuis
340 2042 537 2099 instrumentis
552 2039 625 2097 liber
639 2056 720 2098 meus
735 2048 841 2109 careat,
866 2042 1121 2099 consonantiarum
1138 2056 1242 2098 causas
1259 2042 1316 2098 mei
1334 2039 1434 2098 lectori
1449 2047 1608 2114 praestare.

350 2127 508 2203 Pergamus
536 2126 672 2186 ulterius:
709 2134 739 2185 et
767 2143 871 2184 caussa
901 2142 1011 2203 quaero
1040 2129 1296 2186 consonantiarum
1330 2135 1359 2185 et
1387 2127 1610 2186 mathematicas
1714 2179 1723 2201 x

266 2214 528 2279 demonstrationes
557 2217 716 2284 concinn03
744 2212 792 2272 hic
822 2216 898 2272 enirn
931 2230 1001 2272 usus
1031 2212 1090 2272 illis
1112 2217 1217 2290 potior.
1266 2214 1451 2287 Demonstro,
1472 2212 1609 2288 equidem

263 2304 292 2360 in
317 2302 480 2376 abstracto,
511 2303 567 2358 nisi
591 2300 669 2376 quod
693 2317 780 2376 super
803 2300 918 2372 charta,
950 2299 1001 2379 sed
1025 2299 1142 2378 applico
1166 2300 1364 2360 demonstrata
1386 2302 1547 2374 concretis,
1579 2300 1609 2359 id

265 2396 312 2452 est
339 2389 479 2464 subjectis
505 2387 649 2465 physicis,
679 2388 806 2447 motibus
836 2386 948 2447 scilicet
977 2404 1140 2466 corporum.
1185 2389 1223 2448 Et
1245 2397 1342 2447 temen
1373 2388 1521 2447 abstracta
1544 2406 1610 2448 mea

263 2485 331 2537 sunt
353 2475 459 2534 similla
480 2475 538 2534 illis
561 2478 719 2546 concretis,
750 2474 822 2534 nihil
847 2476 923 2533 enim
946 2478 1040 2550 magis
1062 2485 1107 2535 est
1134 2474 1184 2534 alii
1206 2477 1318 2547 simile,
1348 2493 1436 2552 quem
1459 2478 1610 2552 antitypus

263 2580 319 2624 suo
342 2571 421 2641 typo.
467 2564 612 2623 Convenit
635 2572 664 2621 et
692 2563 728 2622 de
751 2561 807 2621 his.
852 2561 928 2620 lllud
952 2563 1048 2621 solum
1076 2572 1174 2623 manet
1201 2566 1231 2620 in
1255 2580 1359 2623 causa:
1387 2562 1526 2641 physicos
1547 2565 1610 2622 sine

262 2650 404 2711 mathesis
433 2668 488 2727 ope
520 2666 670 2710 musarum
699 2652 743 2710 ais
774 2650 992 2724 inquisitionem
1021 2650 1125 2711 iecisse
1154 2667 1206 2727 per
1241 2653 1384 2726 principia
1411 2653 1522 2726 priora;
1553 2667 1609 2726 ego

264 2742 293 2797 in
323 2736 409 2798 nudis
436 2740 624 2810 substantiis,
655 2739 718 2797 sine
748 2738 941 2796 accidentium
972 2740 1176 2810 internunciis,
1200 2741 1342 2812 negotiari
1365 2754 1441 2811 nego
1468 2737 1609 2814 possibile

265 2828 412 2901 cuiquem,
434 2828 509 2885 iuter
532 2824 695 2884 accidentia
718 2842 787 2883 vero
809 2828 933 2899 primum
956 2840 1050 2899 genus
1073 2828 1268 2900 quantitatum
1284 2843 1318 2883 ex
1337 2824 1494 2883 Aristotele
1510 2824 1608 2897 didici,

263 2912 377 2987 reliqua
399 2915 496 2972 omnia
518 2915 689 2989 posteriora.
735 2912 841 2986 Negas,
866 2919 980 2969 veteres
1003 2912 1042 2969 ab
1065 2922 1127 2970 arte
1147 2913 1178 2969 in
1202 2920 1292 2971 artem
1316 2913 1529 2983 ueuscnrrisse,
1553 2929 1608 2987 ego

263 3020 283 3061 e
304 2999 429 3060 Platone
451 2999 549 3073 didici,
572 3003 702 3075 gemines
726 3016 790 3058 esse
812 2998 875 3057 alas
890 3001 1095 3070 astronomiae,
1119 3001 1309 3071 geometriam
1332 3007 1361 3057 ct
1381 2997 1608 3073 arithmeticsm3

264 3088 399 3165 quamvis
420 3086 472 3148 illa
502 3087 538 3147 de
560 3086 716 3148 sensilibus
739 3095 824 3161 agat,
854 3087 929 3145 istae
947 3084 988 3145 de
1011 3085 1175 3145 abstractis.
1221 3083 1287 3159 Quo
1309 3087 1404 3161 magis
1433 3094 1513 3144 tuam
1536 3102 1609 3145 eon·

264 3176 422 3236 elusionem
445 3177 541 3247 miror,
564 3184 694 3249 atquae
718 3171 974 3233 contradictorium
997 3175 1221 3248 praemissarum
1237 3174 1390 3246 subsumit,
1413 3173 1609 3233 harmoniam

263 3272 292 3325 et
312 3262 530 3322 mathematicis
548 3263 684 3337 indigere
705 3268 734 3320 et
751 3261 883 3341 phynicia
904 3259 947 3318 ad
960 3277 1125 3320 cansarum
1142 3265 1357 3334 inventionem,
1381 3259 1528 3319 addideris
1543 3277 1608 3320 rec·

265 3352 376 3409 tissime
399 3350 613 3427 metaphysicis.
660 3349 697 3407 Et
719 3346 802 3406 addis
825 3346 960 3422 quidem:
984 3349 1028 3406 ais
1051 3350 1136 3419 eninr,
1161 3358 1256 3407 ortum
1279 3348 1497 3408 intervallorum
1521 3364 1607 3424 spec-

142 3447 154 3454 ‘
264 3446 325 3498 tere
347 3438 441 3511 magis
463 3437 500 3496 ad
523 3437 628 3513 physio
651 3437 764 3495 ratione
786 3452 857 3495 suae
880 3444 1002 3493 naturae
1025 3435 1174 3514 occultae,
1206 3453 1295 3511 quam
1323 3436 1361 3494 ad
1390 3435 1552 3508 mathesin,
1583 3437 1606 3492 si

264 3528 406 3585 internum
428 3523 492 3598 ejus
514 3526 688 3600 principium
712 3524 909 3599 inspiciamus.
954 3521 1065 3599 Physiu
1090 3523 1189 3598 procul
1213 3524 1303 3583 dubio
1327 3523 1415 3594 dicis,
1440 3539 1527 3596 quam
1552 3538 1607 3597 ego

263 3610 502 3688 metaphyslcem·
545 3609 620 3670 Nem
643 3611 804 3685 subJungis,
828 3626 966 3668 moenum
989 3611 1052 3685 ejus
1085 3613 1243 3669 consistere
1274 3614 1302 3669 ia
1325 3608 1486 3688 spiritualis
1510 3619 1606 3668 mate·

264 3702 326 3758 riae
347 3697 508 3771 divisione,
537 3697 620 3773 cujus
644 3697 755 3757 divisor
775 3700 813 3755 sit
835 3699 948 3769 anima,
982 3703 1066 3756 actus
1088 3700 1219 3757 canentis
1242 3697 1289 3757 vel
1311 3698 1464 3774 pulsantis.
1509 3695 1605 3755 Multo

264 3785 342 3847 malo
365 3785 515 3846 commode
537 3793 590 3844 tua
611 3786 807 3861 interpretari,
830 3802 918 3858 quam
948 3787 1132 3843 occasionem
1155 3785 1296 3860 arguendi
1318 3802 1466 3861 quaerere.
1512 3783 1606 3859 Igitur

264 3890 401 3933 acanum
424 3871 557 3949 intelligo
579 3871 700 3931 sormam
730 3881 760 3931 et
781 3873 936 3930 essentiam
959 3875 1233 3950 contemperationis
1265 3871 1450 3932 harmonicae
1480 3873 1509 3928 iu
1530 3870 1605 3930 Ter-

263 3978 334 4021 ram.
379 3959 414 4018 id
436 3959 517 4020 disco
546 3977 611 4018 esse
632 3960 823 4033 spiritualem
844 3960 1021 4033 materiam3
1051 3976 1122 4019 saue
1144 3959 1311 4019 harmonias
1339 3970 1369 4019 et
1398 3974 1605 4041 egogagnosco

263 4066 316 4109 eus
337 4050 468 4121 rationis,
491 4049 566 4108 ratio
589 4063 659 4105 vero
682 4045 831 4122 spirituale
854 4047 1003 4122 quippiam
1027 4052 1079 4105 est.
1124 4046 1196 4122 Ejus
1209 4045 1388 4109 diuisionem
1403 4043 1534 4120 intelligo
1549 4063 1606 4122 ego

264 4135 466 4207 discretionem
489 4136 566 4211 ejus,
598 4133 677 4208 quod
706 4132 987 4203 enharmonicum,
1017 4148 1115 4192 anon
1138 4134 1315 4193 harmonico.
1361 4133 1534 4192 Diviserem
1562 4134 1606 4191 ais

263 4222 426 4283 animam
473 4222 511 4283 Et
540 4224 603 4298 ipse
631 4220 704 4280 libro
735 4237 799 4279 meo
821 4220 874 4279 IV.
902 4221 983 4296 prius
1012 4221 1140 4279 enimam
1170 4221 1237 4280 iude
1269 4238 1290 4278 a
1318 4223 1363 4278 sui
1391 4223 1537 4279 creatione
1568 4218 1605 4277 ad

264 4308 429 4386 exemplum
453 4311 523 4381 Dei,
558 4309 603 4367 sui
632 4307 799 4385 archetypi,
831 4307 907 4367 facio
937 4315 1102 4385 compotem
1130 4309 1311 4368 formationis
1341 4324 1465 4366 orcanae
1486 4306 1607 4366 harmo-

263 4400 362 4469 nicae,
389 4399 544 4473 impresses
567 4396 610 4454 illi
633 4386 744 4456 scilicet
765 4395 847 4455 ideas
870 4394 1104 4473 harmoniarum,
1133 4412 1255 4470 quarum
1278 4393 1473 4470 applicatione
1501 4393 1538 4454 ed
1561 4412 1606 4466 ea,

268 4501 343 4560 qnae
365 4501 541 4560 persensus
565 4483 735 4553 offeruntur,
759 4482 956 4557 harmonicum
978 4499 998 4539 a
1020 4499 1078 4541 non
1100 4482 1267 4541 harmonico
1290 4480 1478 4541 discernatur.
1522 4479 1605 4540 Hac-

265 4578 349 4631 tenus
368 4573 459 4648 igitur
481 4570 568 4629 iuiers
591 4573 621 4627 in
642 4568 837 4663 conclusione,
862 4569 941 4644 quod
963 4572 993 4629 in
1015 4571 1182 4646 praemissis
1198 4569 1427 4643 negatumibas,
1450 4585 1504 4626 uec
1519 4567 1604 4657 facile

265 4664 303 4730 te,
325 4674 362 4718 ne
384 4676 420 4720 ex
443 4658 631 4734 sequemibus
654 4656 773 4733 quidem
795 4655 1071 4715 contradictionibus
1094 4655 1232 4726 exsolvo,
1268 4657 1324 4713 nisi
1341 4664 1370 4713 tu
1397 4672 1444 4713 me
1467 4653 1600 4730 adjuves.

266 4745 388 4806 Dixeras
412 4753 522 4807 orares
543 4744 583 4807 ab
606 4752 671 4804 arte
687 4748 726 4803 in
749 4751 847 4803 amm
868 4760 932 4803 non
953 4742 1135 4816 dammae,
1154 4742 1220 4818 jam
1232 4745 1348 4816 asseris,
1372 4742 1437 4804 illos
1457 4750 1607 4807 naturam
