3704 5962
469 333 606 395 indiciam
623 310 736 409 [depleri
753 332 788 394 de
805 348 995 395 nransmarum
1011 332 1183 411 omnemne.
1253 314 1260 323 ’
1438 344 1503 413 dii

141 511 174 569 h.
194 528 217 569 e.
237 513 271 569 de
287 513 320 568 21
341 513 475 570 undecim.
512 514 640 571 correcto
658 529 723 569 vero
741 511 863 586 cylindro
886 511 1020 582 sphaerae
1042 528 1143 584 corpus
1167 529 1222 569 nna
1244 516 1388 586 σοι-1131111
1405 523 1503 588 estqm

142 591 456 663 2094395102393195t3
474 593 568 662 itaque
587 593 687 649 divisor
704 594 757 647 iste
775 592 811 647 sit
828 593 927 660 prioris
946 592 1006 648 bea:
1033 593 1162 662 prodiens
1189 594 1241 650 erit
1268 593 1377 653 dimidio
1403 596 1502 665 prioris

141 671 317 738 auctiones
335 682 465 727 numerus
481 670 854 741 intartaoetataaattot,
883 671 961 741 eujus
978 670 1057 727 radix
1085 671 1181 728 cubica
1208 672 1386 743 539³⁶³³lroooc
1410 676 1502 745 prodit

142 749 308 806 diametrm
326 750 625 820 quaesitae'sphaerae.

236 940 247 971 a
675 929 730 991 Ad
753 930 873 1009 Caput
896 930 965 990 Vll.

235 1081 297 1137 iam
315 1096 476 1152 responsum
495 1087 538 1139 est
555 1084 627 1154 apud
648 1083 713 1152 Gap.
733 1080 765 1138 V.
801 1082 947 1152 Nunquam
966 1082 1034 1137 adeo
1060 1088 1120 1138 tuta
1138 1088 1181 1137 eat
1199 1081 1322 1152 operatio
1340 1101 1390 1154 per
1406 1084 1500 1159 linem,

140 1176 196 1216 nec
214 1167 256 1215 est
273 1160 443 1230 geometrica,
462 1176 513 1216 nec
530 1170 595 1216 sunt
612 1161 739 1216 inuentae
756 1160 843 1216 haeae
865 1162 894 1215 in
917 1178 951 1216 ea
973 1160 1008 1216 ad
1034 1175 1063 1215 se
1085 1167 1180 1216 mutuo
1198 1162 1382 1231 proportione,
1401 1166 1428 1219 in
1447 1183 1501 1235 qua

141 1246 189 1293 est
207 1237 293 1294 cubus
313 1239 347 1293 ad
365 1238 515 1304 cylindrum
528 1240 581 1294 'aut
598 1239 751 1308 sphaeram,
769 1255 804 1293 ne
816 1240 957 1309 proximae
975 1237 1084 1308 quidem
1102 1239 1199 1310 lineae,
1218 1241 1317 1309 quibus
1336 1242 1500 1311 exprimere·

142 1325 193 1373 tur
210 1318 278 1373 haec
295 1319 447 1388 proportio.
483 1319 537 1374 Sed
556 1334 607 1374 nae
627 1324 744 1386 possunt
760 1318 873 1373 inueniri
891 1319 1040 1388 praecisae.
1078 1317 1227 1386 Quodlibet
1244 1320 1315 1375 enim
1332 1319 1500 1391 latnapoly-

141 1397 208 1465 goni
235 1397 335 1452 circulo
359 1396 482 1467 inseripti
509 1397 593 1452 habet
619 1397 790 1451 remotiorem
818 1397 1045 1452 demonstrandae
1072 1398 1255 1466 proportionis
1283 1413 1349 1454 anae
1376 1401 1499 1469 madunt,

142 1484 302 1544 separatum
329 1476 363 1531 ab
383 1475 614 1531 antecedentibus.
649 1475 729 1530 Solus
749 1474 866 1531 circulus
892 1481 956 1544 post
985 1489 1077 1530 omnes
1098 1474 1201 1545 figuras
1226 1476 1376 1546 polygonus
1405 1476 1496 1535 adhuc

141 1561 271 1624 superest
288 1572 343 1610 non
361 1557 562 1612 demonstratus
590 1570 641 1612 nec
665 1554 909 1623 demonstrandus,
936 1553 988 1609 nisi
1015 1553 1090 1624 prius
1119 1554 1305 1613 demonstrata
1328 1557 1383 1612 sint
1409 1558 1501 1617 omnla

143 1635 292 1705 polygona,
312 1652 427 1705 quorum
444 1634 557 1691 infinita.
593 1633 765 1704 Impossibile
782 1635 865 1707 igitur
883 1632 1062 1688 demonstrari
1080 1632 1218 1688 circulum.
1255 1636 1401 1705 Nunquam
1417 1637 1499 1703 igitur

140 1713 201 1769 ulla
218 1715 349 1769 linearum
365 1715 534 1785 praecisione
552 1714 699 1770 evitabitur
716 1712 870 1769 errorculus
888 1727 1072 1782 numerorum,
1097 1713 1164 1781 quin
1186 1711 1278 1783 potius
1296 1715 1497 1785 aggravabitur.

142 1792 243 1848 Laudo
261 1800 351 1848 umen
370 1794 531 1849 industriam
549 1792 680 1857 behoneni
697 1793 726 1847 in
742 1791 914 1847 mechanicae
932 1789 1146 1860 investigationis
1170 1792 1312 1848 exercitio:
1341 1793 1392 1848 etsi
1411 1791 1497 1847 iaten·

142 1870 210 1925 dnm
228 1878 280 1937 est,
299 1871 385 1927 lineas
403 1872 503 1929 abillo
521 1872 615 1929 ductas
641 1872 670 1926 in
696 1871 872 1943 proportione
898 1871 961 1926 cubi
987 1868 1022 1925 ad
1048 1868 1199 1938 cylindrum
1225 1886 1299 1925 mere
1324 1870 1496 1926 mechanicae

142 1963 207 2002 esse
224 1964 275 2004 nec
293 1951 452 2007 numerandi
469 1950 588 2007 taedium
610 1950 767 2018 sublevare,
793 1950 841 2006 sed
864 1964 1093 2020 praesupponere.
1132 1948 1201 2003 Nam
1221 1949 1404 2018 corpulentias
1421 1950 1498 2019 priua

143 2028 293 2097 explicavit
309 2029 337 2082 in
355 2029 482 2098 numeris,
500 2035 597 2101 postea
615 2043 649 2082 ex
667 2027 785 2083 numeris
803 2029 830 2082 in
849 2027 934 2083 lineas
953 2024 1092 2082 transtulit
1109 2032 1212 2095 quanta
1229 2029 1319 2096 potuit
1337 2028 1497 2099 subtilitate,

143 2108 194 2163 ubi
206 2107 314 2178 qnidam
327 2109 418 2164 statim
426 2109 455 2164 in
466 2109 548 2164 tertio
560 2106 645 2176 digito
657 2122 674 2161 a
686 2107 796 2163 sinistre
808 2122 982 2163 numerorum
991 2103 1171 2161 subtilitatem
1184 2104 1309 2161 deserere
1321 2113 1431 2162 coactus
1445 2112 1497 2162 est.

668 2285 721 2348 hd
743 2285 862 2364 Caput
882 2285 968 2347 VIII.

233 2439 285 2495 Hic
302 2455 356 2496 non
373 2445 418 2495 sat
436 2444 530 2519 cemus
545 2454 612 2504 snm,
631 2456 666 2494 an
684 2453 793 2494 sensnm
811 2437 954 2493 verborum
972 2437 1015 2493 vel
1032 2439 1109 2508 ipse,
1137 2437 1179 2497 vel
1202 2440 1284 2495 etiam
1309 2440 1355 2510 qui
1373 2447 1435 2497 ante
1452 2457 1497 2498 me

142 2517 318 2587 scripserunt,
335 2518 546 2588 perceperimus.
581 2517 659 2585 Quae
672 2516 754 2585 igitur
771 2516 806 2571 ad
823 2532 935 2587 scopum
954 2518 1114 2587 responderi
1132 2534 1213 2589 posse
1231 2519 1368 2589 existimo,
1394 2519 1496 2575 dissrm

142 2611 295 2666 proponam
312 2597 341 2651 in
358 2596 431 2650 hunc
448 2596 565 2651 modum.
592 2596 644 2651 'Sit
661 2611 708 2651 aas
726 2594 925 2667 cylindraeeum
944 2596 1108 2666 ordinatum,
1138 2598 1217 2666 cuijus
1236 2597 1368 2655 diameter
1386 2606 1414 2653 et
1431 2597 1495 2654 alti·

143 2675 212 2730 tudo
231 2680 347 2744 occupet
363 2681 457 2743 partes
475 2673 587 2730 lineales
605 2675 665 2741 too,
685 2676 824 2744 quaeritur
842 2675 929 2729 mane.
956 2675 1023 2729 Cum
1041 2692 1105 2743 ergo
1123 2683 1215 2744 partes
1234 2676 1283 2731 171
1307 2677 1421 2733 lineales
1438 2693 1494 2732 me·

143 2753 247 2809 tiantur
264 2767 312 2807 rae
331 2753 348 2808 8
365 2769 524 2819 marcarum,
543 2752 639 2809 ducam
657 2755 731 2809 hunc
749 2767 891 2808 nummum
909 2752 950 2809 bis
969 2753 997 2807 in
1015 2767 1052 2822 ae,
1071 2760 1102 2808 ut
1113 2752 1161 2808 liat
1174 2753 1259 2809 cubus
1286 2755 1332 2825 qui
1346 2756 1396 2811 erit
1407 2755 1495 2823 mmor

143 2847 226 2901 quam
244 2831 391 2900 82250000,
411 2832 475 2902 quia
493 2850 510 2888 a
526 2833 622 2902 majori
640 2833 744 2889 radiae:
763 2833 861 2889 ducam
879 2832 965 2887 etiam
978 2833 1031 2889 100
1048 2832 1090 2887 bia
1107 2796 1334 2913 inse,ern'1¹lqge
1347 2835 1494 2903 61000000,

144 2909 230 2965 cubus
250 2910 432 2968 numen'too.
468 2910 506 2967 Ut
523 2926 587 2981 ergo
605 2911 680 2980 prior
696 2910 835 2967 inanitatis
853 2926 981 2966 numerus
1008 2909 1042 2965 ad
1059 2911 1076 2965 8
1094 2926 1216 2979 marcas,
1243 2911 1283 2966 sic
1298 2908 1434 2981 posterior
1451 2912 1496 2966 hic

142 2989 180 3045 ad
197 2988 473 3058 maroasposterieris
491 2989 662 3059 cylindracei.
698 2990 768 3057 Quia
795 2989 847 3046 etsi
873 3004 923 3059 per
948 2988 1032 3043 cubos
1059 3005 1219 3059 operemur,
1246 3007 1313 3046 vasa
1337 3006 1402 3047 uero
1430 2996 1495 3045 sunt

142 3067 320 3137 cylindracea,
340 3068 471 3123 cuborum
489 3068 580 3122 umen
599 3066 884 3137 comprehendentium
902 3068 938 3123 ad
961 3067 1098 3137 cylindros
1124 3084 1188 3124 snos
1212 3084 1319 3138 semper
1339 3076 1381 3124 est
1399 3069 1494 3124 eadem

141 3146 291 3216 proportio.
328 3145 432 3201 Eadem
451 3145 485 3201 de
509 3146 633 3216 sphaeris
660 3146 791 3217 dicenda,
819 3145 927 3214 quando
953 3145 1052 3201 lineale
1078 3146 1170 3215 prodit
1195 3146 1345 3216 particulas
1370 3145 1494 3202 diametri

143 3224 351 3280 bombardariae
368 3232 396 3281 et
414 3227 453 3281 sic
471 3225 624 3295 ejaculandi
642 3224 722 3294 globi.

231 3304 285 3360 Sed
312 3312 340 3360 et
363 3304 444 3361 latius
471 3305 580 3360 extendi
604 3313 697 3374 potest
723 3304 752 3359 in
770 3304 905 3375 cylindris
944 3303 1030 3360 Sento
1052 3303 1224 3374 cylindracea
1247 3312 1420 3374 quotcunque
1438 3320 1493 3359 non

148 3384 294 3450 aequantia
312 3384 472 3439 &mamam
490 3382 641 3451 altitudine,
660 3382 709 3437 sed
727 3398 841 3453 quorum
859 3382 983 3438 dumetri
1008 3389 1036 3437 et
1058 3382 1215 3438 altitudines
1241 3382 1339 3439 dentur
1356 3381 1494 3449 sigillatim

144 3478 195 3531 per
212 3462 319 3520 hecale.
354 3464 460 3519 Ducam
478 3461 624 3527 diametros
641 3462 670 3519 in
688 3477 726 3532 ae,
745 3460 879 3530 producta
896 3462 924 3517 in
942 3461 1111 3517 altitudines:
1130 3462 1278 3532 prodibunt
1295 3477 1420 3516 vasorum
1436 3477 1493 3517 aon

142 3542 204 3611 ipsa
221 3542 329 3611 quidem
346 3541 450 3609 inania,
475 3541 524 3596 sed
542 3547 632 3596 tamen
649 3540 769 3609 numeri,
797 3540 981 3597 custodientes
1005 3540 1118 3597 eandem
1136 3540 1347 3612 proportionem,
1367 3556 1447 3610 quam
1466 3548 1495 3616 et

141 3622 308 3753 1011ξαὶ11111
326 3638 388 3755 milam
405 3621 482 3753 interi
496 3636 530 3752 sel
544 3626 601 3674 tum
620 3618 654 3672 ad
672 3618 851 3689 capacitatem
859 3619 931 3674 vasis
949 3618 1116 3675 ordinatior
1134 3619 1275 3689 particulis
1293 3621 1353 3690 tit,
1371 3619 1394 3675 si
1413 3620 1494 3676 etiam

224 3699 230 3711 '
251 3713 299 3755 eae
312 3716 346 3755 cu
365 3700 406 3756 ice
424 3700 501 3755 muti
532 3699 645 3754 icantur.

102 3772 108 3781 '
231 3777 353 3847 Sphacra
364 3779 451 3834 omnis
464 3717 736 3847 cedrprehcndentem
749 3775 848 3829 cubum
861 3773 1065 3844 praesupponit,
1084 3790 1138 3828 non
1150 3789 1214 3829 vero
1226 3773 1492 3846 parallelepipedon;

143 3854 281 3924 itaque-in
300 3856 423 3927 sphaeris
441 3855 481 3910 ita
498 3855 553 3910 late
571 3854 708 3923 negotium
735 3852 845 3907 extendi
869 3869 923 3907 non
950 3857 1049 3920 potest.
1084 3852 1138 3907 Est
1161 3859 1253 3909 tamen
1279 3853 1333 3908 alia
1360 3853 1494 3922 quaedam

142 3932 231 4001 figura
248 3934 336 3989 solida
354 3935 437 4003 hrrjns
455 3934 576 4002 generis,
594 3931 684 3987 latiori
702 3929 857 3986 definitione
875 3931 1086 4001 comprehensa,
1115 3948 1185 4001 quae
1207 3933 1235 3988 in
1260 3932 1313 3988 hoc
1339 3930 1493 4003 analogiam

142 4027 204 4066 oum
222 4010 399 4081 cylindraceis
416 4013 522 4084 pariat,
548 4026 645 4081 nempe
672 4010 788 4068 solidum
810 4011 939 4081 conoides
964 4009 1113 4080 ellipticum
1130 4027 1181 4067 seu
1199 4012 1346 4081 oriiorme,
1373 4011 1447 4081 quod
1465 4010 1494 4065 in
1548 4062 1553 4069 .

140 4087 236 4146 ultimo
254 4096 366 4148 exortus
384 4092 429 4148 sui
445 4092 562 4147 termino
579 4090 698 4146 admittit
715 4090 796 4144 etiam
814 4089 966 4160 sphaeram

661 4215 731 4312 'aa
753 4251 873 4330 eaput
893 4251 951 4313 nx.
1031 4318 1037 4332 ,

228 4404 398 4475 Logisticam
416 4404 569 4460 octonariae
587 4402 786 4474 progressionis
804 4403 882 4459 video
901 4419 918 4457 a
936 4403 1074 4458 Schonero
1092 4374 1177 4472 plane
1192 4400 1357 4474 absolutam,
1377 4410 1404 4459 et
1421 4404 1493 4459 inest

140 4483 170 4577 in
187 4484 403 4576 consideratione
420 4483 522 4539 inventi
538 4483 620 4552 hujus
638 4482 784 4553 plurimum
801 4482 996 4538 delectationis.
1032 4479 1102 4549 Quid
1121 4482 1193 4537 enim
1210 4497 1265 4536 non
1277 4488 1368 4552 potest
1380 4478 1493 4538 humani

144 4564 388 4699 mgemllllddleddne
405 4640 543 4712 provisum
561 4656 577 4696 a
596 4640 743 4708 Schonero,
762 4647 794 4695 ut
811 4637 973 4707 scripturam
992 4610 1148 4695 emendaret
1166 4654 1215 4709 per
1226 4644 1341 4709 puncta3
1360 4654 1410 4693 nec
1423 4636 1493 4693 enirn

143 4721 268 4779 sufficere
287 4728 414 4792 poterent
431 4719 531 4790 apices.
569 4718 726 4788 Cogitabam
743 4720 803 4790 ipse
822 4716 994 4774 characteres
1011 4716 1079 4771 ahos
1097 4715 1278 4788 deligendam
1296 4733 1358 4771 nam
1370 4715 1494 4773 confusio

145 4800 290 4859 metuenda
308 4801 525 4872 imperpetuo,
554 4798 679 4856 euntibus
703 4817 720 4860 a
741 4800 758 4860 7
777 4795 870 4858 statim
887 4794 916 4851 in
935 4796 975 4854 to.
1010 4797 1159 4868 Postquam
1183 4811 1248 4853 nero
1275 4801 1303 4851 et
1328 4795 1494 4853 Schoneuua

193 4907 291 4965 lapitri
303 4906 380 4961 opera
391 4907 420 4953 V.
453 4924 459 4937 a
1298 4888 1340 4951 40
