3822 5866
389 405 454 465 tis
905 397 938 452 In
952 392 1129 452 Harmoniam
1144 387 1242 447 Mundi

388 576 503 631 tioribua
521 580 585 630 anta
602 589 688 630 annos
705 575 741 633 11
766 575 796 643 (1.
816 579 889 644 aas),
916 580 944 629 et
968 573 995 627 in
1022 571 1089 626 libro
1113 568 1147 623 de
1165 566 1250 623 Stella
1266 564 1345 619 Nova
1370 564 1434 615 unte
1450 571 1537 613 anuos
1557 548 1734 623 10111143),

389 670 497 709 mesum
514 654 543 709 in
561 653 653 708 Tertio
671 652 870 707 Interveniente
888 658 951 706 ante
969 651 1084 705 annosi
1103 647 1134 715 (Ι.
1148 648 1217 713 toti,
1236 650 1263 698 et
1281 642 1396 709 danique
1414 638 1442 693 in
1460 632 1656 691 Dissertatione
1674 646 1735 684 oum

389 735 487 791 nuncio
506 732 612 788 sidereo
631 732 744 789 Galilaei
762 738 825 789 ante
845 747 930 787 annos
948 731 965 787 6
992 734 1031 790 lll-
1051 717 1436 793 50⁶)110sslitflffld5880fflls
1462 715 1529 770 ficii
1554 720 1645 768 ΜΘΗ
1670 724 1735 763 ⁰⁰¹¹·

389 810 525 867 nullorum
543 813 676 868 cacozelia
694 816 722 867 et
738 812 880 882 supinitas‚
897 817 929 865 ut
948 809 1029 865 etiam
1047 806 1178 863 hocloco
1196 804 1232 858 sit
1249 799 1350 869 aliquid
1369 796 1520 869 dicendum.

474 929 577 986 Notont
594 930 675 999 igitur
693 934 806 985 naturae
827 926 945 983 studiosi
968 934 1022 983 tana
1051 923 1128 978 initia
1145 935 1225 990 quam
1243 929 1404 986 progressus
1422 913 1591 967 inventorum
1609 913 1637 963 et
1654 906 1736 975 intrq·

390 1011 531 1071 ductorum
550 1028 689 1072 *novorum
716 1012 882 1079 aspectuum.
916 1007 949 1062 ln
966 1003 1098 1075 Mysterio
1118 996 1346 1069 cosmographia>
1373 991 1480 1055 ostendi
1504 1005 1540 1045 ex
1565 983 1737 1047 harmonicis,

389 1098 492 1159 septem
512 1093 619 1148 omnino
638 1104 698 1148 esse
718 1087 861 1143 divisiones
886 1086 1004 1141 chordae
1028 1081 1213 1138 harmonicas,
1238 1078 1278 1131 sic
1304 1078 1489 1140 comparatas,
1515 1074 1546 1123 ut
1572 1071 1666 1135 partes
1683 1068 1737 1116 tam

389 1170 459 1224 inter
477 1186 514 1239 se,
533 1188 614 1240 qnam
633 1164 693 1226 cnm
711 1169 817 1236 integra
834 1164 936 1221 chorda
953 1167 1110 1219 consonent
1146 1159 1213 1214 (inm
1231 1156 1273 1210 his
1297 1159 1401 1222 septem
1419 1146 1596 1203 divisionibus
1613 1143 1740 1207 chordae,

389 1264 458 1318 quae
474 1248 547 1306 linea
563 1257 639 1307 recta
656 1256 714 1319 est,
734 1244 976 1302 manuducentibua
994 1241 1150 1297 Ptolemaeo
1169 1242 1196 1291 et
1215 1233 1337 1290 Cardauo
1356 1225 1533 1284 animadverti
1551 1222 1738 1293 cognationem

389 1327 556 1384 intercedere
574 1329 686 1383 totidem
705 1323 881 1380 divisionibus
900 1320 992 1376 circuli
1016 1335 1065 1390 per
1091 1314 1300 1385 applicationem
1317 1303 1448 1363 linearum
1465 1311 1615 1366 rectarum,
1642 1299 1740 1369 quibua

388 1403 492 1472 figurae
509 1408 647 1473 regulares
664 1405 849 1462 inscribantur·
872 1401 985 1470 circulo;
1014 1405 1078 1453 sunt
1100 1403 1192 1449 autem
1215 1392 1267 1446 hae
1290 1391 1364 1444 latus
1383 1384 1537 1454 sexanguli,
1564 1381 1636 1454 latus
1662 1379 1738 1449 quin·

389 1485 524 1553 quangult
542 1486 614 1542 latus
631 1482 825 1556 quadranguli,
846 1481 918 1536 latua
935 1477 1078 1547 trianguli,
1098 1476 1230 1531 subteneo
1247 1469 1334 1525 tribus
1352 1468 1469 1535 octavis,
1488 1464 1617 1519 subtensa
1635 1459 1740 1519 duabus

385 1556 491 1627 'quintis
517 1564 641 1634 partibus
657 1564 752 1621 circuli
768 1577 818 1615 seu
841 1560 889 1614 nni
914 1556 1013 1625 angulo
1036 1550 1247 1624 quinquanguli,
1275 1554 1303 1604 et
1330 1547 1468 1611 diameter.
1505 1538 1679 1611 Cognationis
1695 1537 1741 1591 lex

388 1637 458 1695 baec
477 1653 531 1712 est,
560 1644 633 1713 qnod
651 1642 767 1698 circulus
785 1640 827 1694 his
846 1645 952 1707 septam
979 1635 1064 1690 modis
1088 1632 1191 1686 divium
1209 1644 1258 1684 seu
1276 1627 1398 1695 signatus
1417 1626 1444 1679 in
1463 1637 1517 1676 nna
1535 1620 1659 1690 qnalibet
1675 1614 1741 1671 divi-

391 1718 467 1777 sione
486 1723 594 1780 duabus
610 1726 690 1794 notis,
709 1738 801 1777 arcum
819 1719 933 1787 ejusque
952 1716 1109 1771 subtensam
1127 1707 1342 1774 terminantibus,
1361 1705 1385 1760 si
1403 1702 1565 1757 extendatur
1582 1701 1612 1754 in
1627 1703 1741 1764 rectum,

390 1798 519 1856 diremtos
546 1804 574 1858 in
600 1816 656 1859 nna
681 1808 806 1858 notarum
832 1798 935 1869 fiatque
963 1794 1067 1850 chorda
1088 1798 1116 1846 et
1141 1793 1312 1858 supponatur
1333 1782 1486 1853 magadimp
1508 1786 1590 1835 nome
1607 1776 1741 1843 reliquae:

391 1887 483 1947 panes
509 1882 633 1952 magsdio
656 1882 800 1937 distinctae
829 1884 856 1932 et
879 1878 952 1931 inter
973 1890 1003 1929 se
1026 1880 1053 1926 et
1076 1887 1137 1927 cum
1164 1876 1224 1922 totu
1246 1864 1348 1919 chorda
1373 1865 1532 1917 consonant.
1569 1857 1635 1919 Cum
1660 1854 1743 1921 igitur

392 1958 487 2013 harum
505 1971 608 2030 septem
627 1960 720 2018 circuli
738 1957 908 2025 divisionum,
926 1952 1149 2025 respondentium
1167 1954 1272 2017 septem
1290 1942 1466 1999 divisionibus
1484 1935 1647 1993 harmonicis
1665 1932 1743 1987 chor·

392 2037 450 2105 dae,
469 2047 585 2106 quatuor
603 2042 669 2108 sint,
690 2054 759 2108 quaa
776 2038 893 2092 formant
910 2042 1047 2103 aspectus,
1067 2032 1100 2085 ab
1119 2028 1262 2097 astrologis
1282 2022 1420 2079 observari
1438 2020 1542 2089 solitos,
1561 2014 1665 2071 scilieet
1682 2028 1743 2067 snr-

391 2116 542 2187 augnlaria,
561 2116 798 2188 quadrangularis,
817 2115 991 2187 triangularis
1009 2119 1037 2169 et
1055 2107 1234 2175 diametralis,
1254 2105 1403 2161 efficientes
1421 2099 1554 2167 sextilem,
1573 2095 1744 2166 quadratum,

391 2195 489 2250 trinum
509 2204 537 2251 et
554 2197 721 2267 oppositum,
749 2204 777 2250 et
800 2212 861 2250 cum
885 2199 1013 2249 constans
1032 2188 1201 2259 experientia
1222 2191 1385 2249 testaretur,
1414 2178 1515 2247 figuras
1532 2176 1583 2231 hus
1600 2172 1690 2227 valere
1710 2167 1745 2223 ad

352 2344 356 2355 ,
390 2272 554 2329 incitandam
571 2284 697 2330 naturam
715 2274 900 2344 sublunarem,
925 2273 1032 2344 quoties
1050 2270 1164 2325 duorum
1187 2268 1358 2338 planetarum
1376 2260 1445 2316 radii
1462 2257 1543 2319 talem
1561 2250 1665 2307 zodiaci
1682 2264 1746 2317 par·

391 2359 446 2407 tem
464 2353 653 2423 intercipiunt,
671 2369 726 2407 non
744 2353 832 2410 minus
851 2368 932 2422 quam
951 2348 1068 2405 chordae
1087 2347 1232 2405 divisiones
1250 2332 1445 2413 respondentes
1463 2336 1556 2390 valent
1574 2331 1609 2387 ad
1627 2328 1747 2384 suaviter

391 2431 584 2489 demulcendas
602 2447 695 2487 aures:
722 2432 749 2486 in
768 2432 838 2488 hanc
857 2431 1010 2501 opinionem
1028 2426 1139 2495 transii,
1165 2426 1319 2481 Creatorem
1337 2426 1385 2476 aut
1403 2435 1438 2474 ex
1454 2410 1617 2485 harmonicis
1634 2405 1746 2463 rationi·

390 2507 441 2563 bns
460 2509 623 2567 deaumsisse
641 2510 716 2578 loges
735 2509 944 2566 ordinandorum
956 2515 1124 2578 aspectuum,
1142 2502 1241 2559 autad
1260 2500 1394 2556 coelestes
1405 2501 1539 2567 aspectus
1551 2498 1747 2559 attemperasse

392 2601 470 2642 aures
488 2587 633 2656 humanas,
658 2588 909 2644 concordantiamm
925 2587 1040 2655 judices.
1076 2584 1143 2639 Inde
1161 2598 1224 2637 vero
1242 2579 1417 2648 sequebatur,
1441 2580 1568 2644 oportere
1585 2584 1643 2625 nos·
1654 2563 1747 2637 plures

393 2666 475 2721 etiam
493 2673 521 2721 et
539 2668 646 2721 omnino
665 2676 771 2736 septem
795 2665 823 2720 in
848 2664 924 2719 coelo
943 2666 1087 2720 observare
1106 2669 1234 2732 aspectus
1256 2667 1365 2730 praeter
1383 2652 1614 2724 conjunctionem,
1643 2644 1748 2702 scilicet

393 2745 473 2799 ctiam
492 2744 646 2814 quintilem,
672 2742 842 2814 biqnintilem
861 2751 890 2798 et
908 2743 1098 2813 sesquadrum
1125 2741 1206 2797 sicuti
1225 2746 1289 2795 sunt
1311 2739 1339 2791 in
1356 2734 1460 2790 musica
1476 2735 1587 2801 praeter
1603 2726 1748 2781 unisonum

393 2832 498 2893 septem
516 2823 585 2879 aliae
603 2838 683 2879 voces
702 2822 899 2878 concordantes
917 2839 979 2877 cum
997 2823 1062 2890 inra,
1089 2821 1211 2889 singulae
1235 2834 1269 2875 ex
1294 2814 1408 2887 singulis
1434 2809 1611 2865 divisionibus
1629 2804 1748 2861 chordae

393 2912 484 2975 ortae,
508 2910 539 2958 ut
556 2903 595 2959 ita
611 2918 761 2959 musaeus
780 2900 888 2957 effectui
907 2901 1082 2970 adaequetur.
1116 2895 1297 2966 Sequentibus
1321 2892 1398 2948 annis
1417 2907 1478 2945 curn
1498 2887 1642 2957 diligenter
1660 2891 1748 2940 atten-

394 2983 484 3037 derem
502 2982 537 3037 ad
556 2983 627 3052 dies,
646 2982 743 3051 quibus
761 2981 831 3035 tales
850 2987 978 3051 aspectus
997 2979 1171 3045 contingunt,
1190 2976 1296 3047 quoties
1315 2972 1367 3028 soii
1384 2968 1554 3027 incidebant,
1572 2963 1750 3020 animadverti

393 3061 568 3129 creberrime,
595 3060 736 3129 quintilem
762 3068 789 3113 et
807 3059 978 3128 biqnintilem
997 3056 1122 3111 efficaces
1146 3068 1220 3123 essa,
1247 3051 1383 3108 interdum
1405 3049 1486 3105 etiam
1505 3043 1671 3114 sesquadrus
1689 3054 1751 3096 sese

393 3140 510 3210 prodere
528 3138 678 3193 videbatur.
716 3136 842 3193 Conclusi
860 3138 957 3206 igitur,
985 3135 1124 3191 addendos
1143 3150 1203 3189 ease
1221 3142 1275 3189 tres
1298 3132 1350 3185 hos
1368 3134 1497 3196 aspectus
1514 3122 1639 3191 reliquis,
1665 3119 1750 3188 idque

395 3218 429 3272 ud
448 3215 622 3273 Maestlinnm
642 3220 668 3279 (l.
683 3221 748 3276 toti
768 3223 796 3269 et
813 3214 967 3270 Fabricium
986 3216 1080 3278 11309
1099 3232 1118 3267 ι.
1138 3215 1198 3283 322)
1217 3204 1362 3281 perscripsi
1381 3214 1409 3261 et
1426 3220 1497 3260 anno
1517 3203 1596 3259 1602.
1614 3200 1750 3258 Thesibns

395 3298 429 3352 de
440 3296 636 3352 Fundamentis
652 3295 832 3365 astrologiae,
852 3295 952 3364 quibus
968 3292 1043 3347 illins
1062 3291 1125 3346 unni
1143 3288 1336 3361 prognosticon
1355 3300 1415 3341 sum
1433 3282 1600 3351 complexus,
1619 3276 1751 3347 evulgavi.

394 3376 439 3431 Ex
457 3376 509 3430 hoc
527 3376 619 3444 itaque
636 3383 758 3444 tempore
776 3375 899 3430 certatim
917 3381 1082 3441 prognostae
1100 3370 1144 3425 uis
1162 3375 1277 3424 utuntur
1304 3364 1468 3435 aspectibus.
1505 3359 1558 3416 Sed
1576 3358 1675 3417 accidit
1693 3356 1752 3426 qui·

394 3454 517 3522 busdam,
537 3462 567 3508 ut
585 3452 839 3523 sesquiquadratum
857 3452 885 3506 in
904 3449 1133 3520 semiqnadratum
1152 3446 1323 3514 mutaverint,
1343 3458 1392 3498 seu
1411 3455 1502 3496 errore
1519 3437 1622 3493 lsstrarii
1639 3435 1751 3502 inducti,

396 3533 452 3588 sive
471 3549 520 3587 sua
538 3531 756 3593 ratiocinatione,
784 3532 840 3587 sive
864 3531 981 3599 denique
1005 3528 1176 3584 anctoritate.
1212 3526 1282 3581 Nam
1307 3540 1366 3579 oum
1387 3537 1436 3590 ogo
1455 3537 1505 3589 pro
1523 3514 1752 3586 sesquiqnadrato

396 3611 537 3667 brevitatis
555 3627 639 3667 causa
657 3611 826 3680 scripsissem
844 3610 1024 3681 sesquadrum
1052 3607 1135 3677 (quod
1162 3605 1304 3660 videbatur
1323 3617 1421 3658 sonare
1445 3599 1554 3655 latinius
1574 3613 1655 3666 quarn
1671 3595 1753 3649 trioc-

347 3754 352 3759 ,
395 3690 469 3759 tilia),
486 3691 675 3762 typographus
697 3691 797 3746 alicubi
814 3691 902 3761 sigma
922 3689 1039 3745 medium
1059 3685 1150 3742 omisit
1166 3682 1356 3754 expressitque
1375 3677 1551 3748 sequestrum,
1571 3681 1600 3729 et
1617 3674 1669 3728 hac
1686 3686 1753 3726 voce

396 3776 511 3855 utuntur
529 3771 611 3825 hodie
629 3769 713 3840 aliqui
731 3786 781 3839 pro
807 3768 965 3838 sesquadro.
1004 3766 1088 3834 Atqui
1112 3762 1263 3834 seque-drus
1286 3756 1364 3815 sonat
1389 3754 1588 3824 semiqnadrnm
1607 3768 1656 3807 scu
1675 3750 1754 3806 semi·

397 3849 571 3919 quadratum,
601 3858 631 3905 ut
649 3849 748 3905 selibra
765 3847 944 3916 semilibram,
972 3845 1108 3900 semodius
1134 3840 1327 3898 semimodium.
1361 3838 1460 3905 Itaque
1482 3834 1528 3888 alii
1551 3832 1658 3901 decepti
1675 3828 1755 3885 serni·

397 3927 555 3995 quadratos,
574 3929 600 3983 id
620 3936 663 3984 est
679 3929 783 3999 octilea,
802 3934 960 3997 computant
978 3942 1028 3995 pro
1048 3923 1213 3993 sesquadris,
1232 3923 1281 3978 45⁰
1298 3934 1348 3989 pro
1366 3916 1440 3973 135⁰.
1471 3912 1551 3982 Quod
1569 3929 1631 3967 cuni
1648 3915 1754 3965 ceteros

397 4009 547 4095 monulaapt
563 4010 667 4064 Marius
692 4011 720 4063 iu
742 4008 916 4078 prognostico
939 4006 1003 4062 anni
1022 4006 1105 4067 1617,
1133 4002 1239 4057 exstitit
1260 4008 1352 4054 maten
1370 3993 1552 4062 ostiologus„
1567 3991 1614 4061 qui
1632 3996 1664 4047 ut
1680 3994 1755 4044 recte

397 4085 499 4140 lactum
518 4095 676 4143 constanter
694 4095 825 4157 tueretur,
845 4087 893 4156 qui
910 4087 991 4140 etiam
1006 4084 1135 4151 huomini
1153 4082 1256 4149 tribuit,
1276 4095 1310 4133 es
1327 4091 1388 4132 mea
1400 4072 1536 4129 sententia
1553 4067 1755 4139 semiqnadrnm

398 4165 605 4236 observandum,
625 4169 697 4236 qaod
709 4183 762 4237 ego
776 4184 830 4221 non
849 4181 883 4221 ex
901 4166 982 4221 animi
1000 4164 1144 4229 sententia,
1162 4162 1211 4217 aad
1224 4160 1321 4217 saltem
1338 4162 1370 4212 ut
1386 4154 1565 4235 abiectionem
1584 4150 1755 4217 scripseram.

398 4242 508 4297 Scilicet
525 4246 596 4301 ratio
615 4261 674 4301 mea
689 4247 747 4314 jam
767 4260 800 4298 ex
819 4244 982 4299 harmonicis
1001 4244 1135 4312 explicata
1153 4256 1206 4295 non
1226 4239 1292 4293 satis
1311 4235 1411 4291 insedit
1427 4234 1560 4288 lectorum
1578 4228 1687 4295 animis,
1705 4226 1756 4283 ita·

398 4337 451 4392 que
469 4322 583 4379 velutin
598 4325 815 4396 supplementum
834 4324 894 4393 ejus
913 4331 1055 4380 accersunt
1072 4319 1290 4391 praecellentiam
1308 4313 1481 4385 semiqnadri,
1499 4309 1547 4365 sed
1566 4322 1601 4362 ex
1617 4302 1757 4376 principiis

398 4402 478 4470 louge
497 4402 564 4458 aliis.
602 4404 633 4460 ln
651 4406 684 4460 iia
703 4421 767 4459 vero
785 4403 940 4474 principiis,
961 4418 1031 4471 quae
1049 4410 1114 4456 tunc
1132 4415 1183 4467 ego
1201 4395 1349 4466 sequebar,
1368 4393 1473 4450 nullum
1491 4389 1582 4444 locum
1599 4383 1696 4441 habuit
1714 4396 1757 4436 se·

398 4480 556 4550 miquadrus
575 4482 616 4535 vel
634 4483 731 4551 octilis,
749 4482 802 4537 hoc
820 4488 870 4547 eat,
890 4480 984 4536 divisio
1004 4476 1121 4533 cliordae
1140 4482 1256 4545 cognata
1275 4471 1429 4540 octangnlo.
1453 4467 1548 4525 Divisa
1566 4465 1637 4518 enim
1655 4458 1758 4517 chorda

397 4558 426 4613 in
447 4562 457 4613 1
479 4565 507 4614 et
525 4560 554 4629 7,
582 4561 632 4616 etsi
651 4566 819 4631 segmentum
841 4562 850 4615 1
873 4575 934 4615 cum
952 4550 1046 4613 tutati
1065 4561 1209 4622 consonat,
1237 4560 1328 4607 tamen
1346 4567 1434 4619 neque
1458 4543 1631 4624 residuum?
1650 4540 1756 4606 cum&

398 4655 487 4710 neque
511 4642 524 4695 1
545 4658 606 4695 cum
624 4647 641 4698 'l
659 4647 817 4696 consonant.
853 4639 937 4694 Secus
961 4642 1003 4691 est
1028 4636 1055 4688 in
1083 4631 1230 4701 sesquadro
1256 4646 1304 4685 sen
1328 4628 1450 4691 trioctili,
1477 4626 1523 4682 ubi
1542 4622 1658 4680 circulus
1677 4626 1705 4675 et
1722 4615 1758 4690 ad

398 4717 458 4789 eina
476 4720 631 4799 exemplum
648 4718 752 4776 chorda
769 4717 896 4774 diviffitur
912 4716 941 4770 in
959 4716 1016 4769 tet
1028 4716 1058 4784 ὃς
1079 4716 1229 4779 consonant
1247 4709 1318 4763 enim
1329 4716 1385 4765 tam
1404 4710 1545 4778 segmenta
1563 4703 1621 4760 3et
1633 4701 1658 4763 b,
1676 4709 1757 4766 quam

398 4807 488 4859 totum
505 4800 524 4864 8
541 4808 570 4859 et
587 4817 648 4871 cunt
666 4800 683 4858 3
701 4804 730 4858 et
748 4814 809 4854 cnm
827 4796 843 4854 5
863 4800 1003 4857 consonat.
