3882 5862
433 417 497 476 418
903 409 1070 480 appendicis
1086 410 1312 471 Harmonioornm

433 607 523 667 quarn
545 594 661 666 tempus
683 588 832 647 nominare
854 585 998 661 solemus,
1022 593 1109 649 miror
1130 608 1187 666 ego
1210 590 1354 660 violarim,
1377 589 1476 647 mirari
1498 592 1543 659 to,
1565 586 1707 661 Roboris,
1733 602 1781 647 eor

434 677 508 736 nihil
530 674 688 735 admodum
718 673 754 733 de
777 674 957 750 temporibus
984 680 1200 752 perscripserim
1228 680 1256 734 in
1287 692 1374 754 opere
1403 662 1591 734 Harmonice.
1639 672 1722 747 Quae
1752 685 1781 731 tn

434 765 526 824 rerba
548 780 584 823 eo
607 764 815 838 interpretaris,
838 770 1003 837 temporum
1023 765 1242 841 iaquisitionem
1265 781 1283 822 a
1305 780 1352 821 me
1374 762 1511 823 frivolam
1533 763 1689 825 aestimari·

522 850 568 910 An
591 868 650 910 non
673 852 767 922 euim,
791 866 901 924 quaeso
925 860 969 922 te,
991 867 1059 910 euru
1082 854 1180 927 eapite
1207 853 1254 908 13.
1279 861 1398 911 tanturn
1420 848 1582 922 delinirem,
1612 847 1783 926 particulam

433 939 595 1001 definitioni
618 939 735 1009 inserui,
759 953 836 1012 qnae
858 945 1022 1012 temporum
1044 938 1285 1015 eompleetsretur
1298 936 1475 997 mersuras?
1521 936 1568 995 An
1583 944 1682 1012 potest
1695 933 1782 1012 quid-

435 1040 524 1105 quam
547 1025 695 1084 aestimari
716 1024 880 1101 frivolum,
904 1023 998 1098 quod,
1021 1030 1072 1102 qui
1094 1027 1152 1085 boo
1174 1027 1329 1085 aestimare
1352 1024 1473 1095 dieitur,
1500 1026 1532 1081 in
1553 1022 1723 1082 definitione
1745 1024 1784 1081 rai

434 1113 540 1193 ponit?
585 1112 713 1170 Annon
739 1112 868 1170 vicissim
890 1114 919 1169 in
943 1113 1138 1188 explicatione
1162 1114 1241 1171 illius
1264 1112 1424 1187 particulae
1447 1111 1499 1171 iol.
1517 1112 1588 1170 lte.
1611 1109 1785 1196 paragraphi

435 1203 473 1261 de
496 1202 639 1260 mensuris
662 1206 762 1275 aperte
784 1201 856 1257 satis
879 1212 996 1265 esum
1023 1202 1176 1261 brevitatis
1199 1200 1357 1259 lectoribus
1387 1199 1529 1271 indiserti,
1558 1215 1623 1261 oon
1648 1214 1711 1258 este
1730 1199 1786 1261 td·

434 1291 501 1349 itaet
523 1289 655 1346 medati
675 1288 735 1345 mai
756 1288 792 1342 irs
813 1286 867 1346 boe
888 1304 977 1360 opere
1009 1288 1046 1347 ds
1067 1290 1218 1347 mensoris
1239 1286 1418 1361 disputare?
1463 1285 1540 1363 Quid
1571 1288 1700 1357 miraris,
1729 1300 1785 1341 non

434 1377 520 1455 plura
546 1393 566 1433 a
588 1391 634 1433 me
658 1372 830 1449 disputata?
875 1373 1003 1432 Causam
1031 1378 1146 1452 accipe:
1176 1391 1234 1432 uon
1266 1374 1321 1432 luit
1349 1376 1473 1447 institisti
1504 1375 1579 1446 msi3
1608 1389 1787 1459 quamquam

317 1510 320 1519 ,
437 1466 528 1524 ettam
550 1463 626 1520 libro
649 1460 702 1519 lV.
724 1458 777 1519 iol.
801 1460 874 1517 228.
898 1460 999 1520 addidi
1021 1463 1164 1539 panonia,
1189 1479 1265 1536 quae
1288 1463 1365 1521 eirea
1385 1478 1539 1521 mensuras
1562 1461 1653 1519 babet
1674 1460 1788 1535 poetice

436 1569 502 1611 euru
524 1549 668 1607 artificiali
690 1550 803 1606 musica
825 1551 999 1622 eommunis,
1023 1552 1094 1624 quia
1117 1552 1156 1608 ibi
1179 1548 1313 1607 locifuit
1336 1550 1460 1607 instituti
1484 1551 1541 1607 mei
1564 1547 1711 1624 explieare
1734 1564 1812 1603 ran

436 1640 571 1705 rietatem
593 1634 809 1711 subjectorum,
831 1636 862 1690 in
885 1636 991 1711 quibus
1017 1646 1114 1695 essent
1134 1637 1314 1695 harmoniae.
1692 1686 1700 1703 ,

524 1722 608 1798 Quae
631 1723 717 1781 affers
739 1714 923 1799 argumenta,
946 1730 977 1782 nt
998 1725 1114 1799 probes,
1138 1723 1347 1798 disputandum
1363 1739 1428 1782 esse
1452 1721 1488 1781 de
1502 1729 1633 1800 tempore
1651 1722 1788 1783 scribenti

437 1811 474 1871 de
496 1811 656 1869 harmoniis
676 1810 878 1886 planetarum,
901 1826 937 1887 ea
960 1810 1106 1870 ducuntur
1128 1828 1147 1869 a
1167 1817 1301 1887 respeetu
1326 1811 1464 1885 temporis
1485 1811 1590 1884 priori,
1613 1807 1734 1883 dequo
1758 1809 1786 1863 io

436 1901 583 1977 praesenti
607 1897 832 1973 comparationis
853 1897 998 1973 partieula
1019 1898 1117 1957 nullm
1138 1898 1226 1956 nobis
1249 1905 1293 1957 est
1315 1914 1420 1956 sermo.
1467 1894 1582 1957 Graves
1598 1912 1689 1955 sonos
1705 1911 1787 1955 oom-

437 2003 510 2063 psro
532 2002 604 2045 sane
626 1984 756 2045 motibus
779 1984 905 2055 Saturni,
929 1991 962 2042 ut
984 1983 1121 2060 planetae
1144 1984 1313 2060 tardissimi,
1336 1984 1393 2043 boe
1408 1993 1453 2043 est
1474 1986 1524 2059 qui
1547 1984 1636 2059 loogo
1656 1991 1787 2059 tempore

436 2091 542 2150 parurn
564 2075 675 2132 itineris
698 2071 822 2130 eontieit.
868 2073 909 2128 At
931 2071 1071 2147 quamdiu
1094 2072 1238 2132 Saturnus
1261 2074 1393 2131 obtineat
1415 2071 1538 2131 eaodem
1559 2074 1626 2130 soni
1655 2073 1788 2145 gravita-

437 2168 506 2233 tem,
530 2159 652 2220 eandem
674 2161 794 2234 inquam
817 2166 847 2217 et
867 2159 1040 2218 uniformem
1062 2169 1160 2219 motus
1180 2163 1226 2217 sui
1249 2158 1424 2232 tarditatem,
1447 2159 1505 2218 boa
1526 2158 1599 2217 nibil
1619 2159 1727 2217 attinet
1749 2155 1787 2215 ad

436 2249 618 2309 harmoniam
641 2245 807 2317 coelestem,
830 2254 863 2305 ut
885 2247 913 2302 in
937 2264 996 2322 qna
1019 2250 1113 2307 omnis
1135 2245 1244 2323 gradus
1267 2246 1423 2319 tarditatis,
1446 2250 1470 2305 si
1486 2247 1705 2305 accuratissime
1720 2246 1787 2319 agi-

438 2337 524 2411 mus,
538 2334 583 2394 e‘st
604 2341 836 2403 momentaneus,
858 2331 993 2408 adeoque
1015 2352 1070 2394 nee
1091 2334 1231 2412 possibile
1253 2343 1299 2393 est
1320 2333 1440 2405 homini,
1462 2350 1617 2410 procurare
1634 2332 1787 2393 durantem

438 2422 477 2482 ad
505 2421 626 2498 aliquod
656 2428 771 2497 tempus
802 2426 933 2478 motuum
961 2421 1079 2480 Saturni
1110 2420 1368 2498 aequabilitatem,
1404 2438 1459 2486 nee
1486 2418 1688 2498 ι’ἰδιχομενον,
1719 2430 1789 2495 post

438 2511 626 2570 constitutam
649 2507 739 2567 semel
760 2509 1004 2582 permutationem
1027 2511 1194 2567 eontbruaur
1217 2508 1363 2567 intervalli
1392 2511 1468 2566 iuter
1489 2507 1637 2583 planetam
1668 2513 1698 2565 et
1719 2507 1788 2566 iou·

438 2604 498 2656 tem
521 2596 585 2672 ejus
607 2601 712 2666 motus,
737 2611 825 2669 quam
849 2595 995 2653 intervalli
1017 2598 1210 2654 mutationem
1232 2597 1405 2667 necessario,
1420 2598 1553 2669 seqnitur
1581 2596 1720 2654 eontinna
1744 2595 1789 2650 io-

438 2685 533 2743 teosio
555 2688 586 2742 et
606 2683 739 2742 remissio
761 2688 902 2753 motuum,
925 2691 1128 2757 praeterquam
1151 2686 1180 2743 in
1195 2682 1358 2758 apartibus.
1401 2682 1468 2745 Non
1484 2682 1575 2741 babet
1587 2684 1677 2757 igitur
1692 2681 1788 2740 loeum

437 2786 574 2830 mensura
596 2771 735 2845 temporis
757 2770 786 2825 in
808 2769 938 2826 motibus
961 2770 1139 2830 coelestibus
1160 2769 1328 2831 barmoniae
1343 2771 1576 2846 mntemparatts,
1599 2771 1787 2845 inquantum

437 2852 606 2917 hannoniae
628 2853 697 2915 sunt
719 2858 946 2931 contemperati3
971 2857 1060 2917 babet
1082 2874 1152 2916 vero
1175 2857 1272 2916 loram
1296 2858 1345 2915 ubi
1368 2859 1515 2931 prosarart
1530 2865 1637 2932 potest,
1662 2859 1692 2913 in
1715 2854 1788 2914 bar-

438 2947 538 3005 monia
559 2942 671 3004 scilieet
693 2943 839 3002 hnmanae
863 2945 953 3014 roob,
976 2953 1010 3002 ut
1032 2962 1108 3021 quae
1132 2946 1226 3004 omnis
1247 2946 1277 3001 in
1290 2943 1501 3018 aequabilitate
1524 2934 1663 3003 sonentur
1684 2960 1789 3003 versa-

438 3039 500 3105 tur,
525 3039 557 3091 ot
580 3032 725 3109 explieavi
748 3030 822 3089 libro
844 3029 897 3087 lV.
922 3030 971 3090 iol.
996 3033 1068 3092 228.
1113 3031 1175 3091 Nee
1197 3035 1273 3091 enirn
1296 3034 1407 3103 omnis,
1438 3032 1492 3093 sed
1514 3032 1660 3091 humanae
1683 3029 1789 3091 saltem

438 3120 522 3179 noeis
544 3121 657 3179 mnsiea
678 3134 782 3177 manea
805 3126 834 3177 et
856 3116 995 3177 deficiens
1017 3128 1078 3191 est,
1102 3122 1164 3179 sine
1185 3136 1322 3179 mensura
1342 3123 1491 3195 temporis.
1534 3119 1574 3181 ur
1594 3119 1666 3192 boe,
1691 3134 1789 3192 quan-

439 3215 501 3265 tum
524 3208 629 3265 attinet
651 3205 688 3262 ad
711 3205 857 3263 humanae
880 3207 963 3265 voeis
985 3208 1135 3277 musteum,
1159 3207 1274 3266 susieeit
1296 3206 1368 3264 milri
1391 3207 1529 3266 brevibus
1544 3207 1695 3265 monuisse
1711 3204 1789 3263 disto

440 3291 492 3353 iol.
519 3293 589 3363 1¹18,
613 3290 786 3368 properandi
809 3293 919 3368 quippe
940 3290 979 3351 ad
1001 3294 1144 3353 coelestes
1166 3303 1197 3353 et
1211 3296 1421 3353 astronomiess
1437 3295 1611 3365 harmonias,
1637 3293 1790 3368 inquibus

439 3379 538 3439 loeum
557 3396 619 3439 non
642 3379 732 3437 babet
754 3377 869 3437 duratio
893 3382 1069 3454 temporaria
1090 3380 1241 3439 unitormts
1264 3379 1430 3451 celeritatis,
1453 3381 1566 3440 scilieet
1588 3381 1658 3455 qnia
1680 3395 1787 3454 seopus

439 3468 532 3526 totius
553 3469 611 3526 mei
634 3469 730 3543 operis
751 3481 810 3524 uon
833 3467 862 3522 in
886 3464 937 3524 illa
959 3466 1105 3541 bumana,
1137 3464 1189 3527 sed
1217 3470 1246 3524 in
1269 3467 1325 3528 bae
1346 3467 1467 3528 coelesti
1496 3467 1648 3551 barmonip
1677 3466 1789 3526 detines

439 3554 509 3628 init,
533 3560 566 3612 ut
588 3553 665 3614 clare
687 3552 836 3630 protessus
857 3569 921 3612 suns
945 3554 994 3613 iol.
1022 3556 1083 3615 luo
1105 3553 1172 3614 libri
1197 3553 1251 3611 lll.
1262 3552 1302 3632 31)

527 3640 648 3700 Interim
671 3640 753 3698 velut
774 3647 856 3699 extra
878 3643 957 3699 riam
979 3641 1154 3701 monendum
1176 3648 1206 3700 te
1228 3640 1308 3719 duri,
1330 3638 1476 3707 maleine
1499 3649 1562 3701 ate
1585 3642 1664 3701 eirea
1682 3640 1789 3703 sotum

440 3736 719 3805 ssseparceptnm,
751 3734 784 3786 ut
811 3745 898 3802 quam
929 3744 984 3803 ego
1013 3729 1134 3804 figuram
1167 3745 1263 3804 neque
1292 3728 1421 3805 pondero
1450 3745 1545 3803 neque
1567 3745 1641 3789 sono
1668 3744 1789 3803 parem

441 3816 546 3889 statui,
569 3832 624 3875 nse
646 3816 788 3893 supremis
811 3814 938 3890 planetis
960 3816 998 3875 ob
1021 3832 1122 3877 eornm
1144 3824 1242 3876 motus
1264 3816 1445 3886 tarditatem,
1471 3815 1523 3877 sed
1546 3815 1585 3875 ad
1607 3816 1789 3876 consutum·

441 3902 511 3962 dnm
534 3918 634 3962 eorum
657 3900 843 3960 intervallum
865 3901 987 3978 agunto
1009 3899 1231 3985 tauromenii)

361 4050 364 4059 ,
527 3989 639 4051 Eadem
661 3990 759 4048 cantio
782 3989 853 4048 mibi
876 3984 983 4073 pa'giua
1005 3999 1056 4051 tua
1082 3996 1110 4052 1.
1134 3996 1210 4052 eirea
1233 3993 1330 4051 varios
1351 3988 1489 4067 planetae
1514 3991 1602 4049 unius
1625 3997 1723 4049 motas
1745 3996 1789 4048 est

440 4075 618 4140 adhibenda.
662 4076 742 4135 Nihil
765 4077 843 4137 enim
864 4076 973 4137 facient
989 4078 1106 4154 periodi
1130 4079 1166 4138 ad
1190 4078 1463 4151 demonstrandum,
1493 4080 1698 4154 proportiones
1719 4075 1788 4136 bar·

440 4166 571 4225 monitae
594 4167 624 4222 in
647 4164 775 4223 motibus
798 4166 922 4222 inveniri
945 4165 1147 4243 planetarum3
1177 4165 1330 4241 diligenter
1352 4167 1408 4227 boe
1430 4167 1494 4227 tavi
1519 4164 1584 4224 Lib.
1608 4164 1644 4223 V.
1669 4166 1787 4240 eapti.

441 4251 492 4314 iol.
509 4252 582 4311 283.
606 4252 636 4309 in
659 4250 764 4310 medio.
810 4250 872 4321 Sed,
891 4269 945 4312 nee
967 4253 1054 4312 medii
1078 4252 1174 4311 diurni
1195 4263 1292 4313 motus
1310 4253 1501 4328 planetarum·
1515 4251 1612 4331 idonei
1628 4261 1698 4312 sunt
1720 4251 1789 4311 bar·

440 4343 602 4399 moniarum
627 4341 757 4412 termini,
780 4341 884 4413 utqui
908 4341 969 4411 veri
992 4357 1051 4399 oon
1074 4348 1157 4413 sunt,
1179 4340 1233 4399 ssd
1256 4339 1352 4399 solum
1373 4342 1553 4414 imaginarii3
1583 4358 1640 4413 ego
1663 4353 1735 4399 sero
1759 4340 1788 4397 in

440 4429 569 4504 ipsorum
596 4426 779 4505 planetarum
807 4424 936 4485 realibus
965 4428 1109 4499 motibus,
1140 4434 1173 4484 ut
1202 4426 1319 4512 quidem
1350 4444 1385 4486 ex
1408 4435 1506 4497 oestro
1529 4427 1607 4487 Solis
1635 4432 1786 4504 apparent,

439 4515 606 4575 barmoniae
634 4531 753 4589 quaero.
797 4513 845 4572 Ita
873 4521 968 4573 motus
998 4515 1117 4588 augium
1147 4522 1243 4574 motus
1273 4522 1400 4573 nonest
1428 4513 1583 4591 physicus,
1615 4514 1666 4574 sed
1688 4515 1787 4591 potius

341 4632 350 4646 ·
440 4602 602 4662 differentia
623 4602 746 4660 realium
768 4606 898 4659 motuum
926 4608 956 4659 et
978 4600 1086 4660 mobile
1110 4601 1316 4674 intentionsle3
1345 4599 1411 4661 sola
1433 4601 1520 4662 stella
1547 4618 1650 4661 rerum
1677 4599 1786 4662 mobile

440 4698 494 4763 est,
518 4697 548 4748 et
569 4695 651 4746 motu
674 4687 791 4764 quidem
814 4704 872 4745 nen
895 4703 963 4760 ono,
987 4685 1039 4746 sed
1061 4687 1202 4764 pluribus.
1224 4706 1277 4765 pro
1300 4688 1470 4751 diversitate
1491 4690 1599 4761 centri,
1622 4691 1696 4762 axis,
1719 4704 1786 4757 eor·

440 4778 521 4857 poris
552 4774 665 4837 stellae.
711 4770 836 4835 Omnino
866 4773 1027 4834 consultius
1055 4775 1142 4835 laniet
1169 4774 1277 4844 laetor,
1306 4778 1333 4834 si
1355 4778 1452 4837 missis
1482 4779 1540 4849 eis,
1569 4792 1646 4851 quse
1668 4775 1718 4835 bie
1749 4774 1785 4833 de

441 4865 528 4928 rebus
552 4860 754 4925 aanonomtois
777 4860 871 4939 deque
893 4860 1028 4937 periodis
1041 4862 1225 4940 planetarum
1249 4868 1309 4922 tute
1331 4865 1449 4939 seribis,
1477 4865 1556 4955 ipsos
1579 4861 1668 4925 adeat
1689 4868 1786 4925 astro·
