3704 5962
807 400 840 459 In
856 399 1073 461 Stereometrlam
1089 398 1232 461 Doliornm
1248 398 1402 473 Appendin

968 690 1021 752 Ad
1044 689 1163 770 Caput
1183 690 1241 756 111.

519 841 637 896 Rursum
659 839 750 896 divido
772 842 967 912 quaestionem.
1008 842 1126 898 Primum
1153 843 1227 914 quod
1255 842 1395 899 seientiam
1413 843 1502 911 ipsam
1519 843 1628 898 attinet
1647 844 1786 900 communi

435 919 549 975 cationis
565 920 637 976 inter
654 935 685 974 se
702 919 853 990 ponderum
875 935 1117 993 mensuratumque
1139 925 1274 992 omnium,
1302 924 1364 979 sire·
1381 923 1473 995 aliqua
1493 920 1693 991 inaequalitas
1715 923 1785 975 intro

433 998 548 1054 dueatur
565 998 622 1054 sire
640 998 786 1067 omittatur,
806 998 914 1053 omnino
929 999 1041 1068 judico,
1068 1018 1126 1057 rem
1154 1018 1214 1059 esee
1240 1009 1269 1059 et
1285 1001 1494 1073 pulcherrimam
1519 1008 1549 1056 at
1568 1000 1785 1056 utilissimamet

397 1144 403 1157 1
431 1077 548 1133 manime
571 1079 714 1134 facientem
733 1078 767 1134 ad
785 1079 1002 1148 perpetuitatem,
1021 1080 1044 1136 si
1063 1098 1162 1152 eorpus
1181 1081 1223 1137 vel
1241 1084 1363 1153 pondere
1381 1081 1423 1137 vel
1441 1080 1496 1135 loci
1514 1080 1610 1150 spatio
1632 1095 1786 1134 mensuren-

429 1156 493 1212 dum
519 1155 658 1225 redigatur
683 1159 712 1212 in
729 1159 836 1227 oubam,
868 1157 994 1228 planities
1020 1162 1201 1216 mensuranda
1227 1162 1254 1215 in
1287 1160 1464 1231 quadratum,
1496 1159 1644 1228 hujusque
1676 1157 1742 1213 cubi
1764 1168 1785 1209 et

429 1233 553 1303 quadrati
571 1233 643 1291 latus
662 1235 696 1290 ad
715 1236 894 1304 quantitatem
911 1251 1054 1293 mensurae
1073 1246 1178 1294 mutum
1197 1239 1293 1307 longae
1311 1245 1491 1309 comparetur,
1510 1244 1666 1305 exstetque
1686 1237 1787 1306 publiea

429 1312 504 1380 apud
522 1328 615 1368 omnes
633 1315 703 1369 haee
720 1316 840 1370 seientia.
876 1316 1019 1385 Secundo,
1047 1318 1071 1373 si
1089 1333 1152 1373 vero
1176 1319 1329 1374 consultum
1347 1318 1484 1388 rideatur,
1509 1321 1656 1370 attentare
1674 1314 1787 1385 aliquan

429 1390 620 1460 aequationem
638 1399 695 1448 tam
713 1408 899 1450 mensurarum
918 1411 999 1465 quam
1017 1397 1245 1467 progressionum,
1266 1399 1322 1453 sive
1341 1398 1539 1461 continuarum,
1559 1394 1621 1450 sire
1640 1409 1720 1464 quae
1734 1410 1786 1464 per

429 1476 558 1523 maneant
575 1470 762 1538 troentinate,
788 1468 915 1543 illamque
934 1476 1125 1543 aequationem
1143 1474 1186 1530 vel
1213 1476 1321 1546 publiea
1338 1477 1471 1545 imperare
1489 1472 1644 1535 universis,
1675 1472 1723 1528 vel
1742 1474 1786 1541 pri

312 1620 315 1626 Ι
430 1546 512 1601 vatim
538 1548 609 1603 inter
636 1551 824 1608 universorum
853 1554 1059 1622 magistratuum
1092 1570 1192 1610 aroana
1221 1555 1358 1623 resipere,
1388 1552 1461 1608 omni
1490 1551 1572 1607 modo
1605 1552 1785 1607 ammtendun

430 1625 564 1693 existimo,
578 1635 610 1682 nt
621 1635 677 1684 tam
690 1632 858 1701 praeclarum
870 1649 939 1703 opus
952 1633 1098 1704 incipiatur
1119 1634 1154 1688 ab
1167 1633 1221 1690 hoe
1233 1634 1395 1689 solidissimo
1410 1632 1587 1688 fundamento
1606 1633 1785 1687 connubiis

430 1712 547 1774 quatuor
568 1723 696 1774 generum
714 1726 907 1775 mensurarum,
926 1719 954 1767 et
971 1713 1068 1782 siqua
1080 1712 1292 1783 deprehenditur
1303 1711 1508 1777 irrationalitas,
1530 1726 1634 1765 manns
1648 1710 1677 1765 ei
1697 1710 1784 1765 adme

431 1790 554 1853 reantur,
571 1794 602 1840 ιιι
619 1787 654 1841 ad
673 1787 807 1845 effabilem
826 1797 853 1845 et
869 1791 950 1846 talem
969 1791 1172 1860 proportionem
1185 1791 1351 1861 redigantur,
1371 1791 1417 1845 uhi
1430 1791 1463 1847 de
1475 1788 1580 1845 ratione
1592 1789 1669 1845 nihil
1684 1791 1785 1859 aspin

431 1863 480 1918 fiat
496 1862 638 1933 reliquum.
675 1867 783 1936 Tertio;
803 1875 834 1924 nt
850 1886 913 1925 vero
931 1870 1002 1925 idem
1021 1871 1107 1925 cubus
1126 1871 1162 1926 sit
1180 1886 1211 1925 as
1229 1870 1379 1941 ponderum
1392 1877 1420 1925 et
1430 1869 1560 1939 locorum,
1578 1868 1657 1924 idem
1671 1869 1785 1939 quadra¹

431 1946 490 1995 tum
516 1957 546 1996 as
562 1944 753 2016 planitierum,
780 1951 860 2016 cuins
887 1948 950 2003 euhi
976 1949 1047 2003 latus
1073 1954 1116 2003 eet
1142 1963 1172 2003 as
1199 1950 1418 2004 meeometrioua:
1445 1948 1590 2018 pulebrnm
1620 1949 1740 2019 quidem
1763 1962 1785 2002 et

428 2022 583 2091 exoptabile
603 2032 679 2093 puto,
696 2026 867 2096 impossibile
893 2045 957 2085 vero
985 2028 1130 2097 impetratu
1157 2028 1272 2098 evulgo
1300 2028 1449 2097 hodierno,
1475 2043 1526 2081 nee
1549 2042 1619 2081 sane
1638 2026 1784 2083 admodu

427 2099 501 2155 utile.
535 2101 605 2157 Nam
624 2105 676 2159 etsi
694 2105 803 2173 quidem
820 2106 942 2163 inlibris
960 2108 1043 2162 hodie
1060 2121 1159 2176 magna
1177 2114 1220 2162 est
1238 2107 1390 2177 diversitas,
1408 2105 1535 2176 nuspiam
1553 2114 1649 2161 tamen
1669 2105 1784 2161 duorum

427 2180 548 2238 locorum
566 2183 654 2239 librae
670 2184 698 2238 in
717 2186 891 2255 proportione
909 2188 994 2258 dupla
1010 2186 1199 2255 inveniuntur,
1228 2203 1322 2243 omnes
1349 2186 1468 2242 omnium
1494 2185 1620 2241 locorum
1639 2184 1671 2239 in
1692 2185 1784 2239 minor.

431 2274 512 2327 quarn
529 2261 621 2331 dupla
656 2261 719 2319 Jam
737 2280 801 2319 vero
819 2265 889 2321 libra
903 2266 988 2334 uulgo
1006 2273 1048 2321 eat
1065 2280 1095 2320 as
1113 2265 1157 2319 vel
1176 2265 1328 2335 ponderum
1343 2266 1442 2321 unitas.

516 2340 618 2411 Aeoipe
640 2359 712 2399 nuno
739 2359 827 2400 assem
853 2345 1086 2415 merometrieum,
1111 2352 1179 2413 puta
1197 2344 1239 2400 vel
1258 2345 1348 2401 ulnam
1365 2346 1408 2401 vel
1426 2344 1531 2415 pedem,
1549 2341 1685 2398 ulnarum
1706 2342 1785 2397 diter

429 2417 497 2475 sitas
514 2426 557 2475 eet
575 2437 680 2490 magna,
697 2423 774 2491 pedis
792 2440 863 2494 vero,
883 2426 930 2494 qui
946 2424 1034 2478 minor
1051 2431 1095 2479 eet
1113 2424 1239 2479 omnibus
1256 2424 1337 2493 ulnis,
1357 2424 1498 2480 diversitas
1515 2422 1620 2490 minor3
1641 2422 1784 2490 ιιιήιιηιι

427 2502 527 2566 nmen,
539 2497 603 2555 siin
615 2502 713 2556 tabum
725 2502 889 2571 redigantur,
907 2503 1030 2558 immanis
1043 2503 1184 2572 proportio
1199 2503 1235 2558 ad
1247 2502 1320 2558 latus
1333 2502 1397 2558 onhi
1409 2502 1498 2571 aquei,
1516 2500 1616 2555 libram
1628 2500 1784 2569 pendentm

429 2573 491 2629 Sive
509 2576 591 2645 igitur
607 2578 703 2635 libram
721 2581 873 2637 immaniter
890 2597 999 2651 augeas,
1018 2580 1075 2636 sire
1092 2581 1191 2649 pedem
1215 2587 1263 2637 aut
1281 2581 1373 2636 ulnam
1391 2580 1459 2636 adeo
1477 2581 1596 2643 minuas,
1625 2580 1689 2634 sire
1709 2580 1784 2635 edan

428 2670 521 2712 vooem
538 2658 616 2728 pedis
635 2661 716 2728 (quod
736 2660 764 2717 in
781 2662 924 2730 posteriori
942 2676 1009 2717 casu
1027 2662 1223 2721 necessarium)
1241 2661 1370 2731 repudies
1387 2661 1509 2730 penitus,
1538 2666 1586 2713 aut
1605 2659 1683 2714 aesia
1705 2657 1784 2729 digni

425 2738 515 2790 tatem
532 2737 560 2792 in
578 2738 665 2794 minus
684 2739 795 2809 aliquod
813 2756 899 2811 genna
919 2738 1096 2811 longitudinis
1113 2740 1278 2804 transierat,
1305 2741 1399 2810 utique
1425 2737 1622 2794 inextricabihs
1651 2738 1783 2793 eonfnab

428 2814 525 2884 Itaque
544 2818 629 2873 sadus
648 2818 726 2887 dueo,
744 2835 856 2889 paucos,
876 2819 922 2888 qui
940 2825 1005 2875 eunt
1022 2835 1039 2874 a
1057 2818 1172 2887 oaloolo,
1191 2817 1347 2889 plusculum
1361 2818 1497 2873 insumere
1511 2817 1613 2872 laboris
1624 2816 1784 2873 ineu-nenda

431 2895 607 2963 proportione
625 2896 748 2967 laterum,
769 2899 913 2955 dnmmodo
931 2899 987 2967 illa,
1005 2899 1046 2953 uti
1064 2899 1174 2966 dietum,
1191 2899 1230 2952 sit
1249 2897 1374 2966 effabilis,
1393 2912 1474 2967 quam
1486 2896 1640 2966 universos,
1659 2897 1715 2968 qui
1728 2908 1784 2951 sunt

428 2973 529 3039 potiori
547 2980 624 3045 parte
642 2974 755 3032 hebetes
773 2985 801 3032 et
818 2979 935 3048 stupidi,
961 2978 989 3032 in
1012 2985 1068 3032 tam
1090 2979 1237 3048 perplexos
1260 2977 1429 3048 labyrinthos
1448 2974 1655 3033 desuescendae
1674 2992 1784 3031 nomen

431 3049 559 3122 elaturaa,
578 3070 631 3111 usu
649 3056 912 3128 confirmatissimae,
930 3058 1037 3128 conjici.
1074 3059 1173 3113 Parum
1200 3059 1282 3113 etiam
1309 3057 1377 3113 utile
1403 3056 1480 3125 dieo,
1508 3071 1592 3110 unum
1621 3070 1691 3110 ease
1717 3056 1783 3110 latae

429 3132 548 3187 omnium
560 3134 669 3204 maium,
688 3135 722 3191 ob
735 3136 934 3197 bantrensem,
953 3137 1026 3207 quod
1045 3137 1136 3192 statim
1157 3144 1238 3208 atque
1256 3137 1290 3192 ab
1310 3151 1372 3192 asse
1384 3136 1546 3191 disoedimue
1565 3149 1615 3189 seu
1636 3134 1675 3190 ad
1695 3143 1783 3205 partes

430 3222 480 3263 seu
498 3210 533 3265 ad
551 3228 679 3272 numeros
696 3216 813 3286 assium,
840 3216 990 3271 deserimur
1015 3218 1050 3272 ab
1073 3217 1180 3285 aequali
1204 3217 1370 3272 incremento
1393 3213 1436 3268 vel
1461 3212 1637 3269 decremento
1656 3213 1781 3277 laterum⁴¹

430 3301 491 3342 oum
510 3290 572 3345 aubi
590 3290 690 3348 sintin
707 3294 797 3365 tripla,
816 3296 950 3363 quadrata
966 3295 994 3349 in
1013 3294 1097 3363 dupla
1114 3296 1290 3365 proportione
1307 3295 1433 3350 laterum.

515 3366 619 3433 Quarto
637 3371 671 3427 de
689 3389 759 3444 aqna
776 3374 889 3429 lontano
908 3375 994 3429 dieam
1012 3372 1115 3444 aliquid
1133 3380 1239 3429 tantum
1258 3372 1385 3429 monendi
1403 3386 1495 3441 eausa,
1514 3378 1650 3439 quantum
1669 3387 1711 3428 ex
1730 3371 1782 3426 elis

429 3444 527 3500 audiri.
563 3447 647 3505 Aiunt
665 3452 743 3518 enim,
761 3451 807 3522 qui
825 3460 911 3507 artem
930 3452 1129 3508 distillatoriam
1146 3458 1272 3520 tractant,
1290 3450 1370 3506 valde
1381 3449 1538 3518 inaequales
1548 3464 1609 3504 esse
1620 3450 1780 3520 inpendere

429 3528 457 3577 et
474 3524 654 3583 crassitudine
677 3530 809 3589 fontanas.
846 3532 884 3586 Et
901 3531 1007 3587 ridetur
1024 3531 1126 3601 aliquid
1144 3530 1225 3586 etiam
1252 3530 1399 3585 haesurum
1417 3528 1581 3599 parietibus,
1605 3529 1686 3599 quod
1705 3531 1782 3585 ratio

429 3617 491 3658 nem
508 3601 536 3656 in
554 3605 663 3661 minimo
681 3610 779 3665 turbet.
816 3611 870 3666 Est
893 3615 921 3664 et
943 3611 1035 3680 exigui
1053 3608 1191 3680 ponderle.
1229 3607 1290 3664 Etsi
1316 3607 1399 3675 igitar
1421 3605 1501 3661 laoils
1527 3604 1660 3674 parabilis
1692 3616 1737 3662 eat
1759 3620 1781 3659 et

428 3682 514 3737 aalma
532 3682 618 3755 obvia,
638 3680 746 3747 et'huio
764 3690 826 3745 usai
845 3689 1035 3759 aeeommoda,
1064 3690 1110 3744 ubi
1130 3688 1219 3756 liquor
1242 3687 1405 3755 requiritur:
1433 3685 1661 3742 considerandum
1694 3696 1780 3742 nmen

428 3761 563 3831 relinquo,
581 3775 736 3833 praestetne
755 3770 793 3825 uti
812 3785 879 3825 auro
898 3770 999 3840 optimo
1019 3778 1047 3825 et
1068 3768 1233 3839 purissimo?
1269 3768 1329 3825 Hoe
1355 3767 1427 3822 enim
1448 3765 1500 3821 etsi
1521 3763 1640 3820 subinde
1662 3766 1780 3835 amplias

429 3839 556 3911 depurari
574 3852 673 3913 potest,
692 3846 719 3900 id
737 3854 842 3915 tamen,
863 3847 936 3916 quod
955 3847 1071 3918 denique
1090 3846 1258 3917 detrahitur,
1286 3847 1320 3901 ob
1339 3847 1487 3902 exilitatem
1515 3852 1543 3900 et
1569 3858 1641 3914 pene
1666 3844 1779 3915 aequale

428 3918 489 3977 auri
505 3921 665 3992 argentique
682 3926 799 3995 pondua,
817 3925 949 3982 rationem
967 3927 1033 3982 nihil
1049 3927 1152 3984 turbat.
1180 3927 1238 3983 Neo
1257 3926 1322 3982 mihi
1334 3927 1394 3996 quia
1407 3925 1518 3996 objioiat
1529 3924 1683 3993 caritatem,
1702 3925 1780 3993 nugi

429 4009 532 4062 stratus
551 4001 621 4057 enim
640 4009 697 4072 est,
715 4005 763 4073 qui
778 4005 833 4060 ista
851 4002 998 4075 deliberat,
1026 4007 1070 4062 oui
1096 4005 1191 4074 iaeile,
1219 4006 1271 4063 100
1295 4006 1354 4060 auri
1377 4006 1468 4077 pondo
1494 4004 1624 4074 colligere
1647 4004 1686 4061 ad
1714 4006 1780 4060 hunt

428 4098 516 4139 usum.
551 4084 655 4139 Aurum
673 4082 745 4138 enim
771 4099 823 4139 neo
848 4084 902 4139 hoo
929 4101 982 4139 usu
999 4102 1049 4140 neo
1076 4085 1254 4155 depuratioue
1272 4085 1438 4155 deperditur.
1474 4085 1521 4141 Sin
1539 4090 1632 4141 autem
1651 4094 1779 4154 supeant

431 4159 616 4231 difficultates,
636 4160 821 4230 quaerendum
839 4177 856 4217 a
873 4162 1039 4234 metallariis,
1058 4180 1092 4219 an
1111 4164 1203 4234 aliqua
1219 4164 1248 4219 in
1265 4164 1376 4234 plumbo
1389 4171 1437 4219 aut
1453 4171 1566 4236 argento
1578 4163 1640 4217 vivo
1653 4163 1778 4234 ponderis

428 4242 584 4298 oonstantia
600 4246 734 4311 perpetua
750 4256 801 4310 per
817 4241 907 4296 omnia
924 4240 986 4298 loeo
1003 4250 1032 4299 et
1049 4244 1191 4314 tempora?
1226 4243 1264 4297 At
1279 4260 1336 4299 non
1353 4243 1392 4298 ita
1411 4243 1482 4313 eligo
1504 4240 1614 4298 metalla
1638 4241 1729 4313 dura,
1754 4248 1778 4297 et

430 4319 514 4389 plane
530 4322 652 4391 rejiciam
670 4321 824 4378 humorem:
849 4336 947 4376 censeo
966 4322 1052 4391 enim,
1076 4322 1134 4378 sine
1156 4321 1271 4378 humore
1288 4338 1339 4393 per
1355 4321 1467 4397 metalla
1483 4321 1552 4378 dora
1569 4320 1697 4391 operari,
1726 4335 1778 4377 ease

428 4413 486 4454 rem
504 4399 699 4456 difficillimam.
735 4399 884 4455 Humorem
908 4398 1023 4455 admitto
1048 4400 1077 4454 in
1099 4414 1147 4457 rae
1169 4402 1373 4471 reetangulum,
1400 4406 1431 4456 ut
1453 4398 1593 4455 metallum
1614 4398 1777 4459 hatum

429 4477 505 4548 injici
522 4479 624 4550 possit,
650 4478 736 4534 donee
761 4477 858 4533 humor
882 4478 917 4533 ad
942 4484 1046 4534 butam
1064 4484 1158 4550 surgat
1176 4479 1362 4550 altitudinem,
1386 4484 1505 4548 quantae
1522 4477 1715 4547 amplitudinis
1731 4496 1777 4536 ne

428 4556 525 4612 tellum
548 4555 671 4627 cupimus
698 4555 859 4627 ponderare.
906 4557 976 4614 Nam
1003 4558 1037 4614 de
1064 4573 1131 4615 auro
1157 4574 1242 4629 aquas
1269 4558 1396 4615 sorbente
1423 4556 1517 4613 dieunt
1542 4571 1607 4613 esse
1634 4558 1776 4630 captiosa·

429 4635 558 4692 fabulam.

1750 4700 1763 4736 t
