<?xml version="1.0" encoding="UTF-8"?>
<!DOCTYPE html PUBLIC "-//W3C//DTD XHTML 1.0 Transitional//EN"
    "http://www.w3.org/TR/xhtml1/DTD/xhtml1-transitional.dtd">
<html xmlns="http://www.w3.org/1999/xhtml" xml:lang="en" lang="en">
 <head>
  <title>
</title>
<meta http-equiv="Content-Type" content="text/html;charset=utf-8" />
  <meta name='ocr-system' content='tesseract 3.04.00' />
  <meta name='ocr-capabilities' content='ocr_page ocr_carea ocr_par ocr_line ocrx_word'/>
</head>
<body>
  <div class='ocr_page' id='page_1' title='image "./joanniskepleria29frisgoog_0111.png"; bbox 0 0 3792 5860; ppageno 0'>
   <div class='ocr_carea' id='block_1_1' title="bbox 401 441 1299 516">
    <p class='ocr_par' dir='ltr' id='par_1_1' title="bbox 401 441 1299 516">
     <span class='ocr_line' id='line_1_1' title="bbox 401 441 1299 516; baseline -0.001 -17"><span class='ocrx_word' id='word_1_1' title='bbox 401 449 442 509; x_wconf 80' lang='grc'><strong>96</strong></span> <span class='ocrx_word' id='word_1_2' title='bbox 842 446 884 501; x_wconf 90' lang='lat' dir='ltr'><strong>De</strong></span> <span class='ocrx_word' id='word_1_3' title='bbox 900 444 1060 516; x_wconf 76' lang='lat' dir='ltr'><strong>Flgurarum</strong></span> <span class='ocrx_word' id='word_1_4' title='bbox 1076 441 1299 500; x_wconf 85' lang='lat' dir='ltr'><strong>Harmonicarum</strong></span> 
     </span>
    </p>
   </div>
   <div class='ocr_carea' id='block_1_2' title="bbox 486 569 1743 689">
    <p class='ocr_par' dir='ltr' id='par_1_2' title="bbox 486 569 1743 689">
     <span class='ocr_line' id='line_1_2' title="bbox 486 569 1743 689; baseline 0 -17"><span class='ocrx_word' id='word_1_5' title='bbox 486 615 833 687; x_wconf 62' lang='lat' dir='ltr'><strong>consimactense,</strong></span> <span class='ocrx_word' id='word_1_6' title='bbox 852 617 900 688; x_wconf 69' lang='lat' dir='ltr'><strong>Q&#39;I&#39;</strong></span> <span class='ocrx_word' id='word_1_7' title='bbox 921 569 976 674; x_wconf 73' lang='lat' dir='ltr'><strong>ndu</strong></span> <span class='ocrx_word' id='word_1_8' title='bbox 997 619 1058 689; x_wconf 91' lang='lat' dir='ltr'><strong>ipsa</strong></span> <span class='ocrx_word' id='word_1_9' title='bbox 1082 621 1148 673; x_wconf 90' lang='lat' dir='ltr'><strong>sunt</strong></span> <span class='ocrx_word' id='word_1_10' title='bbox 1169 621 1277 673; x_wconf 80' lang='lat' dir='ltr'><strong>tautum</strong></span> <span class='ocrx_word' id='word_1_11' title='bbox 1300 616 1390 673; x_wconf 84' lang='lat' dir='ltr'><strong>misor</strong></span> <span class='ocrx_word' id='word_1_12' title='bbox 1413 614 1443 675; x_wconf 81' lang='lat' dir='ltr'><strong>et</strong></span> <span class='ocrx_word' id='word_1_13' title='bbox 1463 616 1586 688; x_wconf 74' lang='grc'><strong>1111111,</strong></span> <span class='ocrx_word' id='word_1_14' title='bbox 1611 615 1743 674; x_wconf 83' lang='lat' dir='ltr'><strong>sedeunt</strong></span> 
     </span>
    </p>
   </div>
   <div class='ocr_carea' id='block_1_3' title="bbox 386 694 1781 2946">
    <p class='ocr_par' dir='ltr' id='par_1_3' title="bbox 393 694 1781 1388">
     <span class='ocr_line' id='line_1_3' title="bbox 401 694 1781 768; baseline -0.001 -16"><span class='ocrx_word' id='word_1_15' title='bbox 401 696 483 752; x_wconf 88' lang='lat' dir='ltr'><strong>etiam</strong></span> <span class='ocrx_word' id='word_1_16' title='bbox 499 697 568 753; x_wconf 91' lang='lat' dir='ltr'><strong>tales</strong></span> <span class='ocrx_word' id='word_1_17' title='bbox 586 696 681 768; x_wconf 88' lang='lat' dir='ltr'><strong>lineae,</strong></span> <span class='ocrx_word' id='word_1_18' title='bbox 699 698 849 768; x_wconf 87' lang='lat' dir='ltr'><strong>exquibus</strong></span> <span class='ocrx_word' id='word_1_19' title='bbox 867 698 937 754; x_wconf 87' lang='lat' dir='ltr'><strong>alise</strong></span> <span class='ocrx_word' id='word_1_20' title='bbox 954 698 1023 754; x_wconf 88' lang='lat' dir='ltr'><strong>tales</strong></span> <span class='ocrx_word' id='word_1_21' title='bbox 1041 697 1111 752; x_wconf 85' lang='lat' dir='ltr'><strong>flunt</strong></span> <span class='ocrx_word' id='word_1_22' title='bbox 1128 694 1252 751; x_wconf 86' lang='lat' dir='ltr'><strong>addendo</strong></span> <span class='ocrx_word' id='word_1_23' title='bbox 1264 694 1307 750; x_wconf 88' lang='lat' dir='ltr'><strong>rel</strong></span> <span class='ocrx_word' id='word_1_24' title='bbox 1324 695 1516 753; x_wconf 86' lang='lat' dir='ltr'><strong>subtrahendo.</strong></span> <span class='ocrx_word' id='word_1_25' title='bbox 1533 697 1653 752; x_wconf 85' lang='lat' dir='ltr'><strong>Primum</strong></span> <span class='ocrx_word' id='word_1_26' title='bbox 1671 697 1743 751; x_wconf 86' lang='lat' dir='ltr'><strong>enim</strong></span> <span class='ocrx_word' id='word_1_27' title='bbox 1778 710 1781 715; x_wconf 84' lang='lat'><strong>·</strong></span> 
     </span>
     <span class='ocr_line' id='line_1_4' title="bbox 393 774 1744 857; baseline -0.001 -26"><span class='ocrx_word' id='word_1_28' title='bbox 393 782 466 857; x_wconf 52' lang='lat' dir='ltr'><strong>⁸sunt</strong></span> <span class='ocrx_word' id='word_1_29' title='bbox 483 776 554 832; x_wconf 91' lang='lat' dir='ltr'><strong>inter</strong></span> <span class='ocrx_word' id='word_1_30' title='bbox 571 792 601 833; x_wconf 91' lang='lat' dir='ltr'><strong>se</strong></span> <span class='ocrx_word' id='word_1_31' title='bbox 617 778 907 845; x_wconf 73' lang='lat' dir='ltr'><strong>incommensurabiles,</strong></span> <span class='ocrx_word' id='word_1_32' title='bbox 925 778 1044 836; x_wconf 88' lang='lat' dir='ltr'><strong>secundo</strong></span> <span class='ocrx_word' id='word_1_33' title='bbox 1062 775 1196 847; x_wconf 87' lang='lat' dir='ltr'><strong>quadrata</strong></span> <span class='ocrx_word' id='word_1_34' title='bbox 1210 774 1402 847; x_wconf 65' lang='lat' dir='ltr'><strong>ipsarumm,</strong></span> <span class='ocrx_word' id='word_1_35' title='bbox 1420 775 1464 844; x_wconf 65' lang='grc' dir='ltr'><strong>ΩΒ</strong></span> <span class='ocrx_word' id='word_1_36' title='bbox 1479 776 1576 846; x_wconf 86' lang='lat' dir='ltr'><strong>jnncta</strong></span> <span class='ocrx_word' id='word_1_37' title='bbox 1593 782 1744 847; x_wconf 70' lang='lat' dir='ltr'>aequantur</span> 
     </span>
     <span class='ocr_line' id='line_1_5' title="bbox 401 853 1743 929; baseline 0.001 -19"><span class='ocrx_word' id='word_1_38' title='bbox 401 855 533 924; x_wconf 80' lang='lat' dir='ltr'><strong>quadrato</strong></span> <span class='ocrx_word' id='word_1_39' title='bbox 552 856 653 917; x_wconf 81' lang='lat' dir='ltr'><strong>effabili</strong></span> <span class='ocrx_word' id='word_1_40' title='bbox 669 858 755 928; x_wconf 91' lang='lat' dir='ltr'><strong>ipsius</strong></span> <span class='ocrx_word' id='word_1_41' title='bbox 773 858 829 929; x_wconf 71' lang='grc' dir='ltr'><strong>ΤΒ,</strong></span> <span class='ocrx_word' id='word_1_42' title='bbox 848 860 929 915; x_wconf 86' lang='lat' dir='ltr'><strong>tertio</strong></span> <span class='ocrx_word' id='word_1_43' title='bbox 946 858 1135 929; x_wconf 87' lang='lat' dir='ltr'><strong>rectangulum</strong></span> <span class='ocrx_word' id='word_1_44' title='bbox 1152 858 1202 913; x_wconf 88' lang='lat' dir='ltr'><strong>sub</strong></span> <span class='ocrx_word' id='word_1_45' title='bbox 1222 855 1281 924; x_wconf 70' lang='lat' dir='ltr'><strong>Tg,</strong></span> <span class='ocrx_word' id='word_1_46' title='bbox 1301 853 1343 924; x_wconf 76' lang='lat' dir='ltr'><strong>Qs</strong></span> <span class='ocrx_word' id='word_1_47' title='bbox 1362 862 1405 911; x_wconf 90' lang='lat' dir='ltr'><strong>est</strong></span> <span class='ocrx_word' id='word_1_48' title='bbox 1421 870 1528 922; x_wconf 86' lang='lat' dir='ltr'><strong>meson,</strong></span> <span class='ocrx_word' id='word_1_49' title='bbox 1550 862 1593 911; x_wconf 88' lang='lat' dir='ltr'><strong>est</strong></span> <span class='ocrx_word' id='word_1_50' title='bbox 1610 856 1681 911; x_wconf 90' lang='lat' dir='ltr'><strong>enim</strong></span> <span class='ocrx_word' id='word_1_51' title='bbox 1699 869 1743 910; x_wconf 80' lang='lat' dir='ltr'><strong>ae</strong></span> 
     </span>
     <span class='ocr_line' id='line_1_6' title="bbox 401 931 1743 1008; baseline 0 -20"><span class='ocrx_word' id='word_1_52' title='bbox 401 933 481 1001; x_wconf 89' lang='lat' dir='ltr'><strong>quale</strong></span> <span class='ocrx_word' id='word_1_53' title='bbox 497 936 655 1006; x_wconf 88' lang='lat' dir='ltr'><strong>rectangulo</strong></span> <span class='ocrx_word' id='word_1_54' title='bbox 673 936 724 993; x_wconf 84' lang='lat' dir='ltr'><strong>sub</strong></span> <span class='ocrx_word' id='word_1_55' title='bbox 742 936 797 1007; x_wconf 71' lang='lat' dir='ltr'><strong>QM</strong></span> <span class='ocrx_word' id='word_1_56' title='bbox 815 938 967 994; x_wconf 89' lang='lat' dir='ltr'><strong>semilatere</strong></span> <span class='ocrx_word' id='word_1_57' title='bbox 984 936 1131 1008; x_wconf 90' lang='lat' dir='ltr'><strong>tetragoni,</strong></span> <span class='ocrx_word' id='word_1_58' title='bbox 1154 935 1213 991; x_wconf 87' lang='lat' dir='ltr'><strong>sola</strong></span> <span class='ocrx_word' id='word_1_59' title='bbox 1230 933 1352 1004; x_wconf 84' lang='lat' dir='ltr'><strong>potentia</strong></span> <span class='ocrx_word' id='word_1_60' title='bbox 1370 933 1484 1001; x_wconf 79' lang='lat' dir='ltr'><strong>effabili,</strong></span> <span class='ocrx_word' id='word_1_61' title='bbox 1504 939 1532 989; x_wconf 92' lang='lat' dir='ltr'><strong>et</strong></span> <span class='ocrx_word' id='word_1_62' title='bbox 1548 935 1599 991; x_wconf 84' lang='lat' dir='ltr'><strong>suh</strong></span> <span class='ocrx_word' id='word_1_63' title='bbox 1616 934 1660 989; x_wconf 73' lang='grc' dir='ltr'><strong>ΤΒ</strong></span> <span class='ocrx_word' id='word_1_64' title='bbox 1679 931 1743 989; x_wconf 80' lang='lat' dir='ltr'><strong>effa·</strong></span> 
     </span>
     <span class='ocr_line' id='line_1_7' title="bbox 401 1011 1744 1087; baseline 0.004 -22"><span class='ocrx_word' id='word_1_65' title='bbox 401 1011 449 1067; x_wconf 91' lang='lat' dir='ltr'><strong>hili</strong></span> <span class='ocrx_word' id='word_1_66' title='bbox 465 1013 644 1084; x_wconf 89' lang='lat' dir='ltr'><strong>longitudine:</strong></span> <span class='ocrx_word' id='word_1_67' title='bbox 663 1034 744 1087; x_wconf 93' lang='lat' dir='ltr'><strong>quam</strong></span> <span class='ocrx_word' id='word_1_68' title='bbox 762 1017 796 1072; x_wconf 91' lang='lat' dir='ltr'><strong>ob</strong></span> <span class='ocrx_word' id='word_1_69' title='bbox 815 1034 923 1075; x_wconf 87' lang='lat' dir='ltr'><strong>causam</strong></span> <span class='ocrx_word' id='word_1_70' title='bbox 941 1024 1005 1075; x_wconf 88' lang='lat' dir='ltr'><strong>sunt</strong></span> <span class='ocrx_word' id='word_1_71' title='bbox 1022 1018 1103 1073; x_wconf 90' lang='lat' dir='ltr'><strong>etiam</strong></span> <span class='ocrx_word' id='word_1_72' title='bbox 1124 1014 1222 1084; x_wconf 88' lang='lat' dir='ltr'><strong>juncta</strong></span> <span class='ocrx_word' id='word_1_73' title='bbox 1237 1012 1267 1068; x_wconf 92' lang='lat' dir='ltr'><strong>in</strong></span> <span class='ocrx_word' id='word_1_74' title='bbox 1284 1011 1370 1083; x_wconf 88' lang='lat' dir='ltr'><strong>gradu</strong></span> <span class='ocrx_word' id='word_1_75' title='bbox 1387 1014 1515 1068; x_wconf 78' lang='lat' dir='ltr'>scientiae</span> <span class='ocrx_word' id='word_1_76' title='bbox 1532 1019 1618 1068; x_wconf 86' lang='lat' dir='ltr'><strong>sexto.</strong></span> <span class='ocrx_word' id='word_1_77' title='bbox 1653 1014 1744 1083; x_wconf 75' lang='lat' dir='ltr'><strong>Quare</strong></span> 
     </span>
     <span class='ocr_line' id='line_1_8' title="bbox 401 1092 1743 1165; baseline 0.004 -19"><span class='ocrx_word' id='word_1_78' title='bbox 401 1107 450 1160; x_wconf 90' lang='lat' dir='ltr'><strong>per</strong></span> <span class='ocrx_word' id='word_1_79' title='bbox 467 1093 501 1149; x_wconf 78' lang='lat' dir='ltr'>X</span> <span class='ocrx_word' id='word_1_80' title='bbox 520 1095 554 1150; x_wconf 81' lang='lat'><strong>³9</strong></span> <span class='ocrx_word' id='word_1_81' title='bbox 572 1098 739 1164; x_wconf 88' lang='lat' dir='ltr'><strong>compositae</strong></span> <span class='ocrx_word' id='word_1_82' title='bbox 755 1096 784 1151; x_wconf 92' lang='lat' dir='ltr'><strong>in</strong></span> <span class='ocrx_word' id='word_1_83' title='bbox 801 1114 881 1153; x_wconf 91' lang='lat' dir='ltr'><strong>unam</strong></span> <span class='ocrx_word' id='word_1_84' title='bbox 899 1097 967 1165; x_wconf 78' lang='lat' dir='ltr'><strong>TQS</strong></span> <span class='ocrx_word' id='word_1_85' title='bbox 984 1095 1054 1153; x_wconf 88' lang='lat' dir='ltr'><strong>dunt</strong></span> <span class='ocrx_word' id='word_1_86' title='bbox 1079 1094 1179 1164; x_wconf 83' lang='lat' dir='ltr'><strong>mizon,</strong></span> <span class='ocrx_word' id='word_1_87' title='bbox 1204 1101 1231 1149; x_wconf 89' lang='lat' dir='ltr'><strong>et</strong></span> <span class='ocrx_word' id='word_1_88' title='bbox 1247 1107 1297 1162; x_wconf 90' lang='lat' dir='ltr'><strong>per</strong></span> <span class='ocrx_word' id='word_1_89' title='bbox 1313 1092 1347 1147; x_wconf 86' lang='lat' dir='ltr'><strong>X.</strong></span> <span class='ocrx_word' id='word_1_90' title='bbox 1366 1095 1400 1149; x_wconf 82' lang='lat' dir='ltr'><strong>&#39;lli</strong></span> <span class='ocrx_word' id='word_1_91' title='bbox 1418 1093 1480 1163; x_wconf 66' lang='grc' dir='ltr'><strong>ΤΟ,</strong></span> <span class='ocrx_word' id='word_1_92' title='bbox 1502 1093 1554 1148; x_wconf 91' lang='lat' dir='ltr'><strong>hoc</strong></span> <span class='ocrx_word' id='word_1_93' title='bbox 1571 1101 1614 1148; x_wconf 89' lang='lat' dir='ltr'><strong>est</strong></span> <span class='ocrx_word' id='word_1_94' title='bbox 1632 1094 1677 1164; x_wconf 77' lang='lat' dir='ltr'><strong>QZ</strong></span> <span class='ocrx_word' id='word_1_95' title='bbox 1696 1096 1743 1151; x_wconf 84' lang='lat' dir='ltr'><strong>ab·</strong></span> 
     </span>
     <span class='ocr_line' id='line_1_9' title="bbox 400 1168 1743 1244; baseline 0.004 -22"><span class='ocrx_word' id='word_1_96' title='bbox 400 1168 457 1224; x_wconf 84' lang='lat' dir='ltr'><strong>lats</strong></span> <span class='ocrx_word' id='word_1_97' title='bbox 478 1186 495 1225; x_wconf 91' lang='lat' dir='ltr'><strong>a</strong></span> <span class='ocrx_word' id='word_1_98' title='bbox 519 1171 575 1240; x_wconf 79' lang='lat' dir='ltr'><strong>QS,</strong></span> <span class='ocrx_word' id='word_1_99' title='bbox 602 1175 730 1244; x_wconf 86' lang='lat' dir='ltr'><strong>relinquit</strong></span> <span class='ocrx_word' id='word_1_100' title='bbox 751 1175 793 1230; x_wconf 72' lang='grc' dir='ltr'><strong>ΖΒ</strong></span> <span class='ocrx_word' id='word_1_101' title='bbox 817 1175 975 1231; x_wconf 88' lang='lat' dir='ltr'><strong>elassonem.</strong></span> <span class='ocrx_word' id='word_1_102' title='bbox 1010 1174 1106 1244; x_wconf 87' lang='lat' dir='ltr'><strong>Itaque</strong></span> <span class='ocrx_word' id='word_1_103' title='bbox 1130 1172 1190 1228; x_wconf 85' lang='lat' dir='ltr'><strong>fleri</strong></span> <span class='ocrx_word' id='word_1_104' title='bbox 1212 1179 1316 1241; x_wconf 87' lang='lat' dir='ltr'><strong>potest,</strong></span> <span class='ocrx_word' id='word_1_105' title='bbox 1340 1180 1371 1229; x_wconf 89' lang='lat' dir='ltr'><strong>ut</strong></span> <span class='ocrx_word' id='word_1_106' title='bbox 1388 1172 1496 1229; x_wconf 88' lang='lat' dir='ltr'><strong>elasson</strong></span> <span class='ocrx_word' id='word_1_107' title='bbox 1514 1180 1542 1229; x_wconf 89' lang='lat' dir='ltr'><strong>et</strong></span> <span class='ocrx_word' id='word_1_108' title='bbox 1559 1172 1646 1229; x_wconf 80' lang='lat' dir='ltr'><strong>mizon</strong></span> <span class='ocrx_word' id='word_1_109' title='bbox 1663 1171 1743 1228; x_wconf 88' lang='lat' dir='ltr'><strong>nnius</strong></span> 
     </span>
     <span class='ocr_line' id='line_1_10' title="bbox 401 1249 1743 1327; baseline 0.001 -22"><span class='ocrx_word' id='word_1_110' title='bbox 401 1250 480 1319; x_wconf 88' lang='lat' dir='ltr'><strong>bigae</strong></span> <span class='ocrx_word' id='word_1_111' title='bbox 497 1249 565 1306; x_wconf 86' lang='lat' dir='ltr'><strong>fiant</strong></span> <span class='ocrx_word' id='word_1_112' title='bbox 583 1251 716 1309; x_wconf 87' lang='lat' dir='ltr'><strong>elementa</strong></span> <span class='ocrx_word' id='word_1_113' title='bbox 733 1253 844 1310; x_wconf 92' lang='lat' dir='ltr'><strong>alterius</strong></span> <span class='ocrx_word' id='word_1_114' title='bbox 862 1255 953 1327; x_wconf 85' lang='lat' dir='ltr'><strong>bigae,</strong></span> <span class='ocrx_word' id='word_1_115' title='bbox 975 1261 1004 1310; x_wconf 90' lang='lat' dir='ltr'><strong>et</strong></span> <span class='ocrx_word' id='word_1_116' title='bbox 1025 1253 1145 1324; x_wconf 83' lang='lat' dir='ltr'><strong>elasaon,</strong></span> <span class='ocrx_word' id='word_1_117' title='bbox 1168 1251 1259 1308; x_wconf 89' lang='lat' dir='ltr'><strong>ablata</strong></span> <span class='ocrx_word' id='word_1_118' title='bbox 1282 1268 1300 1308; x_wconf 88' lang='lat' dir='ltr'><strong>a</strong></span> <span class='ocrx_word' id='word_1_119' title='bbox 1316 1251 1419 1308; x_wconf 82' lang='lat' dir='ltr'><strong>mirone</strong></span> <span class='ocrx_word' id='word_1_120' title='bbox 1436 1267 1498 1321; x_wconf 87' lang='lat' dir='ltr'><strong>sua,</strong></span> <span class='ocrx_word' id='word_1_121' title='bbox 1523 1251 1658 1323; x_wconf 84' lang='lat' dir='ltr'><strong>rohnquat</strong></span> <span class='ocrx_word' id='word_1_122' title='bbox 1674 1250 1743 1307; x_wconf 85' lang='lat' dir='ltr'><strong>elas·</strong></span> 
     </span>
     <span class='ocr_line' id='line_1_11' title="bbox 401 1329 605 1388; baseline -0.005 -2"><span class='ocrx_word' id='word_1_123' title='bbox 401 1345 469 1387; x_wconf 83' lang='lat' dir='ltr'><strong>noua</strong></span> <span class='ocrx_word' id='word_1_124' title='bbox 485 1329 605 1388; x_wconf 86' lang='lat' dir='ltr'><strong>alterius.</strong></span> 
     </span>
    </p>

    <p class='ocr_par' dir='ltr' id='par_1_4' title="bbox 386 1400 1745 1966">
     <span class='ocr_line' id='line_1_12' title="bbox 386 1400 1745 1483; baseline 0.001 -19"><span class='ocrx_word' id='word_1_125' title='bbox 386 1422 392 1441; x_wconf 77' lang='lat'><strong><em>⁴</em></strong></span> <span class='ocrx_word' id='word_1_126' title='bbox 488 1400 568 1479; x_wconf 75' lang='lat' dir='ltr'><strong>Quod</strong></span> <span class='ocrx_word' id='word_1_127' title='bbox 590 1426 680 1466; x_wconf 90' lang='lat' dir='ltr'><strong>aream</strong></span> <span class='ocrx_word' id='word_1_128' title='bbox 704 1410 829 1483; x_wconf 90' lang='lat' dir='ltr'><strong>octogoni</strong></span> <span class='ocrx_word' id='word_1_129' title='bbox 854 1411 965 1480; x_wconf 90' lang='lat' dir='ltr'><strong>attinet,</strong></span> <span class='ocrx_word' id='word_1_130' title='bbox 986 1411 1034 1470; x_wconf 89' lang='lat' dir='ltr'><strong>illa</strong></span> <span class='ocrx_word' id='word_1_131' title='bbox 1057 1418 1166 1470; x_wconf 88' lang='lat' dir='ltr'><strong>constat</strong></span> <span class='ocrx_word' id='word_1_132' title='bbox 1187 1425 1223 1466; x_wconf 88' lang='lat' dir='ltr'><strong>ex</strong></span> <span class='ocrx_word' id='word_1_133' title='bbox 1240 1422 1301 1474; x_wconf 88' lang='lat' dir='ltr'><strong>ceto</strong></span> <span class='ocrx_word' id='word_1_134' title='bbox 1325 1410 1424 1468; x_wconf 86' lang='lat' dir='ltr'><strong>talibus</strong></span> <span class='ocrx_word' id='word_1_135' title='bbox 1442 1412 1567 1483; x_wconf 84' lang='lat' dir='ltr'><strong>trigonis,</strong></span> <span class='ocrx_word' id='word_1_136' title='bbox 1597 1408 1685 1481; x_wconf 79' lang='lat' dir='ltr'><strong>qualIs</strong></span> <span class='ocrx_word' id='word_1_137' title='bbox 1702 1419 1745 1469; x_wconf 88' lang='lat' dir='ltr'><strong>est</strong></span> 
     </span>
     <span class='ocr_line' id='line_1_13' title="bbox 401 1486 1743 1568; baseline 0.001 -26"><span class='ocrx_word' id='word_1_138' title='bbox 401 1486 482 1556; x_wconf 76' lang='lat' dir='ltr'><strong>LQT.</strong></span> <span class='ocrx_word' id='word_1_139' title='bbox 519 1487 573 1544; x_wconf 81' lang='lat' dir='ltr'><strong>Sed</strong></span> <span class='ocrx_word' id='word_1_140' title='bbox 595 1496 703 1544; x_wconf 90' lang='lat' dir='ltr'><strong>constat</strong></span> <span class='ocrx_word' id='word_1_141' title='bbox 723 1490 910 1560; x_wconf 74' lang='lat' dir='ltr'><strong>rectiangulum</strong></span> <span class='ocrx_word' id='word_1_142' title='bbox 928 1493 1020 1562; x_wconf 76' lang='lat' dir='ltr'><strong>QTRS</strong></span> <span class='ocrx_word' id='word_1_143' title='bbox 1044 1509 1079 1550; x_wconf 87' lang='lat' dir='ltr'><strong>ex</strong></span> <span class='ocrx_word' id='word_1_144' title='bbox 1102 1493 1201 1551; x_wconf 89' lang='lat' dir='ltr'><strong>tahbus</strong></span> <span class='ocrx_word' id='word_1_145' title='bbox 1219 1502 1348 1568; x_wconf 84' lang='lat' dir='ltr'><strong>quatuor,</strong></span> <span class='ocrx_word' id='word_1_146' title='bbox 1370 1500 1493 1564; x_wconf 85' lang='lat' dir='ltr'><strong>astorgo</strong></span> <span class='ocrx_word' id='word_1_147' title='bbox 1517 1490 1636 1548; x_wconf 88' lang='lat' dir='ltr'><strong>semissis</strong></span> <span class='ocrx_word' id='word_1_148' title='bbox 1654 1500 1743 1554; x_wconf 85' lang='lat' dir='ltr'><strong>areae,</strong></span> 
     </span>
     <span class='ocr_line' id='line_1_14' title="bbox 401 1569 1744 1648; baseline -0.001 -26"><span class='ocrx_word' id='word_1_149' title='bbox 401 1575 430 1623; x_wconf 87' lang='lat' dir='ltr'><strong>et</strong></span> <span class='ocrx_word' id='word_1_150' title='bbox 447 1576 489 1624; x_wconf 94' lang='lat' dir='ltr'><strong>est</strong></span> <span class='ocrx_word' id='word_1_151' title='bbox 506 1583 612 1639; x_wconf 89' lang='lat' dir='ltr'><strong>meson,</strong></span> <span class='ocrx_word' id='word_1_152' title='bbox 631 1576 663 1627; x_wconf 91' lang='lat' dir='ltr'><strong>ut</strong></span> <span class='ocrx_word' id='word_1_153' title='bbox 680 1569 761 1639; x_wconf 88' lang='lat' dir='ltr'><strong>paulo</strong></span> <span class='ocrx_word' id='word_1_154' title='bbox 779 1579 860 1626; x_wconf 89' lang='lat' dir='ltr'><strong>antea</strong></span> <span class='ocrx_word' id='word_1_155' title='bbox 876 1572 1034 1645; x_wconf 66' lang='lat' dir='ltr'><strong>probatum</strong></span> <span class='ocrx_word' id='word_1_156' title='bbox 1061 1590 1125 1643; x_wconf 86' lang='lat' dir='ltr'><strong>ergo</strong></span> <span class='ocrx_word' id='word_1_157' title='bbox 1143 1578 1224 1634; x_wconf 89' lang='lat' dir='ltr'><strong>etism</strong></span> <span class='ocrx_word' id='word_1_158' title='bbox 1242 1575 1352 1648; x_wconf 89' lang='lat' dir='ltr'><strong>duplum</strong></span> <span class='ocrx_word' id='word_1_159' title='bbox 1371 1574 1440 1645; x_wconf 88' lang='lat' dir='ltr'><strong>ejus,</strong></span> <span class='ocrx_word' id='word_1_160' title='bbox 1468 1573 1572 1629; x_wconf 90' lang='lat' dir='ltr'><strong>scilicet</strong></span> <span class='ocrx_word' id='word_1_161' title='bbox 1589 1583 1653 1625; x_wconf 83' lang='lat' dir='ltr'><strong>area</strong></span> <span class='ocrx_word' id='word_1_162' title='bbox 1669 1573 1744 1623; x_wconf 83' lang='lat' dir='ltr'><strong>octo·</strong></span> 
     </span>
     <span class='ocr_line' id='line_1_15' title="bbox 401 1644 1743 1723; baseline -0.002 -22"><span class='ocrx_word' id='word_1_163' title='bbox 401 1647 477 1715; x_wconf 87' lang='lat' dir='ltr'><strong>goni,</strong></span> <span class='ocrx_word' id='word_1_164' title='bbox 503 1661 597 1702; x_wconf 88' lang='lat' dir='ltr'><strong>meson</strong></span> <span class='ocrx_word' id='word_1_165' title='bbox 620 1652 675 1716; x_wconf 91' lang='lat' dir='ltr'><strong>est,</strong></span> <span class='ocrx_word' id='word_1_166' title='bbox 701 1663 751 1718; x_wconf 92' lang='lat' dir='ltr'><strong>per</strong></span> <span class='ocrx_word' id='word_1_167' title='bbox 774 1651 893 1718; x_wconf 89' lang='lat' dir='ltr'><strong>porisma</strong></span> <span class='ocrx_word' id='word_1_168' title='bbox 913 1668 991 1723; x_wconf 85' lang='lat' dir='ltr'><strong>prop.</strong></span> <span class='ocrx_word' id='word_1_169' title='bbox 1010 1653 1089 1711; x_wconf 86' lang='lat' dir='ltr'><strong>Eucl.</strong></span> <span class='ocrx_word' id='word_1_170' title='bbox 1108 1655 1143 1712; x_wconf 90' lang='lat' dir='ltr'><strong>X.</strong></span> <span class='ocrx_word' id='word_1_171' title='bbox 1161 1657 1205 1714; x_wconf 84' lang='grc'><strong>21.</strong></span> <span class='ocrx_word' id='word_1_172' title='bbox 1240 1658 1312 1713; x_wconf 86' lang='lat' dir='ltr'><strong>Hinc</strong></span> <span class='ocrx_word' id='word_1_173' title='bbox 1331 1654 1437 1711; x_wconf 81' lang='lat' dir='ltr'><strong>Clarius</strong></span> <span class='ocrx_word' id='word_1_174' title='bbox 1456 1652 1548 1708; x_wconf 83' lang='lat' dir='ltr'><strong>Geom.</strong></span> <span class='ocrx_word' id='word_1_175' title='bbox 1568 1651 1655 1705; x_wconf 88' lang='lat' dir='ltr'><strong>Pract</strong></span> <span class='ocrx_word' id='word_1_176' title='bbox 1673 1644 1743 1699; x_wconf 89' lang='lat' dir='ltr'><strong>lihro</strong></span> 
     </span>
     <span class='ocr_line' id='line_1_16' title="bbox 401 1727 1743 1809; baseline -0.013 -13"><span class='ocrx_word' id='word_1_177' title='bbox 401 1727 475 1784; x_wconf 84' lang='lat' dir='ltr'><strong>Vffl·</strong></span> <span class='ocrx_word' id='word_1_178' title='bbox 511 1728 591 1797; x_wconf 75' lang='grc' dir='ltr'><strong>Ρ1111·</strong></span> <span class='ocrx_word' id='word_1_179' title='bbox 606 1728 636 1783; x_wconf 83' lang='grc'><strong>31</strong></span> <span class='ocrx_word' id='word_1_180' title='bbox 658 1727 831 1796; x_wconf 58' lang='grc'><strong>(1111011111,</strong></span> <span class='ocrx_word' id='word_1_181' title='bbox 849 1746 939 1785; x_wconf 88' lang='lat' dir='ltr'><strong>aream</strong></span> <span class='ocrx_word' id='word_1_182' title='bbox 957 1731 1016 1801; x_wconf 85' lang='lat' dir='ltr'><strong>ejus</strong></span> <span class='ocrx_word' id='word_1_183' title='bbox 1034 1750 1094 1791; x_wconf 88' lang='lat' dir='ltr'><strong>esse</strong></span> <span class='ocrx_word' id='word_1_184' title='bbox 1112 1736 1228 1793; x_wconf 88' lang='lat' dir='ltr'><strong>medium</strong></span> <span class='ocrx_word' id='word_1_185' title='bbox 1244 1733 1446 1809; x_wconf 83' lang='lat' dir='ltr'><strong>proportIonale</strong></span> <span class='ocrx_word' id='word_1_186' title='bbox 1464 1732 1535 1786; x_wconf 89' lang='lat' dir='ltr'><strong>inter</strong></span> <span class='ocrx_word' id='word_1_187' title='bbox 1551 1743 1642 1786; x_wconf 89' lang='lat' dir='ltr'><strong>aream</strong></span> <span class='ocrx_word' id='word_1_188' title='bbox 1659 1730 1743 1779; x_wconf 86' lang='lat' dir='ltr'><strong>tetra·</strong></span> 
     </span>
     <span class='ocr_line' id='line_1_17' title="bbox 401 1806 1743 1885; baseline 0 -25"><span class='ocrx_word' id='word_1_189' title='bbox 401 1807 466 1877; x_wconf 81' lang='lat' dir='ltr'><strong>goni</strong></span> <span class='ocrx_word' id='word_1_190' title='bbox 483 1806 604 1878; x_wconf 89' lang='lat' dir='ltr'><strong>inscripti</strong></span> <span class='ocrx_word' id='word_1_191' title='bbox 621 1816 650 1863; x_wconf 85' lang='lat' dir='ltr'><strong>et</strong></span> <span class='ocrx_word' id='word_1_192' title='bbox 667 1823 758 1863; x_wconf 90' lang='lat' dir='ltr'><strong>aream</strong></span> <span class='ocrx_word' id='word_1_193' title='bbox 776 1809 971 1881; x_wconf 88' lang='lat' dir='ltr'><strong>circumscripti</strong></span> <span class='ocrx_word' id='word_1_194' title='bbox 988 1815 1130 1884; x_wconf 86' lang='lat' dir='ltr'><strong>tetragoni,</strong></span> <span class='ocrx_word' id='word_1_195' title='bbox 1157 1832 1227 1885; x_wconf 84' lang='lat' dir='ltr'><strong>quas</strong></span> <span class='ocrx_word' id='word_1_196' title='bbox 1245 1815 1359 1872; x_wconf 88' lang='lat' dir='ltr'><strong>suntad</strong></span> <span class='ocrx_word' id='word_1_197' title='bbox 1376 1815 1490 1870; x_wconf 81' lang='lat' dir='ltr'><strong>invicem</strong></span> <span class='ocrx_word' id='word_1_198' title='bbox 1507 1811 1563 1868; x_wconf 87' lang='lat' dir='ltr'><strong>uti</strong></span> <span class='ocrx_word' id='word_1_199' title='bbox 1582 1806 1654 1877; x_wconf 66' lang='lat' dir='ltr'><strong>adi,</strong></span> <span class='ocrx_word' id='word_1_200' title='bbox 1672 1817 1743 1875; x_wconf 81' lang='lat' dir='ltr'><strong>quae</strong></span> 
     </span>
     <span class='ocr_line' id='line_1_18' title="bbox 401 1886 1370 1966; baseline 0.01 -25"><span class='ocrx_word' id='word_1_201' title='bbox 401 1886 588 1942; x_wconf 77' lang='lat' dir='ltr'><strong>determinatio</strong></span> <span class='ocrx_word' id='word_1_202' title='bbox 607 1887 765 1956; x_wconf 90' lang='lat' dir='ltr'><strong>quantitatis</strong></span> <span class='ocrx_word' id='word_1_203' title='bbox 783 1896 874 1944; x_wconf 89' lang='lat' dir='ltr'><strong>certae</strong></span> <span class='ocrx_word' id='word_1_204' title='bbox 891 1890 973 1947; x_wconf 82' lang='lat' dir='ltr'><strong>infert</strong></span> <span class='ocrx_word' id='word_1_205' title='bbox 990 1893 1104 1949; x_wconf 88' lang='lat' dir='ltr'><strong>eandem</strong></span> <span class='ocrx_word' id='word_1_206' title='bbox 1121 1895 1279 1966; x_wconf 73' lang='lat' dir='ltr'><strong>qualitatem</strong></span> <span class='ocrx_word' id='word_1_207' title='bbox 1296 1893 1370 1951; x_wconf 86' lang='lat' dir='ltr'><strong>mesi.</strong></span> 
     </span>
    </p>

    <p class='ocr_par' dir='ltr' id='par_1_5' title="bbox 401 1960 1744 2305">
     <span class='ocr_line' id='line_1_19' title="bbox 487 1960 1742 2049; baseline -0.002 -28"><span class='ocrx_word' id='word_1_208' title='bbox 487 1961 655 2022; x_wconf 85' lang='lat' dir='ltr'>XXXVII.</span> <span class='ocrx_word' id='word_1_209' title='bbox 694 1961 930 2041; x_wconf 92' lang='lat' dir='ltr'><strong>Propositio.</strong></span> <span class='ocrx_word' id='word_1_210' title='bbox 981 1967 1249 2049; x_wconf 79' lang='lat' dir='ltr'><strong>Hekkaedecagoni</strong></span> <span class='ocrx_word' id='word_1_211' title='bbox 1288 1973 1365 2033; x_wconf 89' lang='lat' dir='ltr'><strong>latus</strong></span> <span class='ocrx_word' id='word_1_212' title='bbox 1402 1967 1493 2027; x_wconf 83' lang='lat' dir='ltr'><strong>habet</strong></span> <span class='ocrx_word' id='word_1_213' title='bbox 1533 1960 1742 2041; x_wconf 87' lang='lat' dir='ltr'><strong>geometricam</strong></span> 
     </span>
     <span class='ocr_line' id='line_1_20' title="bbox 403 2048 1742 2140; baseline -0.001 -33"><span class='ocrx_word' id='word_1_214' title='bbox 403 2048 627 2127; x_wconf 76' lang='lat' dir='ltr'><strong>descriptionem</strong></span> <span class='ocrx_word' id='word_1_215' title='bbox 650 2068 686 2112; x_wconf 85' lang='lat' dir='ltr'><strong>cx</strong></span> <span class='ocrx_word' id='word_1_216' title='bbox 708 2053 835 2129; x_wconf 75' lang='lat' dir='ltr'><strong>angulis,</strong></span> <span class='ocrx_word' id='word_1_217' title='bbox 857 2054 910 2115; x_wconf 90' lang='lat' dir='ltr'><strong>sed</strong></span> <span class='ocrx_word' id='word_1_218' title='bbox 934 2054 1034 2116; x_wconf 90' lang='lat' dir='ltr'><strong>lateris</strong></span> <span class='ocrx_word' id='word_1_219' title='bbox 1056 2060 1179 2131; x_wconf 76' lang='lat' dir='ltr'><strong>scientia</strong></span> <span class='ocrx_word' id='word_1_220' title='bbox 1199 2059 1316 2140; x_wconf 86' lang='lat' dir='ltr'><strong>longius</strong></span> <span class='ocrx_word' id='word_1_221' title='bbox 1332 2063 1473 2134; x_wconf 81' lang='lat' dir='ltr'><strong>evagatur</strong></span> <span class='ocrx_word' id='word_1_222' title='bbox 1488 2055 1518 2111; x_wconf 86' lang='lat' dir='ltr'><strong>iu</strong></span> <span class='ocrx_word' id='word_1_223' title='bbox 1533 2049 1641 2129; x_wconf 79' lang='lat' dir='ltr'><strong>gradun</strong></span> <span class='ocrx_word' id='word_1_224' title='bbox 1656 2049 1742 2125; x_wconf 88' lang='lat' dir='ltr'><strong>igno·</strong></span> 
     </span>
     <span class='ocr_line' id='line_1_21' title="bbox 401 2133 1744 2225; baseline -0.001 -28"><span class='ocrx_word' id='word_1_225' title='bbox 401 2135 519 2197; x_wconf 89' lang='lat' dir='ltr'><strong>biliores</strong></span> <span class='ocrx_word' id='word_1_226' title='bbox 543 2138 677 2198; x_wconf 88' lang='lat' dir='ltr'><strong>omnihus</strong></span> <span class='ocrx_word' id='word_1_227' title='bbox 698 2141 881 2217; x_wconf 87' lang='lat' dir='ltr'><strong>praemissis,</strong></span> <span class='ocrx_word' id='word_1_228' title='bbox 910 2143 1060 2222; x_wconf 87' lang='lat' dir='ltr'><strong>multoque</strong></span> <span class='ocrx_word' id='word_1_229' title='bbox 1083 2150 1177 2225; x_wconf 87' lang='lat' dir='ltr'><strong>magis</strong></span> <span class='ocrx_word' id='word_1_230' title='bbox 1199 2147 1263 2225; x_wconf 81' lang='lat' dir='ltr'><strong>sJ’us</strong></span> <span class='ocrx_word' id='word_1_231' title='bbox 1284 2145 1436 2210; x_wconf 89' lang='lat' dir='ltr'><strong>stellarum</strong></span> <span class='ocrx_word' id='word_1_232' title='bbox 1457 2142 1564 2215; x_wconf 85' lang='lat' dir='ltr'><strong>latera,</strong></span> <span class='ocrx_word' id='word_1_233' title='bbox 1595 2154 1650 2198; x_wconf 88' lang='lat' dir='ltr'><strong>seu</strong></span> <span class='ocrx_word' id='word_1_234' title='bbox 1670 2133 1744 2211; x_wconf 84' lang='lat' dir='ltr'><strong>suh·</strong></span> 
     </span>
     <span class='ocr_line' id='line_1_22' title="bbox 403 2227 1110 2305; baseline 0.013 -22"><span class='ocrx_word' id='word_1_235' title='bbox 403 2230 503 2284; x_wconf 88' lang='lat' dir='ltr'><strong>tonsae</strong></span> <span class='ocrx_word' id='word_1_236' title='bbox 527 2227 628 2302; x_wconf 89' lang='lat' dir='ltr'><strong>trihus,</strong></span> <span class='ocrx_word' id='word_1_237' title='bbox 653 2228 790 2304; x_wconf 90' lang='lat' dir='ltr'><strong>quinque,</strong></span> <span class='ocrx_word' id='word_1_238' title='bbox 813 2237 926 2305; x_wconf 89' lang='lat' dir='ltr'><strong>septem</strong></span> <span class='ocrx_word' id='word_1_239' title='bbox 949 2231 1110 2294; x_wconf 85' lang='lat' dir='ltr'><strong>sedecimis.</strong></span> 
     </span>
    </p>

    <p class='ocr_par' dir='ltr' id='par_1_6' title="bbox 403 2301 1744 2466">
     <span class='ocr_line' id='line_1_23' title="bbox 487 2301 1744 2389; baseline -0.003 -26"><span class='ocrx_word' id='word_1_240' title='bbox 487 2307 557 2376; x_wconf 77' lang='lat' dir='ltr'><strong>Quia</strong></span> <span class='ocrx_word' id='word_1_241' title='bbox 574 2308 615 2363; x_wconf 88' lang='lat' dir='ltr'><strong>bis</strong></span> <span class='ocrx_word' id='word_1_242' title='bbox 634 2316 695 2365; x_wconf 85' lang='lat' dir='ltr'><strong>octo</strong></span> <span class='ocrx_word' id='word_1_243' title='bbox 713 2317 777 2366; x_wconf 89' lang='lat' dir='ltr'><strong>sunt</strong></span> <span class='ocrx_word' id='word_1_244' title='bbox 794 2310 926 2382; x_wconf 89' lang='lat' dir='ltr'><strong>sedecim,</strong></span> <span class='ocrx_word' id='word_1_245' title='bbox 950 2312 1010 2368; x_wconf 88' lang='lat' dir='ltr'><strong>ideo</strong></span> <span class='ocrx_word' id='word_1_246' title='bbox 1027 2331 1077 2385; x_wconf 89' lang='lat' dir='ltr'><strong>per</strong></span> <span class='ocrx_word' id='word_1_247' title='bbox 1093 2315 1164 2372; x_wconf 91' lang='lat' dir='ltr'><strong>latus</strong></span> <span class='ocrx_word' id='word_1_248' title='bbox 1183 2318 1309 2389; x_wconf 90' lang='lat' dir='ltr'><strong>octogoni</strong></span> <span class='ocrx_word' id='word_1_249' title='bbox 1331 2315 1418 2386; x_wconf 84' lang='lat' dir='ltr'><strong>figura</strong></span> <span class='ocrx_word' id='word_1_250' title='bbox 1435 2312 1503 2368; x_wconf 88' lang='lat' dir='ltr'><strong>haec</strong></span> <span class='ocrx_word' id='word_1_251' title='bbox 1520 2324 1554 2365; x_wconf 93' lang='lat' dir='ltr'><strong>ex</strong></span> <span class='ocrx_word' id='word_1_252' title='bbox 1570 2304 1665 2364; x_wconf 89' lang='lat' dir='ltr'><strong>iisdem</strong></span> <span class='ocrx_word' id='word_1_253' title='bbox 1682 2301 1744 2360; x_wconf 80' lang='lat' dir='ltr'><strong>tun·</strong></span> 
     </span>
     <span class='ocr_line' id='line_1_24' title="bbox 403 2385 1417 2466; baseline 0.01 -25"><span class='ocrx_word' id='word_1_254' title='bbox 403 2385 534 2441; x_wconf 87' lang='lat' dir='ltr'><strong>dumentis</strong></span> <span class='ocrx_word' id='word_1_255' title='bbox 553 2385 720 2458; x_wconf 74' lang='lat' dir='ltr'><strong>describitur,</strong></span> <span class='ocrx_word' id='word_1_256' title='bbox 740 2387 838 2456; x_wconf 90' lang='lat' dir='ltr'><strong>quihus</strong></span> <span class='ocrx_word' id='word_1_257' title='bbox 856 2396 937 2446; x_wconf 90' lang='lat' dir='ltr'><strong>antea</strong></span> <span class='ocrx_word' id='word_1_258' title='bbox 954 2400 1102 2465; x_wconf 87' lang='lat' dir='ltr'><strong>octogonus</strong></span> <span class='ocrx_word' id='word_1_259' title='bbox 1120 2411 1170 2466; x_wconf 93' lang='lat' dir='ltr'><strong>per</strong></span> <span class='ocrx_word' id='word_1_260' title='bbox 1186 2395 1258 2453; x_wconf 90' lang='lat' dir='ltr'><strong>latus</strong></span> <span class='ocrx_word' id='word_1_261' title='bbox 1276 2396 1417 2466; x_wconf 85' lang='lat' dir='ltr'><strong>tetragoni</strong></span> 
     </span>
    </p>

    <p class='ocr_par' dir='ltr' id='par_1_7' title="bbox 401 2463 1745 2946">
     <span class='ocr_line' id='line_1_25' title="bbox 487 2463 1742 2547; baseline 0.013 -30"><span class='ocrx_word' id='word_1_262' title='bbox 487 2463 556 2518; x_wconf 85' lang='lat' dir='ltr'><strong>Esto</strong></span> <span class='ocrx_word' id='word_1_263' title='bbox 574 2463 620 2531; x_wconf 73' lang='lat' dir='ltr'><strong>do</strong></span> <span class='ocrx_word' id='word_1_264' title='bbox 643 2467 703 2528; x_wconf 70' lang='lat' dir='ltr'><strong>(Illa.</strong></span> <span class='ocrx_word' id='word_1_265' title='bbox 722 2466 764 2527; x_wconf 82' lang='lat'><strong>10)</strong></span> <span class='ocrx_word' id='word_1_266' title='bbox 780 2465 852 2523; x_wconf 90' lang='lat' dir='ltr'><strong>latus</strong></span> <span class='ocrx_word' id='word_1_267' title='bbox 869 2483 924 2525; x_wconf 92' lang='lat' dir='ltr'><strong>nou</strong></span> <span class='ocrx_word' id='word_1_268' title='bbox 938 2470 996 2539; x_wconf 69' lang='lat' dir='ltr'><strong>,iam</strong></span> <span class='ocrx_word' id='word_1_269' title='bbox 1012 2475 1154 2546; x_wconf 87' lang='lat' dir='ltr'><strong>tetragoni,</strong></span> <span class='ocrx_word' id='word_1_270' title='bbox 1173 2475 1227 2543; x_wconf 58' lang='lat' dir='ltr'><strong>red,</strong></span> <span class='ocrx_word' id='word_1_271' title='bbox 1240 2476 1381 2547; x_wconf 90' lang='lat' dir='ltr'><strong>octogoni,</strong></span> <span class='ocrx_word' id='word_1_272' title='bbox 1400 2479 1428 2532; x_wconf 91' lang='lat' dir='ltr'><strong>et</strong></span> <span class='ocrx_word' id='word_1_273' title='bbox 1445 2472 1501 2543; x_wconf 62' lang='grc' dir='ltr'><strong>ΩΤ,</strong></span> <span class='ocrx_word' id='word_1_274' title='bbox 1519 2468 1566 2535; x_wconf 80' lang='grc' dir='ltr'><strong>ΤΟ</strong></span> <span class='ocrx_word' id='word_1_275' title='bbox 1582 2465 1742 2533; x_wconf 66' lang='grc'><strong>1111111111</strong></span> 
     </span>
     <span class='ocr_line' id='line_1_26' title="bbox 402 2541 1744 2629; baseline 0.012 -33"><span class='ocrx_word' id='word_1_276' title='bbox 402 2541 582 2612; x_wconf 85' lang='lat' dir='ltr'><strong>sedecanguli,</strong></span> <span class='ocrx_word' id='word_1_277' title='bbox 601 2548 629 2599; x_wconf 94' lang='lat' dir='ltr'><strong>et</strong></span> <span class='ocrx_word' id='word_1_278' title='bbox 638 2543 684 2613; x_wconf 72' lang='lat' dir='ltr'><strong>Q?</strong></span> <span class='ocrx_word' id='word_1_279' title='bbox 692 2543 765 2600; x_wconf 91' lang='lat' dir='ltr'><strong>latus</strong></span> <span class='ocrx_word' id='word_1_280' title='bbox 783 2547 877 2605; x_wconf 88' lang='lat' dir='ltr'><strong>stellae</strong></span> <span class='ocrx_word' id='word_1_281' title='bbox 895 2552 1054 2621; x_wconf 86' lang='lat' dir='ltr'><strong>octangulae</strong></span> <span class='ocrx_word' id='word_1_282' title='bbox 1072 2563 1145 2611; x_wconf 86' lang='lat' dir='ltr'><strong>esto:</strong></span> <span class='ocrx_word' id='word_1_283' title='bbox 1163 2555 1192 2611; x_wconf 92' lang='lat' dir='ltr'><strong>id</strong></span> <span class='ocrx_word' id='word_1_284' title='bbox 1210 2556 1263 2615; x_wconf 79' lang='lat' dir='ltr'><strong>fuit</strong></span> <span class='ocrx_word' id='word_1_285' title='bbox 1278 2559 1353 2629; x_wconf 88' lang='lat' dir='ltr'><strong>prius</strong></span> <span class='ocrx_word' id='word_1_286' title='bbox 1371 2556 1467 2623; x_wconf 88' lang='lat' dir='ltr'><strong>mizon,</strong></span> <span class='ocrx_word' id='word_1_287' title='bbox 1486 2565 1549 2619; x_wconf 90' lang='lat' dir='ltr'><strong>ergo</strong></span> <span class='ocrx_word' id='word_1_288' title='bbox 1567 2554 1596 2605; x_wconf 86' lang='lat' dir='ltr'><strong>et</strong></span> <span class='ocrx_word' id='word_1_289' title='bbox 1612 2546 1666 2603; x_wconf 78' lang='lat' dir='ltr'><strong>nm</strong></span> <span class='ocrx_word' id='word_1_290' title='bbox 1685 2543 1744 2612; x_wconf 74' lang='grc'><strong>11111</strong></span> 
     </span>
     <span class='ocr_line' id='line_1_27' title="bbox 403 2621 1745 2699; baseline 0.002 -16"><span class='ocrx_word' id='word_1_291' title='bbox 403 2621 512 2678; x_wconf 83' lang='lat' dir='ltr'><strong>dimidia</strong></span> <span class='ocrx_word' id='word_1_292' title='bbox 524 2629 582 2678; x_wconf 85' lang='lat' dir='ltr'><strong>erat</strong></span> <span class='ocrx_word' id='word_1_293' title='bbox 592 2623 688 2678; x_wconf 84' lang='lat' dir='ltr'><strong>mizon</strong></span> <span class='ocrx_word' id='word_1_294' title='bbox 707 2624 796 2694; x_wconf 80' lang='lat' dir='ltr'><strong>Quare</strong></span> <span class='ocrx_word' id='word_1_295' title='bbox 806 2630 995 2699; x_wconf 79' lang='lat' dir='ltr'><strong>rectmgulum</strong></span> <span class='ocrx_word' id='word_1_296' title='bbox 1006 2634 1057 2689; x_wconf 84' lang='lat' dir='ltr'><strong>sub</strong></span> <span class='ocrx_word' id='word_1_297' title='bbox 1070 2634 1113 2690; x_wconf 79' lang='lat' dir='ltr'><strong>ST</strong></span> <span class='ocrx_word' id='word_1_298' title='bbox 1131 2634 1233 2692; x_wconf 77' lang='lat' dir='ltr'><strong>effabili</strong></span> <span class='ocrx_word' id='word_1_299' title='bbox 1250 2641 1278 2692; x_wconf 88' lang='lat' dir='ltr'><strong>et</strong></span> <span class='ocrx_word' id='word_1_300' title='bbox 1293 2637 1348 2693; x_wconf 64' lang='grc' dir='ltr'><strong>ΒΜ</strong></span> <span class='ocrx_word' id='word_1_301' title='bbox 1364 2635 1467 2689; x_wconf 74' lang='lat' dir='ltr'><strong>umore</strong></span> <span class='ocrx_word' id='word_1_302' title='bbox 1489 2636 1532 2686; x_wconf 86' lang='lat' dir='ltr'><strong>est</strong></span> <span class='ocrx_word' id='word_1_303' title='bbox 1548 2625 1648 2697; x_wconf 79' lang='lat' dir='ltr'><strong>speciei</strong></span> <span class='ocrx_word' id='word_1_304' title='bbox 1664 2623 1745 2693; x_wconf 74' lang='lat' dir='ltr'><strong>cline</strong></span> 
     </span>
     <span class='ocr_line' id='line_1_28' title="bbox 402 2701 1744 2786; baseline 0 -30"><span class='ocrx_word' id='word_1_305' title='bbox 402 2717 500 2773; x_wconf 86' lang='lat' dir='ltr'><strong>norae,</strong></span> <span class='ocrx_word' id='word_1_306' title='bbox 519 2702 596 2771; x_wconf 87' lang='lat' dir='ltr'><strong>eujus</strong></span> <span class='ocrx_word' id='word_1_307' title='bbox 612 2703 683 2759; x_wconf 89' lang='lat' dir='ltr'><strong>iuter</strong></span> <span class='ocrx_word' id='word_1_308' title='bbox 701 2706 800 2774; x_wconf 87' lang='lat' dir='ltr'><strong>gradus</strong></span> <span class='ocrx_word' id='word_1_309' title='bbox 818 2710 942 2778; x_wconf 89' lang='lat' dir='ltr'><strong>superins</strong></span> <span class='ocrx_word' id='word_1_310' title='bbox 960 2711 1126 2782; x_wconf 83' lang='lat' dir='ltr'><strong>explicatos,</strong></span> <span class='ocrx_word' id='word_1_311' title='bbox 1152 2720 1183 2771; x_wconf 89' lang='lat' dir='ltr'><strong>ut</strong></span> <span class='ocrx_word' id='word_1_312' title='bbox 1200 2714 1362 2786; x_wconf 87' lang='lat' dir='ltr'><strong>nobiliores,</strong></span> <span class='ocrx_word' id='word_1_313' title='bbox 1385 2711 1460 2768; x_wconf 90' lang='lat' dir='ltr'><strong>nulla</strong></span> <span class='ocrx_word' id='word_1_314' title='bbox 1483 2708 1515 2765; x_wconf 84' lang='lat' dir='ltr'><strong>it</strong></span> <span class='ocrx_word' id='word_1_315' title='bbox 1531 2706 1641 2763; x_wconf 75' lang='lat' dir='ltr'><strong>mendo.</strong></span> <span class='ocrx_word' id='word_1_316' title='bbox 1664 2701 1744 2757; x_wconf 78' lang='lat' dir='ltr'><strong>&#39;Tale</strong></span> 
     </span>
     <span class='ocr_line' id='line_1_29' title="bbox 402 2781 1743 2863; baseline 0.002 -28"><span class='ocrx_word' id='word_1_317' title='bbox 402 2795 465 2837; x_wconf 84' lang='lat' dir='ltr'><strong>reru</strong></span> <span class='ocrx_word' id='word_1_318' title='bbox 483 2798 583 2837; x_wconf 86' lang='lat' dir='ltr'><strong>nurum</strong></span> <span class='ocrx_word' id='word_1_319' title='bbox 600 2781 721 2837; x_wconf 76' lang='lat' dir='ltr'><strong>statum</strong></span> <span class='ocrx_word' id='word_1_320' title='bbox 738 2787 772 2841; x_wconf 92' lang='lat' dir='ltr'><strong>ab</strong></span> <span class='ocrx_word' id='word_1_321' title='bbox 790 2801 832 2857; x_wconf 90' lang='lat' dir='ltr'><strong>eo,</strong></span> <span class='ocrx_word' id='word_1_322' title='bbox 851 2788 923 2858; x_wconf 88' lang='lat' dir='ltr'><strong>quod</strong></span> <span class='ocrx_word' id='word_1_323' title='bbox 941 2790 991 2846; x_wconf 86' lang='lat' dir='ltr'><strong>suh</strong></span> <span class='ocrx_word' id='word_1_324' title='bbox 1009 2790 1065 2863; x_wconf 87' lang='lat' dir='ltr'><strong>LT,</strong></span> <span class='ocrx_word' id='word_1_325' title='bbox 1084 2791 1136 2862; x_wconf 73' lang='grc' dir='ltr'><strong>ΤΒ,</strong></span> <span class='ocrx_word' id='word_1_326' title='bbox 1154 2790 1309 2851; x_wconf 76' lang='lat' dir='ltr'><strong>effabilibus</strong></span> <span class='ocrx_word' id='word_1_327' title='bbox 1327 2790 1504 2863; x_wconf 89' lang='lat' dir='ltr'><strong>longitudine,</strong></span> <span class='ocrx_word' id='word_1_328' title='bbox 1522 2785 1684 2855; x_wconf 87' lang='lat' dir='ltr'><strong>continetur,</strong></span> <span class='ocrx_word' id='word_1_329' title='bbox 1701 2796 1743 2838; x_wconf 89' lang='lat' dir='ltr'><strong>re·</strong></span> 
     </span>
     <span class='ocr_line' id='line_1_30' title="bbox 401 2858 1745 2946; baseline 0.003 -31"><span class='ocrx_word' id='word_1_330' title='bbox 401 2858 499 2929; x_wconf 88' lang='lat' dir='ltr'><strong>linquit</strong></span> <span class='ocrx_word' id='word_1_331' title='bbox 514 2860 613 2915; x_wconf 83' lang='lat' dir='ltr'><strong>iterum</strong></span> <span class='ocrx_word' id='word_1_332' title='bbox 629 2862 800 2919; x_wconf 88' lang='lat' dir='ltr'><strong>remotiorem</strong></span> <span class='ocrx_word' id='word_1_333' title='bbox 817 2865 935 2936; x_wconf 89' lang='lat' dir='ltr'><strong>aliquam</strong></span> <span class='ocrx_word' id='word_1_334' title='bbox 949 2871 1075 2943; x_wconf 83' lang='lat' dir='ltr'><strong>speciem,</strong></span> <span class='ocrx_word' id='word_1_335' title='bbox 1093 2873 1280 2946; x_wconf 71' lang='lat' dir='ltr'><strong>rectiangulum</strong></span> <span class='ocrx_word' id='word_1_336' title='bbox 1298 2872 1401 2930; x_wconf 86' lang='lat' dir='ltr'><strong>scilicet</strong></span> <span class='ocrx_word' id='word_1_337' title='bbox 1418 2869 1468 2926; x_wconf 91' lang='lat' dir='ltr'><strong>suh</strong></span> <span class='ocrx_word' id='word_1_338' title='bbox 1478 2866 1543 2938; x_wconf 85' lang='lat' dir='ltr'><strong>MT,</strong></span> <span class='ocrx_word' id='word_1_339' title='bbox 1562 2864 1614 2933; x_wconf 76' lang='lat' dir='ltr'><strong>Te,</strong></span> <span class='ocrx_word' id='word_1_340' title='bbox 1632 2861 1745 2935; x_wconf 84' lang='lat' dir='ltr'><strong>aequale</strong></span> 
     </span>
    </p>
   </div>
   <div class='ocr_carea' id='block_1_4' title="bbox 403 2938 1744 3096">
    <p class='ocr_par' dir='ltr' id='par_1_8' title="bbox 403 2938 1744 3096">
     <span class='ocr_line' id='line_1_31' title="bbox 403 2938 1744 3023; baseline 0.014 -29"><span class='ocrx_word' id='word_1_341' title='bbox 403 2940 535 3008; x_wconf 83' lang='lat' dir='ltr'><strong>quadrato</strong></span> <span class='ocrx_word' id='word_1_342' title='bbox 553 2938 613 3009; x_wconf 79' lang='lat' dir='ltr'><strong>ru,</strong></span> <span class='ocrx_word' id='word_1_343' title='bbox 637 2939 730 2997; x_wconf 66' lang='lat' dir='ltr'><strong>aaut</strong></span> <span class='ocrx_word' id='word_1_344' title='bbox 748 2942 995 3017; x_wconf 59' lang='lat' dir='ltr'><strong>remuneramur.</strong></span> <span class='ocrx_word' id='word_1_345' title='bbox 1031 2951 1119 3011; x_wconf 76' lang='lat' dir='ltr'><strong>unio</strong></span> <span class='ocrx_word' id='word_1_346' title='bbox 1141 2953 1226 3023; x_wconf 70' lang='lat' dir='ltr'><strong>magn</strong></span> <span class='ocrx_word' id='word_1_347' title='bbox 1243 2955 1272 3012; x_wconf 80' lang='lat' dir='ltr'><strong>ru</strong></span> <span class='ocrx_word' id='word_1_348' title='bbox 1289 2969 1382 3011; x_wconf 73' lang='lat' dir='ltr'><strong>verum</strong></span> <span class='ocrx_word' id='word_1_349' title='bbox 1407 2950 1442 3007; x_wconf 79' lang='lat' dir='ltr'><strong>ue</strong></span> <span class='ocrx_word' id='word_1_350' title='bbox 1467 2944 1643 3018; x_wconf 72' lang='grc'><strong>1111111111</strong></span> <span class='ocrx_word' id='word_1_351' title='bbox 1660 2942 1744 3012; x_wconf 70' lang='lat' dir='ltr'><strong>huus</strong></span> 
     </span>
     <span class='ocr_line' id='line_1_32' title="bbox 403 3018 1003 3096; baseline 0.018 -23"><span class='ocrx_word' id='word_1_352' title='bbox 403 3018 514 3075; x_wconf 87' lang='lat' dir='ltr'><strong>classis:</strong></span> <span class='ocrx_word' id='word_1_353' title='bbox 535 3025 566 3074; x_wconf 90' lang='lat' dir='ltr'><strong>ut</strong></span> <span class='ocrx_word' id='word_1_354' title='bbox 584 3020 625 3090; x_wconf 83' lang='lat'><strong>32,</strong></span> <span class='ocrx_word' id='word_1_355' title='bbox 645 3020 687 3089; x_wconf 86' lang='grc'><strong>61,</strong></span> <span class='ocrx_word' id='word_1_356' title='bbox 707 3021 757 3078; x_wconf 83' lang='grc'><strong>128</strong></span> <span class='ocrx_word' id='word_1_357' title='bbox 774 3025 933 3096; x_wconf 89' lang='lat' dir='ltr'><strong>angulorum</strong></span> <span class='ocrx_word' id='word_1_358' title='bbox 953 3034 1003 3083; x_wconf 93' lang='lat' dir='ltr'><strong>etc.</strong></span> 
     </span>
    </p>
   </div>
   <div class='ocr_carea' id='block_1_5' title="bbox 400 3094 1747 3538">
    <p class='ocr_par' dir='ltr' id='par_1_9' title="bbox 400 3094 1747 3538">
     <span class='ocr_line' id='line_1_33' title="bbox 489 3094 1743 3178; baseline 0.009 -25"><span class='ocrx_word' id='word_1_359' title='bbox 489 3094 563 3154; x_wconf 85' lang='lat' dir='ltr'><strong>Cum</strong></span> <span class='ocrx_word' id='word_1_360' title='bbox 584 3097 628 3155; x_wconf 91' lang='lat' dir='ltr'><strong>sic</strong></span> <span class='ocrx_word' id='word_1_361' title='bbox 649 3096 758 3157; x_wconf 87' lang='lat' dir='ltr'><strong>haheat</strong></span> <span class='ocrx_word' id='word_1_362' title='bbox 779 3117 845 3161; x_wconf 90' lang='lat' dir='ltr'><strong>cum</strong></span> <span class='ocrx_word' id='word_1_363' title='bbox 866 3103 957 3164; x_wconf 90' lang='lat' dir='ltr'><strong>latere</strong></span> <span class='ocrx_word' id='word_1_364' title='bbox 984 3122 1042 3166; x_wconf 90' lang='lat' dir='ltr'><strong>uno</strong></span> <span class='ocrx_word' id='word_1_365' title='bbox 1065 3123 1118 3167; x_wconf 86' lang='lat' dir='ltr'><strong>seu</strong></span> <span class='ocrx_word' id='word_1_366' title='bbox 1139 3110 1279 3170; x_wconf 88' lang='lat' dir='ltr'><strong>subteusa</strong></span> <span class='ocrx_word' id='word_1_367' title='bbox 1300 3109 1352 3170; x_wconf 86' lang='lat' dir='ltr'><strong>uni</strong></span> <span class='ocrx_word' id='word_1_368' title='bbox 1374 3107 1552 3177; x_wconf 87' lang='lat' dir='ltr'><strong>sedecimse,</strong></span> <span class='ocrx_word' id='word_1_369' title='bbox 1580 3102 1644 3178; x_wconf 85' lang='lat' dir='ltr'><strong>jam</strong></span> <span class='ocrx_word' id='word_1_370' title='bbox 1665 3097 1743 3157; x_wconf 76' lang='lat' dir='ltr'><strong>illini</strong></span> 
     </span>
     <span class='ocr_line' id='line_1_34' title="bbox 400 3182 1747 3274; baseline 0.004 -32"><span class='ocrx_word' id='word_1_371' title='bbox 400 3183 533 3258; x_wconf 87' lang='lat' dir='ltr'><strong>potentia</strong></span> <span class='ocrx_word' id='word_1_372' title='bbox 555 3182 655 3243; x_wconf 89' lang='lat' dir='ltr'><strong>ablata</strong></span> <span class='ocrx_word' id='word_1_373' title='bbox 676 3202 695 3245; x_wconf 87' lang='lat' dir='ltr'><strong>a</strong></span> <span class='ocrx_word' id='word_1_374' title='bbox 715 3192 848 3264; x_wconf 89' lang='lat' dir='ltr'><strong>potentia</strong></span> <span class='ocrx_word' id='word_1_375' title='bbox 871 3190 1013 3269; x_wconf 89' lang='lat' dir='ltr'><strong>diametri,</strong></span> <span class='ocrx_word' id='word_1_376' title='bbox 1037 3195 1174 3272; x_wconf 85' lang='lat' dir='ltr'><strong>relinquit</strong></span> <span class='ocrx_word' id='word_1_377' title='bbox 1194 3198 1364 3258; x_wconf 86' lang='lat' dir='ltr'><strong>subtensam</strong></span> <span class='ocrx_word' id='word_1_378' title='bbox 1385 3202 1496 3274; x_wconf 83' lang='lat' dir='ltr'><strong>septem</strong></span> <span class='ocrx_word' id='word_1_379' title='bbox 1514 3189 1675 3262; x_wconf 88' lang='lat' dir='ltr'><strong>sedecimis,</strong></span> <span class='ocrx_word' id='word_1_380' title='bbox 1699 3191 1747 3247; x_wconf 88' lang='lat' dir='ltr'><strong>est</strong></span> 
     </span>
     <span class='ocr_line' id='line_1_35' title="bbox 402 3269 1745 3349; baseline 0.005 -23"><span class='ocrx_word' id='word_1_381' title='bbox 402 3272 491 3346; x_wconf 83' lang='lat' dir='ltr'><strong>igitur</strong></span> <span class='ocrx_word' id='word_1_382' title='bbox 512 3269 564 3329; x_wconf 90' lang='lat' dir='ltr'><strong>illa</strong></span> <span class='ocrx_word' id='word_1_383' title='bbox 585 3269 693 3349; x_wconf 87' lang='lat' dir='ltr'><strong>gradus</strong></span> <span class='ocrx_word' id='word_1_384' title='bbox 715 3279 887 3341; x_wconf 84' lang='lat' dir='ltr'><strong>remotioris.</strong></span> <span class='ocrx_word' id='word_1_385' title='bbox 930 3279 1003 3341; x_wconf 80' lang='lat' dir='ltr'><strong>&#39;I&#39;res</strong></span> <span class='ocrx_word' id='word_1_386' title='bbox 1025 3300 1094 3344; x_wconf 85' lang='lat' dir='ltr'><strong>vero</strong></span> <span class='ocrx_word' id='word_1_387' title='bbox 1116 3283 1279 3347; x_wconf 89' lang='lat' dir='ltr'><strong>sedecimae</strong></span> <span class='ocrx_word' id='word_1_388' title='bbox 1302 3287 1470 3346; x_wconf 89' lang='lat' dir='ltr'><strong>subtensam</strong></span> <span class='ocrx_word' id='word_1_389' title='bbox 1495 3279 1605 3340; x_wconf 89' lang='lat' dir='ltr'><strong>hahent</strong></span> <span class='ocrx_word' id='word_1_390' title='bbox 1626 3275 1745 3336; x_wconf 83' lang='lat' dir='ltr'><strong>deriva-</strong></span> 
     </span>
     <span class='ocr_line' id='line_1_36' title="bbox 403 3358 1744 3452; baseline 0.006 -36"><span class='ocrx_word' id='word_1_391' title='bbox 403 3365 464 3416; x_wconf 91' lang='lat' dir='ltr'><strong>tam</strong></span> <span class='ocrx_word' id='word_1_392' title='bbox 485 3373 504 3416; x_wconf 93' lang='lat' dir='ltr'><strong>a</strong></span> <span class='ocrx_word' id='word_1_393' title='bbox 525 3358 667 3419; x_wconf 88' lang='lat' dir='ltr'><strong>subtensa</strong></span> <span class='ocrx_word' id='word_1_394' title='bbox 688 3362 780 3423; x_wconf 88' lang='lat' dir='ltr'><strong>trihus</strong></span> <span class='ocrx_word' id='word_1_395' title='bbox 803 3367 915 3426; x_wconf 81' lang='lat' dir='ltr'><strong>octavis</strong></span> <span class='ocrx_word' id='word_1_396' title='bbox 936 3386 989 3445; x_wconf 90' lang='lat' dir='ltr'><strong>per</strong></span> <span class='ocrx_word' id='word_1_397' title='bbox 1010 3371 1214 3433; x_wconf 86' lang='lat' dir='ltr'><strong>bisoctionem:</strong></span> <span class='ocrx_word' id='word_1_398' title='bbox 1237 3381 1306 3434; x_wconf 90' lang='lat' dir='ltr'><strong>sunt</strong></span> <span class='ocrx_word' id='word_1_399' title='bbox 1319 3376 1408 3452; x_wconf 86' lang='lat' dir='ltr'><strong>igitur</strong></span> <span class='ocrx_word' id='word_1_400' title='bbox 1428 3374 1459 3430; x_wconf 90' lang='lat' dir='ltr'><strong>iu</strong></span> <span class='ocrx_word' id='word_1_401' title='bbox 1476 3366 1622 3431; x_wconf 89' lang='lat' dir='ltr'><strong>remotiori</strong></span> <span class='ocrx_word' id='word_1_402' title='bbox 1642 3361 1744 3440; x_wconf 69' lang='lat' dir='ltr'><strong>gratim</strong></span> 
     </span>
     <span class='ocr_line' id='line_1_37' title="bbox 404 3444 1746 3538; baseline 0.004 -33"><span class='ocrx_word' id='word_1_403' title='bbox 404 3462 493 3522; x_wconf 89' lang='lat' dir='ltr'><strong>quam</strong></span> <span class='ocrx_word' id='word_1_404' title='bbox 514 3444 574 3506; x_wconf 85' lang='lat' dir='ltr'><strong>illa.</strong></span> <span class='ocrx_word' id='word_1_405' title='bbox 618 3446 657 3505; x_wconf 84' lang='lat' dir='ltr'><strong>Et</strong></span> <span class='ocrx_word' id='word_1_406' title='bbox 677 3454 810 3526; x_wconf 86' lang='lat' dir='ltr'><strong>potentia</strong></span> <span class='ocrx_word' id='word_1_407' title='bbox 831 3453 989 3518; x_wconf 89' lang='lat' dir='ltr'><strong>subteusae</strong></span> <span class='ocrx_word' id='word_1_408' title='bbox 1012 3460 1105 3520; x_wconf 87' lang='lat' dir='ltr'><strong>trihus</strong></span> <span class='ocrx_word' id='word_1_409' title='bbox 1127 3461 1280 3522; x_wconf 88' lang='lat' dir='ltr'><strong>sedeolmis</strong></span> <span class='ocrx_word' id='word_1_410' title='bbox 1302 3463 1401 3523; x_wconf 90' lang='lat' dir='ltr'><strong>ablata</strong></span> <span class='ocrx_word' id='word_1_411' title='bbox 1422 3457 1587 3538; x_wconf 88' lang='lat' dir='ltr'><strong>apotentia</strong></span> <span class='ocrx_word' id='word_1_412' title='bbox 1602 3451 1746 3526; x_wconf 86' lang='lat' dir='ltr'><strong>diametri,</strong></span> 
     </span>
    </p>
   </div>
   <div class='ocr_carea' id='block_1_6' title="bbox 402 3533 1746 3697">
    <p class='ocr_par' dir='ltr' id='par_1_10' title="bbox 402 3533 1746 3697">
     <span class='ocr_line' id='line_1_38' title="bbox 402 3533 1746 3680; baseline 0.01 -90"><span class='ocrx_word' id='word_1_413' title='bbox 402 3533 540 3680; x_wconf 58' lang='lat' dir='ltr'><strong>religquit</strong></span> <span class='ocrx_word' id='word_1_414' title='bbox 561 3538 723 3680; x_wconf 54' lang='lat' dir='ltr'><strong>pogontiam</strong></span> <span class='ocrx_word' id='word_1_415' title='bbox 743 3541 900 3603; x_wconf 88' lang='lat' dir='ltr'><strong>subtensae</strong></span> <span class='ocrx_word' id='word_1_416' title='bbox 923 3548 1051 3623; x_wconf 87' lang='lat' dir='ltr'><strong>quinque</strong></span> <span class='ocrx_word' id='word_1_417' title='bbox 1073 3547 1236 3611; x_wconf 89' lang='lat' dir='ltr'><strong>sedeolmis.</strong></span> <span class='ocrx_word' id='word_1_418' title='bbox 1281 3549 1335 3610; x_wconf 82' lang='lat' dir='ltr'><strong>list</strong></span> <span class='ocrx_word' id='word_1_419' title='bbox 1355 3550 1443 3626; x_wconf 88' lang='lat' dir='ltr'><strong>igitur</strong></span> <span class='ocrx_word' id='word_1_420' title='bbox 1468 3547 1541 3607; x_wconf 89' lang='lat' dir='ltr'><strong>haec</strong></span> <span class='ocrx_word' id='word_1_421' title='bbox 1561 3557 1674 3604; x_wconf 77' lang='grc'><strong>11111111</strong></span> <span class='ocrx_word' id='word_1_422' title='bbox 1696 3555 1746 3600; x_wconf 84' lang='lat' dir='ltr'><strong>re-</strong></span> 
     </span>
     <span class='ocr_line' id='line_1_39' title="bbox 404 3638 643 3697; baseline 0.013 -17"><span class='ocrx_word' id='word_1_423' title='bbox 404 3639 452 3683; x_wconf 92' lang='lat' dir='ltr'><strong>mo</strong></span> <span class='ocrx_word' id='word_1_424' title='bbox 477 3638 520 3681; x_wconf 89' lang='lat' dir='ltr'><strong>orr</strong></span> <span class='ocrx_word' id='word_1_425' title='bbox 541 3638 594 3697; x_wconf 89' lang='lat' dir='ltr'><strong>gra</strong></span> <span class='ocrx_word' id='word_1_426' title='bbox 614 3640 643 3683; x_wconf 84' lang='lat' dir='ltr'><strong>u.</strong></span> 
     </span>
    </p>
   </div>
   <div class='ocr_carea' id='block_1_7' title="bbox 405 3707 1748 3890">
    <p class='ocr_par' dir='ltr' id='par_1_11' title="bbox 405 3707 1748 3890">
     <span class='ocr_line' id='line_1_40' title="bbox 485 3707 1747 3803; baseline 0.002 -33"><span class='ocrx_word' id='word_1_427' title='bbox 485 3707 675 3773; x_wconf 83' lang='lat' dir='ltr'>XXXVIII.</span> <span class='ocrx_word' id='word_1_428' title='bbox 698 3713 927 3793; x_wconf 89' lang='lat' dir='ltr'><strong>Propositio.</strong></span> <span class='ocrx_word' id='word_1_429' title='bbox 963 3722 1085 3801; x_wconf 82' lang='lat' dir='ltr'><strong>Trigoni</strong></span> <span class='ocrx_word' id='word_1_430' title='bbox 1103 3730 1134 3785; x_wconf 89' lang='lat' dir='ltr'><strong>et</strong></span> <span class='ocrx_word' id='word_1_431' title='bbox 1145 3724 1291 3803; x_wconf 83' lang='lat' dir='ltr'><strong>hexagoni</strong></span> <span class='ocrx_word' id='word_1_432' title='bbox 1304 3724 1396 3786; x_wconf 90' lang='lat' dir='ltr'><strong>latera</strong></span> <span class='ocrx_word' id='word_1_433' title='bbox 1410 3720 1616 3802; x_wconf 87' lang='lat' dir='ltr'><strong>geometricam</strong></span> <span class='ocrx_word' id='word_1_434' title='bbox 1635 3715 1747 3777; x_wconf 81' lang='lat' dir='ltr'><strong>habant</strong></span> 
     </span>
     <span class='ocr_line' id='line_1_41' title="bbox 405 3797 1748 3890; baseline 0.003 -34"><span class='ocrx_word' id='word_1_435' title='bbox 405 3797 628 3875; x_wconf 77' lang='lat' dir='ltr'><strong>descriptionem</strong></span> <span class='ocrx_word' id='word_1_436' title='bbox 650 3817 686 3861; x_wconf 91' lang='lat' dir='ltr'><strong>ex</strong></span> <span class='ocrx_word' id='word_1_437' title='bbox 707 3804 822 3881; x_wconf 88' lang='lat' dir='ltr'><strong>angulis</strong></span> <span class='ocrx_word' id='word_1_438' title='bbox 842 3805 1008 3886; x_wconf 84' lang='lat' dir='ltr'><strong>figurarum,</strong></span> <span class='ocrx_word' id='word_1_439' title='bbox 1032 3817 1062 3870; x_wconf 92' lang='lat' dir='ltr'><strong>et</strong></span> <span class='ocrx_word' id='word_1_440' title='bbox 1082 3814 1112 3871; x_wconf 92' lang='lat' dir='ltr'><strong>in</strong></span> <span class='ocrx_word' id='word_1_441' title='bbox 1126 3812 1264 3874; x_wconf 88' lang='lat' dir='ltr'><strong>clrculum</strong></span> <span class='ocrx_word' id='word_1_442' title='bbox 1277 3815 1424 3890; x_wconf 88' lang='lat' dir='ltr'><strong>inscripta,</strong></span> <span class='ocrx_word' id='word_1_443' title='bbox 1447 3817 1515 3872; x_wconf 90' lang='lat' dir='ltr'><strong>sunt</strong></span> <span class='ocrx_word' id='word_1_444' title='bbox 1529 3804 1651 3881; x_wconf 79' lang='grc'><strong>1111111111,</strong></span> <span class='ocrx_word' id='word_1_445' title='bbox 1673 3799 1748 3862; x_wconf 93' lang='lat' dir='ltr'><strong>illud</strong></span> 
     </span>
    </p>
   </div>
   <div class='ocr_carea' id='block_1_8' title="bbox 404 3886 1746 4059">
    <p class='ocr_par' dir='ltr' id='par_1_12' title="bbox 404 3886 1746 4059">
     <span class='ocr_line' id='line_1_42' title="bbox 404 3886 1746 3979; baseline 0.011 -35"><span class='ocrx_word' id='word_1_446' title='bbox 404 3888 506 3966; x_wconf 88' lang='lat' dir='ltr'><strong>tertio,</strong></span> <span class='ocrx_word' id='word_1_447' title='bbox 534 3886 590 3948; x_wconf 93' lang='lat' dir='ltr'><strong>hoc</strong></span> <span class='ocrx_word' id='word_1_448' title='bbox 611 3889 738 3951; x_wconf 88' lang='lat' dir='ltr'><strong>secundo</strong></span> <span class='ocrx_word' id='word_1_449' title='bbox 761 3893 868 3972; x_wconf 82' lang='lat' dir='ltr'><strong>gradu3</strong></span> <span class='ocrx_word' id='word_1_450' title='bbox 897 3897 988 3976; x_wconf 91' lang='lat' dir='ltr'><strong>plana</strong></span> <span class='ocrx_word' id='word_1_451' title='bbox 1008 3914 1080 3958; x_wconf 85' lang='lat' dir='ltr'><strong>raro</strong></span> <span class='ocrx_word' id='word_1_452' title='bbox 1102 3917 1155 3962; x_wconf 91' lang='lat' dir='ltr'><strong>seu</strong></span> <span class='ocrx_word' id='word_1_453' title='bbox 1177 3918 1262 3962; x_wconf 87' lang='lat' dir='ltr'><strong>areae</strong></span> <span class='ocrx_word' id='word_1_454' title='bbox 1283 3900 1439 3979; x_wconf 88' lang='lat' dir='ltr'><strong>figurarum</strong></span> <span class='ocrx_word' id='word_1_455' title='bbox 1461 3904 1529 3961; x_wconf 94' lang='lat' dir='ltr'><strong>sunt</strong></span> <span class='ocrx_word' id='word_1_456' title='bbox 1549 3911 1644 3970; x_wconf 88' lang='lat' dir='ltr'><strong>mesa,</strong></span> <span class='ocrx_word' id='word_1_457' title='bbox 1673 3906 1746 3970; x_wconf 80' lang='lat' dir='ltr'><strong>pro·</strong></span> 
     </span>
     <span class='ocr_line' id='line_1_43' title="bbox 404 3976 831 4059; baseline 0.019 -26"><span class='ocrx_word' id='word_1_458' title='bbox 404 3976 544 4050; x_wconf 87' lang='lat' dir='ltr'><strong>portlonis</strong></span> <span class='ocrx_word' id='word_1_459' title='bbox 566 3977 640 4036; x_wconf 87' lang='lat' dir='ltr'><strong>inter</strong></span> <span class='ocrx_word' id='word_1_460' title='bbox 661 3994 693 4039; x_wconf 89' lang='lat' dir='ltr'><strong>se</strong></span> <span class='ocrx_word' id='word_1_461' title='bbox 716 3978 831 4059; x_wconf 85' lang='lat' dir='ltr'><strong>duplae.</strong></span> 
     </span>
    </p>
   </div>
   <div class='ocr_carea' id='block_1_9' title="bbox 563 4021 1746 4147">
    <p class='ocr_par' dir='ltr' id='par_1_13' title="bbox 563 4021 1746 4147">
     <span class='ocr_line' id='line_1_44' title="bbox 563 4021 1746 4147; baseline -0.02 -7"><span class='ocrx_word' id='word_1_462' title='bbox 563 4094 612 4147; x_wconf 72' lang='grc' dir='ltr'><strong>Τις.</strong></span> <span class='ocrx_word' id='word_1_463' title='bbox 626 4094 659 4138; x_wconf 86' lang='grc'><strong>11.</strong></span> <span class='ocrx_word' id='word_1_464' title='bbox 904 4067 1014 4137; x_wconf 74' lang='lat' dir='ltr'><strong>Trigoni</strong></span> <span class='ocrx_word' id='word_1_465' title='bbox 1032 4069 1197 4127; x_wconf 89' lang='lat' dir='ltr'><strong>constructio</strong></span> <span class='ocrx_word' id='word_1_466' title='bbox 1215 4021 1293 4127; x_wconf 74' lang='lat' dir='ltr'><strong>extra</strong></span> <span class='ocrx_word' id='word_1_467' title='bbox 1310 4069 1438 4128; x_wconf 81' lang='lat' dir='ltr'><strong>chculum</strong></span> <span class='ocrx_word' id='word_1_468' title='bbox 1455 4073 1499 4125; x_wconf 88' lang='lat' dir='ltr'><strong>est</strong></span> <span class='ocrx_word' id='word_1_469' title='bbox 1515 4062 1641 4123; x_wconf 82' lang='lat' dir='ltr'><strong>facillima</strong></span> <span class='ocrx_word' id='word_1_470' title='bbox 1656 4055 1746 4133; x_wconf 76' lang='lat' dir='ltr'><strong>siluri</strong></span> 
     </span>
    </p>
   </div>
   <div class='ocr_carea' id='block_1_10' title="bbox 746 4143 1749 5016">
    <p class='ocr_par' dir='ltr' id='par_1_14' title="bbox 746 4143 1749 5016">
     <span class='ocr_line' id='line_1_45' title="bbox 817 4143 1746 4222; baseline -0.001 -24"><span class='ocrx_word' id='word_1_471' title='bbox 817 4143 837 4197; x_wconf 95' lang='lat' dir='ltr'><strong>I.</strong></span> <span class='ocrx_word' id='word_1_472' title='bbox 858 4145 893 4210; x_wconf 88' lang='grc'><strong>1).</strong></span> <span class='ocrx_word' id='word_1_473' title='bbox 928 4147 1072 4218; x_wconf 88' lang='lat' dir='ltr'><strong>Inscriptio</strong></span> <span class='ocrx_word' id='word_1_474' title='bbox 1089 4149 1118 4204; x_wconf 92' lang='lat' dir='ltr'><strong>in</strong></span> <span class='ocrx_word' id='word_1_475' title='bbox 1136 4149 1265 4206; x_wconf 78' lang='lat' dir='ltr'><strong>choulum</strong></span> <span class='ocrx_word' id='word_1_476' title='bbox 1286 4149 1496 4222; x_wconf 87' lang='lat' dir='ltr'><strong>expeditissima,</strong></span> <span class='ocrx_word' id='word_1_477' title='bbox 1521 4155 1552 4205; x_wconf 92' lang='lat' dir='ltr'><strong>ut</strong></span> <span class='ocrx_word' id='word_1_478' title='bbox 1568 4152 1671 4202; x_wconf 90' lang='lat' dir='ltr'><strong>ceteros</strong></span> <span class='ocrx_word' id='word_1_479' title='bbox 1689 4156 1746 4198; x_wconf 83' lang='lat' dir='ltr'><strong>mo·</strong></span> 
     </span>
     <span class='ocr_line' id='line_1_46' title="bbox 814 4224 1747 4301; baseline 0.004 -22"><span class='ocrx_word' id='word_1_480' title='bbox 814 4224 864 4280; x_wconf 89' lang='lat' dir='ltr'><strong>dos</strong></span> <span class='ocrx_word' id='word_1_481' title='bbox 885 4230 1003 4299; x_wconf 74' lang='lat' dir='ltr'><strong>meeum,</strong></span> <span class='ocrx_word' id='word_1_482' title='bbox 1026 4229 1058 4285; x_wconf 87' lang='grc'><strong>111</strong></span> <span class='ocrx_word' id='word_1_483' title='bbox 1084 4228 1215 4287; x_wconf 83' lang='lat' dir='ltr'><strong>beneficio</strong></span> <span class='ocrx_word' id='word_1_484' title='bbox 1237 4230 1396 4301; x_wconf 89' lang='lat' dir='ltr'><strong>hexagouici</strong></span> <span class='ocrx_word' id='word_1_485' title='bbox 1416 4229 1521 4299; x_wconf 85' lang='lat' dir='ltr'><strong>lateris,</strong></span> <span class='ocrx_word' id='word_1_486' title='bbox 1553 4224 1618 4296; x_wconf 88' lang='lat' dir='ltr'><strong>quia</strong></span> <span class='ocrx_word' id='word_1_487' title='bbox 1640 4224 1674 4280; x_wconf 89' lang='lat' dir='ltr'><strong>de</strong></span> <span class='ocrx_word' id='word_1_488' title='bbox 1696 4237 1747 4279; x_wconf 78' lang='lat' dir='ltr'><strong>sex</strong></span> 
     </span>
     <span class='ocr_line' id='line_1_47' title="bbox 817 4302 1746 4381; baseline 0.012 -22"><span class='ocrx_word' id='word_1_489' title='bbox 817 4304 897 4360; x_wconf 90' lang='lat' dir='ltr'><strong>semis</strong></span> <span class='ocrx_word' id='word_1_490' title='bbox 919 4313 983 4362; x_wconf 89' lang='lat' dir='ltr'><strong>sunt</strong></span> <span class='ocrx_word' id='word_1_491' title='bbox 999 4308 1059 4363; x_wconf 84' lang='lat' dir='ltr'><strong>tria</strong></span> <span class='ocrx_word' id='word_1_492' title='bbox 1094 4309 1133 4364; x_wconf 90' lang='lat' dir='ltr'><strong>Et</strong></span> <span class='ocrx_word' id='word_1_493' title='bbox 1149 4308 1284 4381; x_wconf 77' lang='lat' dir='ltr'><strong>hexagoni</strong></span> <span class='ocrx_word' id='word_1_494' title='bbox 1301 4310 1408 4381; x_wconf 85' lang='lat' dir='ltr'><strong>quidem</strong></span> <span class='ocrx_word' id='word_1_495' title='bbox 1426 4306 1570 4377; x_wconf 73' lang='lat' dir='ltr'><strong>descriptio</strong></span> <span class='ocrx_word' id='word_1_496' title='bbox 1590 4302 1746 4371; x_wconf 73' lang='grc'><strong>1111111111·</strong></span> 
     </span>
     <span class='ocr_line' id='line_1_48' title="bbox 814 4370 1746 4454; baseline 0.002 -18"><span class='ocrx_word' id='word_1_497' title='bbox 814 4370 853 4437; x_wconf 82' lang='grc'><strong>111</strong></span> <span class='ocrx_word' id='word_1_498' title='bbox 873 4388 936 4439; x_wconf 89' lang='lat' dir='ltr'><strong>sunt</strong></span> <span class='ocrx_word' id='word_1_499' title='bbox 952 4385 1031 4444; x_wconf 85' lang='lat' dir='ltr'><strong>Eucl</strong></span> <span class='ocrx_word' id='word_1_500' title='bbox 1042 4387 1089 4444; x_wconf 84' lang='lat' dir='ltr'><strong>IV.</strong></span> <span class='ocrx_word' id='word_1_501' title='bbox 1103 4390 1142 4445; x_wconf 85' lang='grc'><strong>15.</strong></span> <span class='ocrx_word' id='word_1_502' title='bbox 1178 4388 1232 4445; x_wconf 82' lang='lat' dir='ltr'><strong>Sed</strong></span> <span class='ocrx_word' id='word_1_503' title='bbox 1248 4389 1416 4446; x_wconf 87' lang='lat' dir='ltr'><strong>ostendenda</strong></span> <span class='ocrx_word' id='word_1_504' title='bbox 1433 4395 1475 4446; x_wconf 88' lang='lat' dir='ltr'><strong>est</strong></span> <span class='ocrx_word' id='word_1_505' title='bbox 1489 4383 1644 4445; x_wconf 88' lang='lat' dir='ltr'><strong>consecutio</strong></span> <span class='ocrx_word' id='word_1_506' title='bbox 1662 4397 1746 4454; x_wconf 88' lang='lat' dir='ltr'><strong>quau·</strong></span> 
     </span>
     <span class='ocr_line' id='line_1_49' title="bbox 815 4460 1413 4538; baseline 0.017 -21"><span class='ocrx_word' id='word_1_507' title='bbox 815 4460 901 4518; x_wconf 88' lang='lat' dir='ltr'><strong>titatis</strong></span> <span class='ocrx_word' id='word_1_508' title='bbox 918 4462 1012 4521; x_wconf 89' lang='lat' dir='ltr'><strong>lateris</strong></span> <span class='ocrx_word' id='word_1_509' title='bbox 1030 4482 1064 4522; x_wconf 90' lang='lat' dir='ltr'><strong>ex</strong></span> <span class='ocrx_word' id='word_1_510' title='bbox 1080 4467 1240 4538; x_wconf 88' lang='lat' dir='ltr'><strong>angulorum</strong></span> <span class='ocrx_word' id='word_1_511' title='bbox 1256 4469 1413 4528; x_wconf 89' lang='lat' dir='ltr'><strong>rationibus.</strong></span> 
     </span>
     <span class='ocr_line' id='line_1_50' title="bbox 903 4538 1747 4630; baseline 0.008 -30"><span class='ocrx_word' id='word_1_512' title='bbox 903 4540 945 4600; x_wconf 84' lang='grc'><strong>11</strong></span> <span class='ocrx_word' id='word_1_513' title='bbox 966 4542 1125 4617; x_wconf 66' lang='lat' dir='ltr'><strong>sompnus</strong></span> <span class='ocrx_word' id='word_1_514' title='bbox 1147 4545 1300 4607; x_wconf 81' lang='lat' dir='ltr'><strong>annena.</strong></span> <span class='ocrx_word' id='word_1_515' title='bbox 1335 4548 1402 4605; x_wconf 76' lang='lat' dir='ltr'><strong>cum</strong></span> <span class='ocrx_word' id='word_1_516' title='bbox 1423 4547 1505 4620; x_wconf 68' lang='lat' dir='ltr'><strong>spur</strong></span> <span class='ocrx_word' id='word_1_517' title='bbox 1528 4546 1583 4604; x_wconf 76' lang='lat' dir='ltr'><strong>sut</strong></span> <span class='ocrx_word' id='word_1_518' title='bbox 1606 4538 1747 4630; x_wconf 71' lang='grc'><strong>1111111,</strong></span> 
     </span>
     <span class='ocr_line' id='line_1_51' title="bbox 816 4619 1748 4699; baseline -0.004 -21"><span class='ocrx_word' id='word_1_519' title='bbox 816 4619 928 4691; x_wconf 81' lang='lat' dir='ltr'><strong>planum</strong></span> <span class='ocrx_word' id='word_1_520' title='bbox 951 4625 1032 4681; x_wconf 90' lang='lat' dir='ltr'><strong>etiam</strong></span> <span class='ocrx_word' id='word_1_521' title='bbox 1048 4625 1184 4697; x_wconf 87' lang='lat' dir='ltr'><strong>hexagoni</strong></span> <span class='ocrx_word' id='word_1_522' title='bbox 1201 4627 1333 4685; x_wconf 75' lang='lat' dir='ltr'><strong>diddetm</strong></span> <span class='ocrx_word' id='word_1_523' title='bbox 1355 4627 1383 4682; x_wconf 90' lang='lat' dir='ltr'><strong>in</strong></span> <span class='ocrx_word' id='word_1_524' title='bbox 1400 4625 1536 4699; x_wconf 82' lang='lat' dir='ltr'><strong>triangula</strong></span> <span class='ocrx_word' id='word_1_525' title='bbox 1556 4640 1617 4694; x_wconf 90' lang='lat' dir='ltr'><strong>sex,</strong></span> <span class='ocrx_word' id='word_1_526' title='bbox 1641 4619 1748 4677; x_wconf 76' lang='lat' dir='ltr'><strong>vunn-</strong></span> 
     </span>
     <span class='ocr_line' id='line_1_52' title="bbox 746 4702 1748 4789; baseline 0.002 -30"><span class='ocrx_word' id='word_1_527' title='bbox 746 4722 771 4774; x_wconf 75' lang='grc' dir='ltr'><strong>ῃ</strong></span> <span class='ocrx_word' id='word_1_528' title='bbox 816 4704 869 4760; x_wconf 90' lang='lat' dir='ltr'><strong>bus</strong></span> <span class='ocrx_word' id='word_1_529' title='bbox 886 4702 915 4758; x_wconf 90' lang='lat' dir='ltr'><strong>in</strong></span> <span class='ocrx_word' id='word_1_530' title='bbox 933 4704 1061 4760; x_wconf 79' lang='lat' dir='ltr'><strong>cennoh</strong></span> <span class='ocrx_word' id='word_1_531' title='bbox 1078 4704 1210 4779; x_wconf 83' lang='lat' dir='ltr'><strong>coeuntia,</strong></span> <span class='ocrx_word' id='word_1_532' title='bbox 1228 4707 1308 4778; x_wconf 91' lang='lat' dir='ltr'><strong>quale</strong></span> <span class='ocrx_word' id='word_1_533' title='bbox 1325 4723 1408 4763; x_wconf 88' lang='lat' dir='ltr'><strong>unum</strong></span> <span class='ocrx_word' id='word_1_534' title='bbox 1426 4715 1468 4764; x_wconf 88' lang='lat' dir='ltr'><strong>est</strong></span> <span class='ocrx_word' id='word_1_535' title='bbox 1480 4706 1558 4763; x_wconf 76' lang='lat' dir='ltr'><strong>cae.</strong></span> <span class='ocrx_word' id='word_1_536' title='bbox 1575 4704 1664 4773; x_wconf 70' lang='lat' dir='ltr'><strong>Quare</strong></span> <span class='ocrx_word' id='word_1_537' title='bbox 1681 4713 1748 4789; x_wconf 66' lang='lat'><strong>‘¹¹3²‘</strong></span> 
     </span>
     <span class='ocr_line' id='line_1_53' title="bbox 815 4779 1749 4857; baseline 0.005 -21"><span class='ocrx_word' id='word_1_538' title='bbox 815 4788 878 4838; x_wconf 88' lang='lat' dir='ltr'><strong>tuor</strong></span> <span class='ocrx_word' id='word_1_539' title='bbox 900 4790 1048 4857; x_wconf 90' lang='lat' dir='ltr'><strong>rectorum,</strong></span> <span class='ocrx_word' id='word_1_540' title='bbox 1074 4792 1197 4842; x_wconf 89' lang='lat' dir='ltr'><strong>centrum</strong></span> <span class='ocrx_word' id='word_1_541' title='bbox 1219 4789 1245 4842; x_wconf 83' lang='lat' dir='ltr'>A</span> <span class='ocrx_word' id='word_1_542' title='bbox 1269 4786 1513 4855; x_wconf 78' lang='lat' dir='ltr'><strong>circumstamium,</strong></span> <span class='ocrx_word' id='word_1_543' title='bbox 1536 4798 1641 4841; x_wconf 89' lang='lat' dir='ltr'><strong>summa</strong></span> <span class='ocrx_word' id='word_1_544' title='bbox 1662 4779 1749 4835; x_wconf 69' lang='lat' dir='ltr'><strong>(limi</strong></span> 
     </span>
     <span class='ocr_line' id='line_1_54' title="bbox 814 4863 1748 4937; baseline -0.011 -14"><span class='ocrx_word' id='word_1_545' title='bbox 814 4866 843 4923; x_wconf 89' lang='lat' dir='ltr'><strong>in</strong></span> <span class='ocrx_word' id='word_1_546' title='bbox 861 4879 910 4922; x_wconf 90' lang='lat' dir='ltr'><strong>sex</strong></span> <span class='ocrx_word' id='word_1_547' title='bbox 928 4864 1056 4937; x_wconf 84' lang='lat' dir='ltr'><strong>vertices,</strong></span> <span class='ocrx_word' id='word_1_548' title='bbox 1079 4863 1189 4921; x_wconf 85' lang='lat' dir='ltr'><strong>daturi</strong></span> <span class='ocrx_word' id='word_1_549' title='bbox 1206 4864 1326 4922; x_wconf 82' lang='lat' dir='ltr'><strong>verticuli</strong></span> <span class='ocrx_word' id='word_1_550' title='bbox 1343 4864 1524 4936; x_wconf 81' lang='lat' dir='ltr'><strong>anguloChG</strong></span> <span class='ocrx_word' id='word_1_551' title='bbox 1547 4870 1663 4935; x_wconf 86' lang='lat' dir='ltr'><strong>quatuor</strong></span> <span class='ocrx_word' id='word_1_552' title='bbox 1685 4873 1748 4915; x_wconf 79' lang='grc'><strong>111·</strong></span> 
     </span>
     <span class='ocr_line' id='line_1_55' title="bbox 812 4928 1749 5016; baseline -0.001 -14"><span class='ocrx_word' id='word_1_553' title='bbox 812 4950 869 5016; x_wconf 91' lang='lat' dir='ltr'><strong>tas,</strong></span> <span class='ocrx_word' id='word_1_554' title='bbox 901 4962 951 5005; x_wconf 89' lang='lat' dir='ltr'><strong>seu</strong></span> <span class='ocrx_word' id='word_1_555' title='bbox 975 4948 1041 5006; x_wconf 83' lang='lat' dir='ltr'><strong>duas</strong></span> <span class='ocrx_word' id='word_1_556' title='bbox 1054 4944 1160 5005; x_wconf 47' lang='lat' dir='ltr'><strong>[tertias</strong></span> <span class='ocrx_word' id='word_1_557' title='bbox 1185 4945 1265 5003; x_wconf 85' lang='lat' dir='ltr'><strong>unius</strong></span> <span class='ocrx_word' id='word_1_558' title='bbox 1292 4943 1368 5003; x_wconf 84' lang='lat' dir='ltr'><strong>recti</strong></span> <span class='ocrx_word' id='word_1_559' title='bbox 1411 4943 1496 5013; x_wconf 82' lang='lat' dir='ltr'><strong>Atqui</strong></span> <span class='ocrx_word' id='word_1_560' title='bbox 1522 4936 1649 5012; x_wconf 82' lang='lat' dir='ltr'><strong>irlanguli</strong></span> <span class='ocrx_word' id='word_1_561' title='bbox 1675 4928 1749 4995; x_wconf 67' lang='lat' dir='ltr'><strong>OAG</strong></span> 
     </span>
    </p>
   </div>
   <div class='ocr_carea' id='block_1_11' title="bbox 0 0 1904 5860">
    <p class='ocr_par' dir='ltr' id='par_1_15' title="bbox 0 0 1904 5860">
     <span class='ocr_line' id='line_1_56' title="bbox 0 0 1904 5860; baseline 0 0"><span class='ocrx_word' id='word_1_562' title='bbox 0 0 1904 5860; x_wconf 95' lang='lat' dir='ltr'><strong> </strong></span> 
     </span>
    </p>
   </div>
  </div>
 </body>
</html>
