3940 5856
394 350 460 415 826
789 340 832 394 De
849 283 1166 401 M⁰till¹1⁸Plsnetarnm
1183 338 1363 399 Harmonieis.

397 522 615 589 vicensumas
637 518 739 583 mnudi
758 535 879 595 gerens,
910 525 1036 581 naturae
1054 533 1153 581 rarum
1176 521 1285 583 arctius
1307 526 1354 583 est
1374 519 1497 597 alligata
1519 516 1588 602 (snt
1607 523 1634 581 si
1656 522 1746 581 mium

396 611 516 686 aliquae
539 616 689 671 menturae
712 606 919 682 intelligentes,
943 611 1065 664 naturae
1088 604 1224 665 diversae
1246 607 1285 665 ab
1305 607 1450 687 humana,
1472 608 1593 684 monum
1616 610 1659 668 sic
1679 611 1746 667 ani-

396 707 508 761 metum
530 696 652 757 forsitan
674 695 840 757 inhabitant
861 688 1120 771 inhabitabuntve)
1143 693 1325 755 naturalibus
1353 698 1442 756 etism
1463 697 1626 756 rationibus
1648 699 1746 772 inqui·

394 787 485 849 rium
507 783 609 845 libere.
650 786 730 854 (Vide
748 785 809 843 lieri
825 785 881 843 mei
904 784 939 840 de
956 782 1037 845 stella
1053 799 1123 843 uera
1148 790 1231 853 eaput
1247 786 1346 842 XXIV.
1365 786 1399 843 de
1416 786 1507 843 anima
1523 788 1617 841 mnndi
1635 794 1747 842 etnca·

378 876 479 951 ¹nuliis
497 875 557 943 ejns
579 875 698 942 munds.)
738 868 851 944 Quodsi
871 867 943 931 licet
964 865 1120 943 analogiae
1134 868 1185 929 filo
1200 869 1323 933 ducente
1338 870 1522 948 labyrinthos
1543 873 1747 949 mysteriorum

396 967 520 1021 amarae
541 974 703 1036 permeare,
723 974 782 1019 non
798 958 898 1032 inepte
913 956 988 1030 quis,
1013 956 1125 1033 opinor,
1147 958 1192 1015 sic
1212 957 1300 1019 suerit
1321 967 1553 1035 argumentatus,
1576 958 1656 1035 quod
1670 975 1748 1035 quae

397 1054 445 1109 est
467 1045 609 1111 habitudo
632 1062 685 1106 sex
708 1045 822 1104 orbium
845 1042 885 1101 ad
907 1059 1060 1104 commune
1084 1041 1200 1102 illorum
1222 1046 1372 1120 totiusque
1387 1045 1461 1106 adeo
1485 1045 1584 1105 muudi
1606 1054 1745 1119 centrum,

400 1134 505 1201 eadam
526 1135 566 1201 sit
588 1139 619 1197 et
639 1155 691 1208 sne
713 1137 840 1199 derisorem
862 1129 899 1191 ad
922 1150 973 1191 tor
994 1150 1077 1211 socr,
1113 1140 1145 1190 ut
1166 1129 1223 1191 hae
1245 1131 1401 1193 facultates
1423 1133 1461 1193 ab
1485 1134 1652 1205 Aristotele,
1676 1133 1748 1194 Pla-

402 1230 479 1292 tone,
503 1218 608 1283 Proclo
630 1226 661 1281 et
682 1220 788 1287 ceteris
810 1216 1041 1293 distinguuntur:
1054 1220 1096 1277 iet
1117 1234 1239 1292 rursum,
1262 1218 1341 1295 quod
1364 1238 1440 1298 quas
1462 1221 1604 1282 habitem)
1627 1221 1747 1280 remla.

398 1311 512 1371 tionum
543 1305 681 1373 localium
719 1306 903 1383 planetarum
934 1302 1116 1379 singulorum
1152 1305 1356 1373 cires„.Solem
1389 1306 1426 1367 ad
1457 1306 1535 1367 Solis
1567 1310 1748 1386 gyrationem

394 1393 582 1470 cessaturos
605 1398 634 1455 in
657 1396 755 1469 spatio
779 1394 869 1457 totius
900 1392 1070 1468 systematis
1099 1391 1195 1450 medio
1210 1396 1271 1465 itde
1298 1414 1353 1466 qua
1375 1405 1512 1455 testentur
1529 1400 1650 1455 maenus
1669 1400 1749 1455 Solis.

397 1487 619 1573 Demonstrsnap
643 1484 697 1539 hcc
723 1484 751 1537 in
770 1481 975 1541 Commentariis
994 1480 1028 1539 de
1048 1474 1260 1553 metamocensi
1283 1481 1386 1543 sudem
1420 1486 1460 1544 ait
1490 1486 1579 1544 etiam
1605 1484 1748 1546 habitudo

402 1592 455 1633 soe
477 1575 663 1651 &carenciaco
682 1566 720 1627 ad
742 1590 776 1629 το
799 1585 914 1643 corpor,
943 1564 1124 1627 discursuum
1146 1569 1378 1629 ratiocinationis
1408 1570 1610 1647 multiplicium
1641 1573 1678 1631 ad
1701 1575 1749 1629 in·

398 1656 595 1721 tellectionenr
617 1653 774 1715 mentalem
796 1653 1054 1741 simplicissimam
1063 1662 1074 1735 t
1096 1652 1171 1712 Nam
1201 1656 1244 1713 uti
1266 1654 1319 1715 Sol
1352 1658 1385 1716 in
1415 1675 1447 1716 ae
1470 1661 1566 1735 ipsum
1598 1659 1749 1719 revolutus

399 1762 455 1821 per.
474 1746 611 1804 emissam
634 1759 669 1803 ex
692 1760 724 1803 se
747 1741 875 1819 speciem
897 1747 997 1803 movet
1018 1732 1153 1815 planetas
1175 1757 1285 1815 omues,
1308 1744 1351 1803 sic
1372 1745 1462 1804 stiam
1482 1763 1574 1821 meos,
1595 1755 1629 1806 nt
1651 1745 1749 1823 philo-

403 1831 487 1907 sophi
512 1832 633 1904 docent,
666 1847 700 1893 se
729 1830 824 1905 ipsam
856 1826 1022 1903 intelligens
1044 1826 1132 1905 inque
1155 1844 1187 1886 se
1210 1831 1275 1904 ipsa
1297 1833 1403 1903 omnia,
1425 1834 1663 1893 ratiocinationes
1694 1835 1751 1893 ciet
1777 1846 1784 1855 ·

364 1982 367 1995 ‚
401 1935 544 1993 suamque
572 1915 790 1993 simplicitatem
823 1917 852 1972 in
878 1914 944 1975 illas
974 1911 1115 1974 diducens
1143 1923 1173 1975 et
1202 1914 1351 1994 explicans
1382 1922 1481 1981 omnia
1508 1921 1581 1980 tacit
1615 1920 1749 1996 intelligi

358 2050 362 2063 .
400 2006 728 2079 (Videtol.221.iib.lv.t
756 2001 899 2078 Adeoque
920 2018 1052 2063 connexa
1074 2010 1142 2062 sunt
1164 2003 1239 2065 inter
1260 2021 1292 2063 se
1315 2013 1345 2064 et
1367 2006 1506 2083 colligata
1528 2016 1625 2069 roonis
1648 2008 1751 2085 plane·

269 2130 273 2141 ·
299 2146 302 2157 .
358 2090 364 2157 ἓ
403 2102 514 2157 terum
531 2093 608 2155 circa
639 2090 738 2152 Solem
765 2092 795 2149 in
822 2106 922 2153 eornm
953 2098 1051 2151 centro
1083 2097 1112 2149 et
1140 2089 1288 2153 discursus
1321 2097 1596 2168 ratiocinationum,
1630 2103 1670 2165 ntv
1694 2097 1750 2154 nisi

359 2186 363 2209 ³
400 2180 518 2252 Tellus,
549 2173 728 2243 domicilium
750 2185 894 2246 nostrum,
922 2193 1051 2235 annuum
1079 2175 1234 2251 circulum,
1263 2180 1391 2241 medinm
1420 2185 1494 2241 inter
1515 2184 1747 2257 orbespstsrcs,

163 2264 166 2272 '
283 2262 286 2267 ‘
360 2268 567 2337 ¹metaretur,
590 2265 686 2329 losum
709 2282 745 2329 ex
767 2265 844 2337 loco,
867 2265 1024 2327 stationem
1047 2280 1084 2321 ex
1098 2265 1225 2325 statione
1248 2262 1426 2343 permutans,
1450 2271 1749 2345 nunquamthnmana

359 2352 367 2443 ¹:
399 2350 593 2419 ratiocinatio?
609 2346 647 2417 ad
668 2353 822 2413 verissima
842 2350 1025 2427 planetarum
1048 2350 1203 2412 intervalla
1226 2362 1255 2412 et
1270 2353 1309 2414 ad
1331 2365 1427 2416 cetera
1442 2358 1480 2416 ab
1504 2361 1540 2416 iis
1556 2356 1751 2434 dependentia

399 2443 486 2505 tuerit
508 2441 633 2512 namura,
656 2455 806 2514 nunqnam
828 2439 1036 2501 astronomiam
1059 2442 1262 2513 constitutum.
1301 2444 1379 2509 (Vide
1406 2447 1531 2515 opticen
1559 2448 1749 2503 nstmnomiss

400 2538 507 2603 partem
533 2547 593 2599 esp.
611 2530 669 2598 nt.)
714 2525 757 2587 Er
780 2524 905 2586 adverso
922 2526 1050 2600 quietem
1065 2524 1143 2586 Solis
1166 2527 1194 2583 in
1218 2536 1317 2587 centro
1339 2528 1441 2591 mundi
1463 2530 1585 2606 pulchro
1608 2546 1751 2605 responsu

402 2616 590 2690 consequitor
611 2612 818 2674 intellectionis
833 2611 1023 2689 simplicitas,
1047 2628 1082 2673 eo
1106 2612 1184 2689 qnod
1207 2613 1349 2675 hactenus
1372 2616 1457 2675 nobis
1479 2626 1650 2693 usurpatum
1672 2633 1751 2675 sem·
1865 2650 1868 2659 ·

402 2700 546 2780 perluit,
576 2699 687 2763 solares
716 2700 784 2761 ilios
812 2696 979 2761 ismenias
1009 2710 1141 2760 motuum
1165 2717 1261 2776 neque
1288 2702 1443 2778 plagarum
1465 2703 1634 2763 diversitate
1656 2721 1752 2779 neque

401 2790 564 2866 spatiorum
587 2788 688 2853 mundi
709 2786 902 2865 amplitudine
926 2786 1047 2851 definiit
1069 2785 1213 2847 Nimirum
1227 2791 1253 2848 si
1275 2805 1438 2865 quomens
1461 2808 1497 2850 cx
1521 2790 1590 2850 Scis
1612 2794 1754 2868 prospicit

403 2876 573 2941 harmonias
596 2878 689 2950 istas,
722 2874 765 2935 iiii
788 2874 893 2937 desum
916 2874 1094 2935 adminicula
1116 2883 1214 2943 motus
1237 2882 1267 2939 et
1288 2879 1448 2938 stationum
1471 2877 1652 2939 diversarum
1674 2878 1753 2941 sedis

402 2981 486 3037 snae,
510 2981 547 3027 ex
570 2964 679 3039 quibua
701 2969 801 3027 nectat
822 2963 1061 3027 radoeinationes
1090 2969 1121 3023 et
1136 2958 1292 3025 'discursus
1314 2965 1476 3027 intervallis
1499 2965 1682 3043 planetarum
1695 2965 1753 3025 di·

403 3050 558 3115 metiendis
581 3053 773 3115 necessarios.
804 3048 963 3126 Compsrut
985 3053 1075 3127 igitur
1097 3048 1216 3113 diurnos
1240 3051 1383 3127 cujusque
1406 3052 1544 3129 planetas
1567 3059 1673 3123 motus,
1695 3070 1753 3111 neu

403 3146 437 3203 ut
458 3140 480 3199 ii
503 3144 572 3201 sunt
594 3140 623 3199 in
646 3140 708 3201 suis
731 3138 852 3210 orbitis,
884 3136 1002 3197 sedati
1033 3155 1085 3213 per
1107 3136 1232 3214 angulos
1259 3137 1296 3196 ad
1320 3148 1451 3199 centrum
1475 3140 1553 3200 Solis
1575 3140 1753 3200 allabuntur.

403 3227 508 3303 Itaque
530 3228 555 3287 si
580 3227 776 3301 cognitionem
799 3223 889 3287 habet
910 3225 1121 3299 magnitudinis
1136 3224 1335 3303 sphaerarum,
1358 3226 1434 3286 hano
1448 3227 1492 3286 illi
1514 3235 1631 3304 oportet
1652 3247 1671 3287 a
1691 3230 1754 3304 pri-

404 3315 448 3374 ori
470 3316 575 3387 inesse,
598 3315 662 3373 stne
683 3312 942 3373 ratiocinationum
964 3311 1081 3374 labore:
1105 3312 1185 3388 qnod
1207 3312 1324 3388 quidem
1345 3314 1561 3391 quadamtenus
1585 3322 1615 3375 et
1635 3316 1672 3375 de
1697 3316 1753 3373 hn-

402 3403 499 3465 manis
532 3402 678 3467 mentibus
708 3408 737 3460 et
768 3398 804 3463 do
831 3408 937 3460 natura
967 3400 1117 3465 sublunari
1146 3418 1248 3481 aerum
1282 3418 1362 3476 esse,
1395 3419 1484 3479 sopra
1514 3420 1549 3462 er
1573 3402 1696 3464 Platone
1719 3410 1751 3462 et

403 3488 510 3549 Proolo
532 3490 638 3565 patuit.
1376 3526 1382 3537 .

420 3572 434 3595 ⁴
492 3574 576 3652 Quae
597 3591 665 3637 eum
685 3575 728 3635 ita
749 3574 824 3640 sint,
851 3589 909 3635 noc
937 3573 1073 3649 squidem
1094 3577 1198 3634 mirum
1228 3574 1329 3649 tuerit,
1361 3577 1388 3635 si
1410 3577 1476 3650 quis
1500 3593 1535 3634 ex
1558 3575 1615 3636 hoo
1639 3576 1753 3654 Pytha*

403 3680 495 3742 gorsa
527 3668 652 3735 cratere,
683 3679 771 3738 quem
798 3659 922 3720 Procius
951 3662 980 3719 in
1009 3662 1073 3739 ipso
1102 3664 1204 3723 statim
1233 3664 1328 3739 primo
1361 3680 1446 3733 versu
1477 3663 1578 3740 hymni
1608 3667 1752 3740 propinat,

406 3751 514 3813 haustu
538 3749 699 3813 liberaliori
722 3754 852 3811 assumo
876 3748 1108 3821 mnopletactus,
1138 3753 1163 3809 si
1186 3749 1353 3833 harmonia,
1366 3749 1446 3809 chori
1477 3752 1659 3826 planetarum
1683 3769 1754 3810 sus·

404 3840 527 3898 sissima
548 3839 578 3897 iu
601 3852 736 3915 soporem
759 3835 845 3899 dattu
875 3838 1022 3896 somniare
1044 3837 1164 3915 incipiat
1193 3841 1287 3902 (liceat
1305 3848 1333 3897 et
1349 3841 1495 3897 fabulando
1517 3842 1638 3897 Plutonis
1660 3843 1754 3899 Atim-

405 3930 487 3987 ticam
511 3935 540 3987 et
566 3926 724 3987 somniando
744 3927 881 3983 Ciceronis
899 3926 1052 3995 Scipionem
1077 3928 1202 3997 imitariJ:
1223 3943 1275 4002 per
1295 3923 1400 4001 globos
1422 3925 1540 4001 quidem
1556 3925 1695 4000 reliquos,
1717 3924 1753 3984 de

405 4015 472 4077 loco
495 4014 525 4071 in
547 4011 646 4072 locum
667 4010 858 4073 succedentes
881 4011 958 4071 eirca
979 4008 1088 4089 Solem,
1112 4011 1316 4072 disseminatos
1340 4030 1405 4087 esse
1429 4012 1608 4073 discurrisse
1630 4030 1683 4072 sen
1704 4031 1753 4073 ra·
1802 4046 1805 4055 .

405 4100 592 4163 tioeinatisas
624 4097 797 4166 inanitates,
829 4114 952 4173 quarum
985 4101 1237 4173 praestantissima
1269 4101 1372 4175 utique
1402 4110 1433 4159 et
1461 4100 1681 4160 absolutissima
1702 4100 1753 4161 illa

407 4189 518 4251 censui
540 4186 641 4262 debet,
674 4203 750 4263 qnae
773 4187 870 4245 est'in
892 4185 1009 4245 illorum
1029 4185 1185 4261 globorum
1208 4187 1324 4260 medio,
1348 4186 1478 4247 hamana
1498 4205 1539 4246 sc.
1563 4189 1592 4244 in
1616 4186 1753 4255 Tellure,

259 4254 262 4263 ⁴
367 4270 371 4279 '
406 4279 438 4337 in
459 4273 529 4335 Sole
551 4291 621 4337 vero
644 4274 822 4335 intellectum
844 4270 1017 4348 simplicem,
1039 4293 1098 4351 nvp
1120 4296 1222 4353 sospes
1243 4290 1295 4337 seu
1318 4296 1385 4335 som
1407 4273 1550 4347 habitare,
1574 4276 1668 4335 omnis
1683 4275 1753 4335 irar-

364 4380 368 4389 ·
406 4364 521 4425 munias
543 4362 662 4435 iontem,
686 4364 853 4438 quicunqne
874 4358 924 4420 ille
947 4361 994 4420 sit.

396 4467 403 4484 ·
492 4448 568 4509 Nam
590 4452 615 4509 si
638 4447 687 4509 vel
709 4449 745 4509 de
775 4447 855 4509 nuda
879 4447 1035 4522 globorum
1058 4446 1175 4508 illorum
1196 4451 1335 4509 vastitate
1363 4450 1407 4509 sic
1428 4449 1527 4507 usum
1549 4455 1594 4510 est
1617 4448 1752 4525 Tychoni

407 4537 512 4612 Brahe,
535 4554 594 4603 non
617 4554 680 4596 esse
702 4537 894 4599 frustraneum
908 4533 988 4599 illam
1004 4535 1035 4593 in
1048 4535 1168 4610 mundo,
1190 4537 1242 4597 sed
1265 4535 1368 4597 ineolis
1389 4535 1541 4609 refertamz
1564 4546 1676 4610 quanto
1699 4552 1753 4594 ve-

406 4624 556 4689 risimilius
577 4641 631 4685 nos
653 4624 691 4684 ab
714 4623 767 4683 illa
788 4623 940 4694 varietate,
963 4637 1052 4697 qnam
1075 4625 1105 4683 in
1126 4624 1183 4685 hoe
1197 4623 1321 4685 Telluris
1344 4621 1433 4700 globo
1456 4624 1608 4695 cernimus,
1632 4640 1753 4701 operum

407 4712 652 4786 consiliorumque
674 4710 731 4771 Dei
754 4709 952 4786 conjecturam
975 4709 1065 4767 etiam
1087 4708 1124 4771 de
1146 4715 1249 4771 ceteris
1272 4711 1368 4787 globis
1383 4702 1557 4789 capiemus?
1593 4709 1650 4785 Qui
1673 4712 1752 4769 enim

407 4802 520 4880 speeies
542 4801 665 4876 creavit,
700 4814 776 4879 quae
798 4813 892 4881 aquas
913 4794 1088 4875 incolerent,
1121 4799 1176 4861 aab
1199 4799 1306 4881 quibus
1328 4805 1425 4860 umen
1447 4797 1545 4859 nullus
1574 4799 1635 4863 atri
1655 4796 1748 4872 locus,
