3840 5854
705 453 734 510 ln
751 440 925 511 Harmoniun
940 454 1046 512 Mundi.
1530 456 1550 517 ’i

203 632 286 693 tarde
307 632 473 735 procedunt
495 639 525 692 et
533 624 716 693 diliicillimo
738 639 854 694 mnetn
904 630 968 692 litei
997 632 1045 692 bic
1073 636 1161 693 edam
1191 633 1358 695 tabularum
1380 632 1551 708 rudimenta,

204 724 289 797 qnasi
309 722 372 797 jam
393 720 533 798 perlectis
555 720 859 792 demonstrationibus,
883 723 909 779 si
930 720 1004 780 torte
1026 738 1078 797 per
1076 716 1219 796 tabulas,
1242 724 1430 797 quantumvis
1451 721 1551 796 falsas,

200 809 301 885 jurari
328 811 425 885 possit
452 807 707 867 demonstrationis
735 807 899 868 methodos.
953 806 1037 868 Haec
1062 808 1177 886 Pragae
1206 808 1337 870 ebebita
1364 802 1569 886 Imperatoris

205 895 352 955 Matthiae
375 893 559 955 consiliariis.
592 895 787 955 Accesserant
808 902 907 955 aetem
929 894 1023 955 Lincii
1046 913 1123 956 anno
1147 896 1229 956 inlu
1252 898 1397 956 restitutio
1420 903 1551 959 motuum

205 983 352 1057 absoluta,
375 982 542 1042 tabularum
564 1000 632 1059 pars
655 983 835 1060 potissima.“

309 1068 365 1128 His
387 1073 429 1131 tta
451 1071 597 1146 inscriptis
619 1076 649 1130 et
670 1070 843 1130 examinatis
865 1066 1133 1144 computationibus
1155 1068 1253 1129 nidere
1278 1068 1361 1144 licet,
1392 1068 1551 1146 Keplernm

205 1155 257 1215 illo
286 1162 416 1234 tempore
446 1159 581 1216 omnibus
607 1155 735 1232 planetis
763 1155 907 1234 ellipticos
935 1156 1020 1213 orbes
1043 1157 1193 1230 tribuisse,
1223 1174 1401 1232 quamquam
1415 1155 1463 1216 ad
1483 1155 1551 1216 illos

204 1246 371 1302 accuratius
394 1243 573 1304 deliniendos
596 1246 656 1302 et
648 1263 678 1302 m
700 1260 790 1303 uuum
812 1241 1031 1318 conjungendos
1051 1238 1206 1319 ignorabat
1229 1242 1338 1318 adbuc,
1362 1260 1438 1320 queo
1460 1244 1551 1305 inter-

204 1330 324 1390 cederet
349 1333 424 1390 ratio
452 1332 527 1389 inter
558 1338 645 1389 notos
675 1344 777 1390 cursus
804 1337 834 1390 et
862 1329 1031 1389 distantiam
1059 1348 1078 1388 a
1104 1329 1181 1389 Sela.
1226 1330 1310 1390 Haec
1335 1337 1399 1391 erat
1426 1347 1486 1392 une
1514 1330 1550 1391 de

204 1419 317 1490 musis,
349 1434 399 1478 eur
429 1421 459 1476 in
490 1416 684 1493 RndolpbinIs
716 1417 824 1478 tabuiis
854 1415 1042 1477 conficiendis
1065 1415 1174 1476 diutius
1195 1425 1363 1493 moraretur,
1386 1424 1415 1478 ct
1437 1418 1551 1477 detecta

204 1503 271 1582 lege
303 1503 341 1565 de
377 1502 580 1565 distantiarum
609 1514 640 1564 et
666 1512 798 1564 motuum
836 1502 1048 1581 periodicorum
1084 1508 1283 1581 proportione,
1316 1521 1375 1582 qua
1405 1503 1550 1582 Keplerns

204 1590 362 1652 inchoatae
385 1592 557 1669 discipliuae
578 1608 649 1651 suae
671 1591 820 1669 fastigium
842 1592 989 1668 imposuit,
1012 1591 1108 1652 denuo
1131 1593 1269 1652 incitatus
1290 1599 1344 1666 ast,
1368 1599 1401 1652 nt
1421 1592 1551 1653 redinte-

203 1686 289 1754 grato
312 1677 411 1738 studio
435 1678 628 1739 conficiendas
651 1681 722 1739 istas
744 1679 860 1738 ulnulas
883 1680 1050 1754 snsclperet

312 1765 476 1826 Ptolemaei
497 1764 675 1825 Harmoniae
699 1768 793 1825 versio
816 1765 952 1827 absoluta
973 1772 1017 1824 est
1039 1782 1139 1825 mense
1162 1765 1322 1827 Februario
1348 1767 1444 1840 1318,
1466 1771 1551 1843 pusi·

205 1869 295 1927 quam
319 1853 465 1928 chlerus
486 1852 575 1930 paulo
598 1861 666 1913 ante
687 1851 764 1934 (Oct.
788 1851 881 1928 1617)
904 1853 933 1910 in
949 1852 1214 1929 Wilrtembergiam
1235 1852 1381 1930 proiectus
1404 1852 1551 1915 Vincentll

204 1938 339 2000 Gaiilee'r
358 1941 394 2000 de
415 1958 446 2001 re
469 1944 582 2000 musica
603 1956 678 2017 opus
698 1940 811 2017 legerat
828 1942 884 2013 loir.
904 1942 962 1996 Vol.
980 1943 1015 1997 ΙΙ.
1032 1958 1059 2012 p.
1072 1942 1143 2011 itit).
1178 1939 1214 1998 In
1228 1939 1431 2017 cognoscendo
1447 1938 1550 2001 Ptole-

204 2044 291 2087 maeo
314 2044 433 2104 operam
455 2044 636 2101 consumens,
659 2026 699 2086 ad
720 2030 818 2105 prlora
839 2023 938 2085 studia
958 2034 1114 2087 revocatus
1131 2025 1309 2088 Hamenirm
1324 2044 1396 2089 suaa
1417 2027 1550 2089 ultimam

203 2114 306 2174 limam
329 2113 471 2189 admovit,
502 2122 531 2175 et
552 2120 724 2191 computans
746 2113 861 2191 aliquot
881 2112 963 2173 locos
986 2112 1090 2172 dubios
1112 2112 1178 2172 iibri
1201 2114 1237 2172 V.
1261 2122 1375 2192 praeter
1397 2121 1552 2192 exspecta·

203 2204 315 2261 tionem
338 2202 377 2262 ad
399 2200 590 2278 detegendam
612 2219 673 2261 rem
696 2201 776 2261 iliam
796 2206 959 2261 memoratu
974 2198 1174 2276 dignissimam
1190 2200 1304 2261 delatus
1318 2208 1372 2262 eat.
1404 2201 1550 2279 Keplerns

203 2290 234 2346 iu
257 2290 343 2349 tertio
366 2288 434 2349 libri
456 2290 548 2364 quinti
571 2292 667 2366 capite
688 2289 783 2362 refert,
806 2295 873 2348 ante
896 2285 974 2347 diem
995 2285 1080 2347 VIII.
1108 2286 1179 2347 Idas
1201 2288 1324 2349 Martiae
1345 2289 1470 2366 mimum
1490 2304 1551 2349 rem

203 2377 333 2436 subiisse
347 2378 440 2454 ipsius
461 2377 597 2450 animum,
621 2374 672 2434 sed
694 2384 811 2453 propter
831 2391 957 2435 errorem
969 2376 1001 2431 in
1016 2375 1212 2452 computando
1226 2375 1385 2437 admissum
1400 2383 1434 2436 ut
1447 2375 1551 2436 falsam

203 2464 243 2523 ab
267 2466 333 2540 ipae
355 2480 420 2524 asae
442 2463 589 2539 rejectam.
633 2462 692 2522 Sed
714 2464 751 2522 ab
775 2463 826 2522 iilo
848 2460 915 2521 inde
938 2470 1068 2538 tempore
1096 2477 1155 2522 non
1183 2464 1310 2541 amplius
1332 2465 1469 2524 ombsam
1489 2480 1564 2524 rem·

204 2551 257 2610 ad·
274 2551 363 2610 tinem
390 2550 527 2627 perduxit
547 2549 648 2608 ldibns
671 2549 769 2626 Hajis.
824 2548 937 2625 Coepta
964 2555 1009 2608 est
1038 2547 1200 2611 Harmonia
1226 2552 1305 2628 typis
1334 2554 1457 2627 exprimi
1482 2558 1551 2611 anta

205 2637 285 2697 diem
305 2637 360 2697 vi
375 2637 438 2697 esi.
461 2636 567 2697 iunias
585 2638 676 2711 1618,
698 2637 782 2696 ilnita
802 2654 829 2697 a.
845 2635 873 2695 d.
897 2634 954 2694 xi.
978 2631 1041 2696 bei.
1064 2636 1151 2697 Mart.
1172 2637 1264 2701 1619.
1302 2636 1390 2698 Liber
1411 2637 1436 2698 1.
1459 2645 1497 2698 et*
1510 2638 1550 2697 Il.

204 2734 275 2802 post
295 2733 355 2784 tres
377 2724 496 2784 ultimos
518 2725 647 2801 expressi
669 2727 698 2782 iu
721 2740 809 2801 opere
831 2724 869 2784 ab
884 2727 1003 2783 auctore
1018 2722 1096 2783 odito
1118 2726 1293 2801 peculiarem
1315 2722 1426 2786 babent
1445 2728 1552 2786 seriem

204 2810 388 2889 pagellarum
412 2820 442 2872 et
463 2810 612 2888 peculares
634 2811 815 2888 pagellarum
837 2808 1028 2886 singularium
1049 2818 1144 2872 notas.
1182 2811 1336 2887 Quomodo
1360 2828 1435 2890 opus
1457 2819 1550 2872 ortum

205 2901 255 2974 sit,
279 2898 420 2976 epistolae
444 2916 520 2975 qnae
542 2907 704 2975 sequuntur
725 2899 857 2976 pluribus
879 2905 1022 2957 enarrem.

309 2985 455 3063 Keplems
478 3003 552 3062 opus
574 3002 659 3045 sunm
682 2986 831 3046 dedicerit
851 2983 968 3045 Jacobo
982 2985 1008 3044 I.
1024 2983 1186 3061 Anglorura
1207 2987 1280 3062 regi,
1303 3000 1390 3062 quem
1406 2983 1551 3062 Kaplerns

202 3073 349 3149 ejusmdi
364 3073 655 3133 commentationibus
671 3072 808 3134 delectari
822 3073 908 3132 sciret
926 3074 981 3137 (cir.
999 3076 1021 3131 1
1040 3074 1109 3143 iio).
1130 3072 1331 3150 Manuscripta
1341 3072 1552 3133 Pulocvlensla

204 3160 399 3221 dedimtioais
422 3160 510 3237 hujus
531 3161 653 3221 formam
675 3160 800 3221 reiorunt
822 3160 861 3220 ab
882 3161 1023 3236 impressa
1041 3158 1252 3237 discrepantem
1274 3159 1362 3241 (quae
1375 3159 1551 3239 dscrepant,
1597 3218 1601 3225 ι

204 3256 280 3308 ncta
302 3251 330 3311 1.
352 3245 603 3327 comparavimus).
652 3248 761 3308 Eadem
788 3248 825 3307 de
851 3263 954 3319 causa,
985 3264 1043 3322 qua
1069 3248 1212 3324 impulsus
1239 3247 1385 3325 Keplcrus
1416 3249 1478 3324 rogi
1507 3247 1552 3306 illl

203 3335 397 3396 Harmoniam
428 3334 587 3408 dedicavit,
610 3334 704 3395 eidem
731 3335 838 3395 librum
867 3333 903 3393 de
935 3332 1028 3393 Stella
1057 3333 1143 3394 Nova
1169 3336 1370 3395 transmiserat
1402 3343 1432 3396 at
1459 3335 1551 3395 literIs

202 3421 343 3499 adjectis,
368 3439 443 3498 quas
463 3421 530 3481 Vol.
555 3422 594 3481 II.
616 3439 646 3499 p.
672 3424 733 3483 606
757 3419 958 3499 exprimendas
981 3424 1160 3496 curavimus,
1191 3426 1299 3499 parlier
1320 3439 1356 3483 ac
1377 3424 1407 3480 in
1430 3421 1551 3484 dedica·

203 3514 287 3569 none
309 3510 416 3585 quibus
437 3511 534 3569 causis
556 3516 653 3569 motus
675 3507 705 3568 ld
727 3511 836 3570 locust
855 3509 1107 3585 pronuncIaverat.

309 3596 437 3672 Figurae
464 3595 502 3657 ad
530 3595 720 3657 Harmoniam
752 3595 869 3657 adnuo
894 3612 913 3655 a
935 3593 1093 3655 (inilielmc
1120 3595 1312 3670 Sehickardc,
1341 3603 1404 3655 tum
1427 3593 1550 3656 diacono

202 3684 402 3759 Nurtingensi,
425 3681 589 3745 delineatae
610 3691 691 3758 suut,
722 3684 799 3745 aliae
819 3682 900 3759 ligno
923 3683 1088 3759 inscriptae,
1118 3682 1194 3743 aliae
1216 3685 1278 3743 aeri
1299 3680 1419 3744 incisae.
1462 3680 1550 3764 (Vide

203 3769 305 3846 inira)

310 3854 621 3934 BibliopolaKeplero
636 3863 751 3917 cautum
774 3855 953 3933 exemplaria
975 3857 1071 3933 operis
1093 3857 1239 3917 ccmmlsit
1259 3874 1312 3934 pro
1334 3855 1475 3930 mercede,
1499 3856 1552 3916 illa

203 3950 305 4004 aetate
327 3956 386 4003 non
408 3945 526 4018 usitata,
550 3962 586 4004 ea
607 3943 787 4017 conditione,
809 3959 848 4002 ue
870 3942 946 4002 douo
969 3943 1107 4003 derantur
1127 3946 1279 4020 cuiquam,
1301 3944 1354 4005 sed
1375 3943 1435 4006 dxc
1456 3946 1551 4021 pretio

205 4034 341 4091 binorum
362 4030 536 4091 florenorum
558 4047 624 4091 cum
647 4029 766 4090 dimidIo
788 4027 989 4090 vanderadam.

311 4117 510 4195 Archetypum
531 4135 623 4195 parvo
645 4117 715 4178 tolio
731 4119 899 4193 impressum
915 4118 976 4179 331
996 4120 1120 4194 paginas
1137 4117 1337 4196 complectitur
1352 4134 1418 4177 cum
1433 4116 1553 4195 pagella

205 4203 325 4265 titulum
352 4214 383 4264 et
413 4204 625 4266 dedicationem
654 4206 806 4266 referente.
850 4203 885 4262 In
906 4203 992 4264 titulo
1020 4207 1108 4264 etiam
1134 4206 1262 4266 monada
1287 4203 1378 4265 editio
1400 4204 1552 4278 Hcdrcmi

207 4293 328 4353 retertur
357 4289 515 4369 (messit
535 4299 753 4370 nane,propter
773 4292 978 4369 cognationem
999 4295 1138 4352 materiae
1164 4292 1294 4369 ejusdam
1321 4291 1396 4352 liber
1417 4299 1487 4355 ants
1509 4294 1550 4352 ii

205 4395 302 4439 annos
323 4378 417 4438 editus
428 4378 592 4457 Tubingoe,
615 4380 661 4440 cui
683 4378 800 4440 titulus:
821 4378 998 4439 Prodromns
1013 4377 1113 4459 etc.“).
1143 4374 1260 4440 Titulus
1283 4385 1381 4438 autem
1404 4381 1551 4443 secundae

207 4466 343 4527 muccis
369 4465 558 4541 ,PredromI“
582 4468 670 4527 reiert
692 4482 801 4527 annum
823 4468 917 4539 leni,
940 4482 1034 4542 aeque
1056 4484 1092 4527 ac
1114 4467 1258 4527 dedicatio
1281 4468 1339 4532 (cir.
1355 4469 1378 4524 1
1395 4472 1470 4528 ibet
1483 4471 1550 4541 tut),

206 4562 240 4614 ut
255 4553 358 4614 titulus
371 4551 550 4614 Harmoniae
572 4553 679 4631 duplex
701 4556 857 4630 impressus
872 4570 936 4614 esse
952 4552 1094 4627 videatur,
1117 4553 1196 4630 quod
1211 4553 1551 4631 confirmaturinspeetc,

207 4641 278 4701 dnm
299 4640 373 4701 baec
400 4641 566 4713 scribimus,
598 4641 656 4702 elio
685 4639 843 4717 exernpieri
864 4640 1058 4715 Harmoniae,
1088 4645 1117 4699 in
1146 4658 1204 4717 qao
1228 4642 1333 4716 verba,
1365 4658 1441 4719 quae
1462 4641 1550 4700 modo

207 4729 373 4801 citaviunm,
390 4730 499 4789 omissa
512 4734 589 4789 sunt
616 4729 720 4790 Nonne
735 4729 796 4789 alia
811 4731 930 4805 insuper
943 4730 1130 4805 imoriptioue
1144 4735 1249 4788 ornata
1261 4746 1329 4807 pars
1343 4726 1550 4805 exemplarium

206 4815 387 4875 Hmmouiae
422 4815 562 4892 prodierit
598 4824 763 4892 qnaemtur,
798 4822 953 4893 propterea
979 4815 1058 4893 quod
1084 4814 1184 4875 multia
1212 4816 1332 4894 Kepleri
1362 4815 1550 4892 epistolarum

207 4902 282 4965 locis
307 4918 403 4965 sermo
434 4902 467 4965 fit
496 4902 535 4967 de
564 4902 781 4978 ,amonendo
809 4902 851 4965 ad
878 4900 1054 4979 bibliopolas
1088 4906 1232 4981 extaos“,
1266 4920 1325 4982 que
1353 4902 1551 4964 admonitione
