3872 5846
745 410 831 466 Liber
847 410 894 466 IV.
914 411 1003 481 caput
1019 410 1055 468 V.
1417 422 1422 429 “
1512 421 1575 480 239

220 576 331 632 interior
348 585 462 648 propter
478 582 564 651 magis
582 583 741 639 exteriores.
777 583 844 652 ipsa
862 584 989 656 princeps
1015 593 1043 642 et
1069 600 1196 656 suprema
1213 585 1319 642 animae
1343 587 1477 657 tamitaa,
1501 604 1578 643 ruens

222 656 306 722 dicta,
333 658 400 725 quid
418 667 461 716 est
479 662 531 717 nisi
549 664 693 717 centrum?
721 662 786 732 quid
804 664 1006 731 ratiocinativa,
1030 666 1083 720 nisi
1101 665 1238 722 circadas?
1272 667 1343 723 Nam
1367 666 1438 721 sicut
1455 674 1577 721 centrum

221 731 295 790 intus
314 745 366 805 est,
384 740 502 797 circulus
522 742 651 811 exterius,
669 744 709 797 sic
726 759 803 797 meus
814 758 904 798 secum
917 745 979 812 ipsa
989 751 1090 808 manet,
1106 744 1188 799 ratio·
1334 781 1384 831 mg,
1399 778 1432 823 34·

223 814 322 871 cinatio
342 819 424 875 telam
442 819 578 890 quandam
596 820 758 876 exteriorem
775 823 857 893 tarit3
877 831 905 877 et
919 823 991 878 sicut
1002 832 1125 879 centrum
1139 825 1190 879 cir·
1430 860 1432 865 .

221 897 283 967 tuli,
303 900 344 954 sic
361 915 437 953 mens
454 896 692 953 ratiocinationum
710 899 792 969 basis,
811 900 874 955 lons
892 908 921 956 et
939 903 1014 970 origo
1033 908 1084 957 est.
1119 903 1189 956 Rur-

221 989 282 1030 sum
300 978 387 1032 omuis
409 977 478 1030 haec
496 977 602 1031 animae
626 976 743 1032 facultas
764 985 819 1032 tam
837 977 1008 1047 intellectus,
1034 996 1115 1049 quam
1136 983 1189 1038 dis·

221 1068 331 1126 cursus,
355 1055 472 1121 denique
491 1055 573 1111 etiam
592 1055 733 1125 sensitiva,
759 1062 823 1110 suut
842 1064 966 1110 centrum
985 1058 1134 1128 quoddam,
1161 1066 1190 1115 at

220 1130 363 1190 facultates
382 1134 487 1187 animae
506 1133 646 1202 notrices,
665 1133 794 1202 circulus;
814 1134 878 1204 quis
894 1151 1003 1189 rursum
1022 1130 1187 1192 ut‘circulus

220 1220 349 1268 externus
368 1212 579 1279 circumponitur
597 1216 699 1280 centro,
718 1214 757 1267 sic
775 1214 897 1281 operatio
916 1213 951 1268 ad
963 1222 1042 1270 extra
1055 1221 1105 1284 est,
1125 1231 1187 1285 cog·

219 1291 287 1346 nitio
303 1291 497 1360 meditatioque
515 1289 655 1358 perficitur
671 1291 801 1357 iutusset
816 1298 848 1344 ut
859 1291 977 1346 circulus
995 1294 1030 1348 ad
1048 1302 1186 1365 puuctum,

220 1367 259 1421 sic
277 1369 476 1438 quodammodo
494 1382 525 1421 se
542 1367 627 1420 hauet
649 1369 720 1422 actio
738 1378 851 1424 externa
873 1371 908 1424 ad
931 1372 1187 1443 contemplationem

219 1447 364 1524 internam,
378 1456 472 1503 'motus
490 1445 612 1500 anim'alis
631 1445 666 1500 ad
679 1448 839 1504 saumonem.
874 1450 1009 1505 Punctum
1027 1451 1106 1519 enim,
1125 1453 1189 1521 quia

220 1527 343 1596 undique
361 1525 517 1597 oppositum
536 1524 776 1593 circumferentiae,
794 1535 886 1596 aptum
905 1539 999 1585 uatum
1020 1539 1062 1586 est
1079 1547 1187 1601 reprae-

220 1606 353 1672 sentando
372 1605 501 1677 patienti,
520 1610 548 1657 et
560 1604 650 1659 anima
668 1605 796 1659 sensitiva
814 1607 856 1659 vel
870 1607 916 1660 hic
928 1608 1108 1664 radiationum
1121 1626 1182 1679 per·

220 1686 338 1755 ceptiva,
366 1684 431 1752 quid
450 1680 524 1737 aliud
543 1681 684 1737 sentiendo
708 1692 736 1736 et
753 1684 943 1753 percipiendo,
966 1702 1047 1754 quum
1065 1691 1186 1756 patitur?

219 1781 257 1821 sc.
277 1765 341 1833 quia
359 1772 484 1817 movetur
502 1760 623 1829 objectis.
661 1761 847 1831 comparando
861 1763 942 1817 etiam
960 1771 1103 1833 utramque
1114 1783 1185 1822 com·

219 1844 401 1913 paratioucm:
420 1852 452 1895 ut
469 1841 540 1895 idem
558 1841 686 1909 utrinque
704 1848 837 1907 centrum,
857 1841 897 1895 sic
908 1841 990 1894 etiam
1008 1842 1102 1897 eadem
1121 1859 1186 1913 quo·

221 1921 364 1976 dammodo
383 1917 650 1988 cognitionisiorma
669 1927 719 1987 est,
738 1918 863 1974 mentalis
876 1920 1003 1987 princeps
1022 1927 1049 1974 ct
1058 1921 1187 1976 sensitiva

220 2002 264 2055 vel
282 2003 307 2055 ei
325 2001 448 2067 analoga,
467 1997 623 2066 perceptiva
641 1998 833 2065 radiationum;
851 2006 949 2061 neutra
968 1998 1092 2055 discursu
1111 2001 1139 2055 in
1157 2016 1187 2055 se

219 2080 289 2150 ipsa,
308 2085 442 2147 quatenus
459 2074 530 2137 talis,
550 2073 644 2143 utitur,
661 2076 710 2130 sed
728 2077 870 2145 cognoscit
887 2079 956 2133 citra
971 2078 1057 2132 illum.
1094 2079 1131 2134 Ut
1148 2079 1188 2133 ita

221 2156 257 2211 sit
274 2157 342 2210 haee
358 2155 438 2223 illius,
458 2161 555 2206 natura
574 2150 635 2206 dico
649 2155 802 2210 sublunaris
814 2158 956 2212 autetiam
971 2157 1102 2215 sensitiva
1113 2174 1186 2212 meu·

220 2236 256 2290 tis
274 2235 409 2297 humanae
426 2233 556 2303 principis
574 2235 664 2287 tenuis
677 2234 810 2303 quaedam
823 2235 922 2300 imago.
943 2236 1015 2292 sicut
1027 2237 1073 2292 ille
1085 2237 1189 2292 discur-

222 2330 269 2369 sus
287 2312 400 2369 rationis
417 2313 513 2367 harum
532 2315 669 2370 acdouum
695 2320 742 2368 aut
760 2316 948 2383 operationum
972 2315 1077 2370 animae
1098 2318 1187 2384 imago

221 2401 280 2464 est,
294 2403 411 2462 utraque
428 2395 555 2453 cuculus.

236 2505 240 2509 -
309 2473 450 2541 Quaoenus
463 2474 552 2543 'igitur
568 2474 673 2529 animae
692 2472 847 2541 percipiunt
863 2473 1029 2528 radiatioues
1050 2473 1184 2531 coelestes
1209 2484 1238 2532 et
1256 2479 1296 2533 sic
1313 2478 1347 2532 iis
1372 2475 1451 2546 quasi
1468 2490 1576 2529 moven-

220 2559 266 2608 tur
284 2567 376 2619 secum
393 2551 469 2619 ipsas
487 2551 575 2621 intus,
601 2553 680 2608 uobis
698 2560 801 2621 puncta
820 2562 918 2622 sunto,
944 2561 1079 2621 quatenus
1099 2570 1163 2609 vcro
1181 2556 1298 2612 vicissim
1316 2561 1438 2622 movent,
1464 2554 1517 2608 hoc
1534 2559 1578 2607 est

221 2637 355 2701 quatenus
374 2637 519 2700 perceptas
537 2631 720 2686 radiatiouum
737 2632 894 2687 harmonias
913 2632 1083 2686 transierunt
1099 2632 1126 2686 in
1140 2650 1223 2702 opera
1235 2650 1285 2690 sua
1299 2635 1387 2704 iisque
1404 2631 1587 2687 stimulantur¹

130 2746 136 2769 .
222 2709 257 2763 ad
275 2710 428 2778 agendum,
447 2710 614 2764 considerari
633 2710 734 2764 debent
751 2718 783 2764 ut
800 2710 927 2765 circulus.
965 2710 1096 2780 Sequitur
1112 2710 1202 2781 igitur,
1221 2720 1253 2767 ut
1269 2712 1297 2766 in
1313 2719 1445 2779 quantum
1464 2724 1577 2777 coguos-

222 2790 260 2845 cit
278 2780 434 2843 harmonias
451 2788 602 2859 radiorum,
627 2794 777 2858 occupetur
794 2788 964 2858 potissimum
992 2789 1064 2841 circa
1081 2791 1228 2845 neutralem
1249 2792 1376 2860 figuram;
1399 2788 1576 2859 inquantum

221 2884 284 2923 vero
303 2875 441 2938 operatur,
460 2868 535 2922 ciens
551 2875 675 2924 meteora
693 2871 731 2937 (et
750 2882 821 2937 quae
838 2864 936 2920 similia
954 2866 981 2919 iu
995 2866 1122 2935 homine),
1141 2868 1377 2924 circumferentiali
1396 2882 1458 2922 sese
1473 2882 1576 2920 accom-

221 2948 321 3004 modet.
357 2949 395 3002 Et
411 2962 474 3001 vero
488 2948 516 3000 in
529 2954 641 3016 aspectu
653 2948 729 3015 prior
740 2955 783 3000 est
794 2945 874 3000 nobis
887 2961 953 3001 curra
966 2945 1103 3001 efficaciae
1115 2964 1195 3017 quam
1208 2949 1280 3003 modi
1289 2964 1301 3012 ,⁴
1314 2963 1366 3018 quo
1379 2949 1402 3003 is
1412 2945 1577 3016 percipiatur

223 3018 263 3082 ab⁴
276 3027 366 3079 anima
383 3032 527 3095 operante,
552 3026 628 3095 prior
644 3025 728 3094 igitur
746 3032 774 3079 et
792 3022 1041 3079 circumferentialis
1061 3038 1141 3091 quam
1159 3026 1287 3081 centralis
1304 3027 1408 3094 figurae
1425 3030 1575 3095 respectus.

226 3185 229 3193 ,
308 3108 366 3168 Hic
393 3109 487 3187 figura
514 3111 623 3188 figurae
651 3112 682 3167 iu
711 3126 770 3168 uno
801 3116 831 3168 et
859 3107 963 3168 eodem
984 3116 1119 3184 respectu
1141 3109 1197 3167 iuit
1214 3110 1352 3185 collataq
1381 3111 1410 3166 iu
1441 3108 1575 3183 sequenti

223 3199 357 3274 gemina,
382 3201 536 3274 supposita
558 3197 661 3257 eadem
685 3197 794 3273 ligura,
820 3206 984 3273 opponetur
1006 3195 1070 3271 ejus
1094 3200 1260 3273 congruitas
1284 3196 1447 3273 scibilitati.⁴

310 3301 534 3379 Propositio
559 3302 626 3361 Vll.
671 3303 707 3361 In
728 3302 822 3378 figure
843 3290 1095 3362 circumferentiali
1119 3309 1250 3379 praestat
1272 3301 1462 3378 congruentia
1484 3299 1575 3361 scibi-

224 3389 301 3450 litati
322 3389 440 3466 lateris;
463 3393 492 3447 in
517 3390 636 3450 ceuuali
660 3392 789 3449 vicissim
812 3398 941 3467 praestat
955 3390 1098 3459 scibilitas
1113 3391 1218 3451 lateris
1233 3390 1439 3466 congruentiae
1454 3386 1574 3469 figurae.

277 3502 285 3516 ·
311 3493 434 3547 Pertinet
452 3492 520 3548 haec
537 3486 687 3562 propositio
705 3488 742 3543 ad
761 3489 1018 3544 consummationem
1037 3489 1085 3559 rei,
1103 3505 1180 3559 prop.
1194 3490 1220 3545 3.
1235 3488 1387 3545 inchoatae.
1406 3485 1575 3561 ·Etsienim

224 3570 400 3639 petierint.
421 3582 500 3641 quam
518 3574 545 3626 iu
564 3571 589 3625 3.
609 3574 652 3625 est
668 3569 859 3638 congruentia,
883 3569 1073 3639 potior-etiam
1097 3568 1166 3622 libro
1185 3565 1575 3636 111.fuitdemqnstrcpi1itaa,

224 3651 292 3704 haec
313 3650 404 3702 tam'en
429 3656 446 3704 a
465 3649 660 3704 constitutione
682 3655 842 3719 aspectuum
866 3663 920 3701 uon
943 3647 1053 3716 penitus
1076 3651 1120 3701 est
1143 3647 1310 3715 separanda,
1336 3662 1397 3701 cum
1421 3645 1489 3700 nulli
1512 3661 1576 3699 cou-

223 3728 363 3796 gruentiae
388 3741 438 3781 sua
461 3726 539 3783 desit
556 3726 706 3782 scientifica
731 3725 918 3780 determinatio
943 3725 1066 3797 adeoque
1081 3725 1124 3780 ab
1147 3725 1196 3779 illa
1217 3725 1372 3795 dependeat
1393 3740 1457 3785 cum
1472 3718 1575 3788 iatum,

223 3812 281 3860 tum
297 3806 445 3874 praecipue
468 3804 550 3861 meae
567 3807 779 3876 conprehensae
802 3804 941 3874 aflgurae
958 3804 1104 3873 latorium
1132 3805 1166 3858 ab
1184 3806 1292 3874 angulis
1314 3806 1401 3875 enim,
1427 3807 1456 3859 iu
1475 3805 1575 3874 quibus

223 3882 327 3939 re'sidet
344 3884 469 3954 aptitudo
488 3886 523 3939 ad
541 3886 758 3956 congruendum,
778 3885 927 3939 arcessitur
945 3882 1150 3938 demonstratio.
1496 3904 1500 3911 ·
1549 3915 1558 3931 ·

312 3962 392 4031 Quod
414 3963 498 4032 igitur
516 3965 730 4033 propositionem
755 3964 825 4018 hauc
841 3964 928 4031 ipsam
947 3962 1059 4030 attinet,
1084 3962 1192 4018 videtur
1214 3965 1378 4020 contrarium
1401 3963 1460 4032 ejus
1484 3974 1575 4020 verum

190 4054 197 4072 ·
223 4057 293 4107 esse,
310 4050 367 4096 tarn
386 4043 414 4097 in
433 4060 502 4110 uno,
527 4059 607 4113 quam
626 4045 652 4098 iu
672 4043 767 4098 altero.
804 4043 873 4096 Nam
891 4039 965 4110 quod
987 4041 1102 4109 figuram
1120 4043 1268 4099 centralem
1292 4045 1400 4113 attinet,
1428 4044 1487 4131 ejus
1506 4060 1577 4100 unus

222 4121 336 4188 angulus
354 4137 404 4190 per
421 4120 512 4175 radios
531 4131 594 4176 actu
611 4121 671 4190 ipso
690 4129 733 4181 est
751 4135 909 4189 expressus,
934 4120 1186 4178 cncumicrentialis
1203 4122 1295 4178 nullus
1313 4122 1474 4190 exprimitur
1491 4138 1576 4195 angu-

221 4200 274 4271 lus,
301 4200 348 4255 sed
375 4207 480 4255 tantum
506 4201 579 4256 latus
605 4198 817 4273 quadamtenus.
841 4202 1023 4269 congruentia
1040 4216 1105 4255 rero
1123 4210 1166 4256 est
1185 4202 1358 4271 angulorum
1387 4217 1451 4269 ergo
1470 4202 1577 4257 videtur

221 4278 269 4332 illa
291 4279 462 4348 potissimum
487 4280 514 4332 in
537 4271 650 4333 ceumali
672 4279 827 4348 spectanda
864 4280 933 4336 Nasu
958 4281 981 4335 si
1004 4287 1102 4335 ua'tura
1119 4280 1277 4337 sublunaris
1301 4281 1418 4350 percipit
1441 4282 1576 4350 quantita·

221 4365 277 4410 tem
303 4355 408 4423 anguli,
435 4373 516 4425 quem
539 4358 652 4413 duorum
678 4357 847 4426 planetarum
873 4359 943 4414 radii
967 4359 1085 4413 formant
1105 4358 1133 4412 iu
1152 4359 1250 4429 Terra,
1279 4358 1386 4413 videtur
1408 4360 1490 4414 etiam
1515 4376 1576 4430 per·

222 4436 313 4505 cipere
338 4451 421 4504 posse
449 4438 509 4505 ejus
534 4436 625 4506 auguli
651 4435 843 4505 aptitudinem,
879 4451 961 4505 quam
987 4438 1071 4495 habet
1098 4454 1159 4495 cum
1187 4440 1259 4506 aliis,
1295 4440 1331 4494 ad
1363 4442 1576 4508 congruendum.

223 4518 302 4586 Quod
322 4518 440 4573 vicissim
464 4519 492 4570 in
517 4510 752 4572 circumferentiali
766 4517 870 4584 potius
897 4510 933 4569 sd
957 4517 1107 4586 spectanda
1131 4518 1263 4572 scibilitas
1289 4517 1381 4572 lateris
1406 4533 1486 4588 quam
1513 4535 1576 4574 cou-

223 4599 348 4666 grueutia
368 4600 485 4668 ligurus,
512 4597 542 4650 id
563 4597 603 4652 sic
627 4604 721 4667 patere
739 4596 854 4651 ridetur.
891 4597 1010 4652 Scientia
1028 4597 1114 4665 euim,
1140 4612 1209 4667 quae
1231 4596 1316 4651 scitur
1333 4595 1433 4665 figura,
1459 4604 1491 4650 ut
1507 4595 1575 4649 libro

222 4678 309 4747 primo
335 4675 549 4730 demonstratum
577 4678 783 4742 est,;ccnsistit
804 4678 832 4731 iu
857 4676 1022 4747 aequalitate
1047 4677 1091 4731 rel
1113 4676 1205 4731 lateris
1224 4690 1284 4749 cum
1306 4683 1384 4743 parte
1402 4673 1502 4729 effabili
1517 4673 1575 4733 dia.

221 4755 315 4822 matri,
342 4754 385 4808 vei
412 4752 538 4830 quadrati
565 4751 599 4807 de
622 4754 708 4809 latere
730 4770 791 4809 cum
814 4763 892 4825 parte
916 4753 1017 4810 effabili
1046 4755 1080 4809 de
1108 4754 1240 4823 quadrato
1265 4753 1406 4823 diametri,
1429 4753 1472 4808 rel
1495 4767 1576 4807 areae

222 4833 333 4903 figurae
344 4849 406 4888 cum
423 4832 531 4901 mdem,
558 4832 600 4886 vel
623 4835 652 4889 iu
670 4834 725 4889 alla
743 4835 912 4889 connexione
937 4841 965 4887 et
983 4833 1206 4891 determinatione
1229 4832 1287 4887 sive
1305 4831 1413 4900 lateris,
1435 4834 1493 4891 sire
1516 4831 1575 4903 eins
