3882 5862
441 389 504 449 458
907 389 1074 458 Appendicis
1092 388 1316 444 Harmonicorum

436 561 623 624 hermonicas
646 582 681 624 ex
705 568 741 625 iis
763 574 928 640 entrance,
950 567 982 627 id
1004 576 1049 629 est
1072 569 1302 642 demonstratas,
1330 567 1411 644 quod
1434 568 1584 629 verissime
1607 564 1667 625 illis
1689 566 1779 639 insint,

437 668 529 710 vanas
552 656 743 728 pronuncias,
775 655 803 712 id
828 663 899 732 puto
921 655 960 715 ad
983 657 1039 716 Dei
1062 661 1201 718 creatoris
1231 657 1366 733 injuriam
1396 658 1549 732 pertinere.
1595 652 1677 713 Scito
1699 656 1777 726 euim,

436 737 512 799 haec
533 739 585 799 illa
614 758 679 800 esse
708 741 894 821 accidentia,
919 761 1044 818 quornm
1067 756 1180 805 creator
1200 762 1300 805 curam
1323 744 1474 816 habuerit,
1506 741 1667 819 inquibus
1699 756 1779 799 exor-

435 826 550 885 nandis·
566 828 694 904 aliquem
717 829 830 888 radium
853 833 1017 907 sapientiae
1040 851 1111 893 suae
1135 832 1316 910 impenderit.
1326 827 1366 909 ⁵⁸)
1411 832 1487 891 Ecce
1503 831 1581 891 eninr
1603 845 1712 903 negare
1726 844 1779 886 nou

434 923 535 988 potes,
566 916 640 974 inter
663 916 781 975 Saturni
811 918 1007 978 tardissimum
1040 928 1070 979 et
1092 920 1182 980 Jorie
1211 920 1427 980 velocissimum
1458 935 1522 979 csse
1555 916 1698 995 diapason
1722 917 1780 992 epi·

436 999 573 1077 diapente
596 1006 832 1079 proportionem,
863 1008 938 1066 inter
965 1005 1044 1066 illius
1069 1008 1284 1067 velocissimum
1314 1015 1344 1066 et
1374 1007 1461 1082 hujus
1489 1002 1686 1085 tardissimum
1715 1020 1780 1080 pro·

436 1091 599 1164 portionem
631 1089 774 1169 diapason
803 1093 979 1168 simplicem,
1017 1097 1155 1170 agnoscis
1184 1096 1391 1173 perfectionem
1417 1094 1530 1153 harum
1564 1093 1780 1170 proportionum

438 1170 477 1257 ¹),
501 1183 530 1234 et
556 1170 609 1259 1βῖ,
632 1195 687 1238 nec
710 1180 802 1239 audes
825 1198 1005 1254 assererem,
1028 1183 1057 1240 id
1080 1183 1200 1243 fortuito
1222 1185 1265 1243 sic
1287 1184 1435 1252 evenisse,
1466 1183 1550 1256 qussi
1572 1178 1647 1238 nihil
1670 1176 1706 1238 de
1728 1177 1779 1237 hac

434 1279 465 1320 re
488 1265 636 1339 cogitante
664 1274 803 1326 creatotc.
848 1267 932 1329 Haec
962 1272 1061 1328 omnin
1089 1287 1155 1329 cum
1187 1278 1222 1329 tu
1242 1271 1336 1340 scias,
1367 1256 1405 1327 ut'
1430 1278 1529 1328 tamen
1560 1285 1606 1327 me
1635 1265 1780 1327 ulciscaris

434 1365 492 1406 non
517 1349 605 1410 valde
626 1352 703 1413 mals
727 1358 878 1426 meritum,
910 1372 943 1435 os
967 1359 996 1413 in
1020 1356 1133 1417 coelum
1158 1356 1252 1428 tollis,
1283 1374 1389 1415 vanam
1412 1364 1441 1417 et
1464 1355 1628 1431 chimaerae
1658 1353 1778 1412 similem

434 1435 510 1495 hauc
540 1438 737 1500 harmonicam
766 1445 984 1519 proportionem
1013 1448 1197 1520 pronuncias.
1248 1443 1333 1504 Haec
1364 1461 1399 1503 cx
1430 1450 1513 1520 parte
1544 1443 1600 1502 Dei
1633 1442 1779 1500 creatoris.

435 1523 520 1583 Nunc
543 1526 580 1584 ad
604 1526 664 1586 alia
686 1538 855 1603 convertar,
881 1548 957 1606 quae
980 1532 1017 1591 ad
1040 1551 1087 1592 me
1110 1535 1279 1610 scriptorem
1303 1534 1458 1608 pertnent.
1504 1533 1595 1590 Acti
1618 1532 1717 1590 omnis
1739 1530 1781 1586 in-

434 1614 501 1686 quis
524 1617 632 1672 animo
653 1633 673 1673 a
694 1617 893 1690 planetarum
916 1621 1084 1693 aspectibus
1105 1629 1162 1680 ont
1182 1619 1312 1681 motihtes
1333 1618 1520 1695 dependeret.
1567 1618 1630 1693 ligo
1653 1615 1778 1692 quidem,

435 1698 580 1773 Roberte,
612 1708 850 1779 consequentiam
881 1705 968 1765 rideo
996 1707 1122 1779 nullam,
1162 1725 1257 1783 neque
1280 1724 1351 1766 sane
1383 1706 1439 1765 hoe
1466 1723 1567 1764 meum
1599 1702 1706 1780 dogma
1731 1712 1780 1774 est,

436 1789 507 1846 citra
530 1788 578 1847 vel
600 1799 669 1850 ante
691 1799 787 1850 motus
811 1794 958 1853 coelorum
981 1804 1091 1855 motum
1114 1798 1369 1871 vegetationemve
1401 1796 1429 1851 in
1452 1791 1561 1875 plantis
1590 1799 1620 1853 et
1642 1790 1777 1850 animali-

435 1874 491 1946 bus
519 1892 573 1934 nec
603 1877 691 1936 fuisse
722 1896 777 1939 nec
809 1898 873 1940 esse
901 1898 998 1956 posse.
1045 1882 1124 1959 Lege
1152 1883 1217 1941 lihri
1250 1885 1305 1942 mei
1330 1867 1389 1939 IV]
1412 1897 1475 1957 cap.
1501 1883 1537 1957 i,
1566 1881 1700 1939 invenies
1733 1879 1781 1950 ibi,

435 1971 568 2021 intutam
597 1965 786 2025 sublunarem
816 1985 929 2044 semper
957 1971 1124 2030 incumbere
1148 1972 1227 2046 operi
1251 1968 1388 2041 suo,·ed
1412 1968 1546 2026 stimulos
1576 1982 1646 2027 vero
1677 1983 1781 2042 aspec-

435 2056 517 2107 tuum
538 2054 710 2128 praecipuos
733 2054 849 2131 aliquos
872 2073 975 2132 capere
998 2060 1137 2134 impetum
1161 2058 1218 2116 lroc
1236 2059 1299 2133 jam
1314 2073 1402 2133 supra
1421 2056 1578 2115 inculcavi.
1625 2052 1776 2126 Simiam,

435 2138 540 2211 inquis,
564 2156 673 2214 corpus
694 2141 891 2202 commonicus
918 2148 1179 2220 mntemphetionis
1207 2148 1243 2203 in
1265 2146 1404 2203 extremis
1430 2143 1631 2218 planetarum
1653 2141 1781 2200 motibus

433 2228 580 2298 consistit,
608 2232 758 2303 sequitur,
789 2216 925 2289 nullom
942 2236 977 2290 in
997 2233 1114 2293 mundo
1142 2234 1235 2311 fuisse
1263 2233 1459 2290 harmoniam
1488 2237 1560 2288 onte
1586 2230 1781 2306 planetarum

433 2315 616 2385 positionem
637 2318 672 2373 in
694 2317 789 2375 coelis.
834 2317 916 2378 Male
939 2319 1063 2394 colligis.
1109 2319 1216 2378 Totum
1246 2321 1276 2377 in
1297 2319 1378 2378 hisce
1401 2316 1473 2391 quid
1494 2316 1618 2392 impedit
1645 2318 1689 2375 sio
1711 2332 1782 2375 oon·

435 2401 551 2472 sistere,
582 2408 614 2457 ut
635 2403 721 2461 simul
746 2407 833 2461 etiam
857 2414 951 2464 toturn
980 2410 1070 2466 sitin
1094 2407 1182 2466 aliisi
1227 2407 1292 2465 Non
1317 2414 1362 2466 cst
1393 2403 1470 2464 idem
1494 2403 1605 2478 dicere,
1635 2411 1731 2462 totum
1753 2405 1782 2459 iu

434 2485 516 2544 hisce
539 2494 569 2545 et
591 2496 683 2548 totum
714 2491 836 2550 ineolis
866 2493 955 2553 hisce.
1003 2493 1132 2568 Quaere,
1163 2494 1305 2563 ltobene,
1336 2501 1538 2569 quaerantque
1560 2499 1658 2551 tecum
1681 2507 1782 2549 omnes

435 2572 494 2643 eiii,
517 2572 639 2633 forsitan
662 2579 737 2635 enirn
762 2589 913 2639 occurrent
934 2580 1010 2640 aliae
1034 2600 1079 2640 res
1102 2582 1234 2651 sensiles,
1258 2582 1417 2655 inquibus
1441 2583 1530 2640 etiam
1552 2582 1591 2638 sit
1613 2595 1782 2655 expressum

436 2669 528 2718 totum
552 2678 656 2739 corpus
680 2664 881 2742 harmonicam
904 2685 980 2743 quae
1003 2671 1054 2728 uhi
1080 2686 1133 2729 ros
1155 2669 1353 2745 protuleritis,
1383 2677 1453 2728 tunc
1475 2685 1530 2743 ego
1554 2675 1644 2742 caput
1667 2668 1782 2726 tertium

434 2746 500 2804 libri
523 2750 579 2808 mei
603 2749 655 2808 IV.
679 2752 860 2815 Harmoniae
882 2746 1010 2836 augebo,
1033 2757 1157 2833 prolatis
1171 2758 1300 2815 terminis
1315 2756 1441 2831 subiecti
1456 2755 1649 2814 harmonices.
1687 2752 1782 2829 Quare

437 2852 506 2893 roro
530 2845 561 2893 tu
585 2836 692 2897 doceas
715 2840 897 2900 harmoniam
920 2843 995 2903 lucis
1019 2853 1048 2903 et
1063 2845 1256 2918 tenebrarum,
1268 2850 1357 2906 'novo
1374 2853 1403 2901 et
1418 2844 1568 2904 laxissime
1586 2859 1676 2902 sensu
1689 2843 1783 2910 vocis,

436 2922 463 2978 id
484 2922 546 2996 jam
570 2929 689 3002 saepius
713 2929 743 2986 in
765 2932 963 3006 superioribus
986 2941 1032 2992 est
1054 2932 1173 2993 dictum.

522 3008 708 3087 Quamquam
739 3018 827 3075 etiam
857 3020 884 3074 in
913 3036 987 3079 voce
1015 3020 1289 3095 contemplationis,
1324 3035 1413 3095 quam
1441 3017 1513 3077 mihi
1542 3018 1699 3094 reposuisti
1732 3032 1783 3093 pro

440 3113 505 3153 mea
530 3115 602 3156 voce
625 3107 916 3179 contemperationis,
947 3107 1057 3165 lucrum
1081 3116 1197 3183 captare
1221 3106 1344 3175 rideris,
1375 3105 1428 3164 sed
1456 3105 1571 3164 frustra.
1617 3104 1683 3163 Nou
1707 3106 1784 3165 enim

435 3187 528 3241 omriis
551 3203 616 3246 mea
638 3191 849 3266 contemplatio
871 3203 1004 3253 versatur
1027 3182 1056 3251 in
1079 3194 1263 3270 planetarum
1285 3195 1421 3263 motibus,
1445 3210 1513 3270 pars
1528 3193 1601 3268 ejus,
1624 3190 1701 3250 libro
1726 3194 1784 3250 sci-

434 3269 503 3329 licet
527 3271 578 3331 lV.
603 3278 660 3332 mci
684 3280 795 3351 operis,
829 3279 938 3341 decidit
967 3284 996 3339 in
1019 3282 1138 3341 Terram
1166 3285 1255 3357 inque
1285 3280 1383 3340 radios
1411 3280 1595 3356 planetarum
1623 3296 1784 3355 eorumque

435 3358 560 3432 angulos
583 3362 611 3417 in
635 3361 725 3422 Terra
747 3364 903 3441 formatos,
927 3387 995 3444 pars
1018 3386 1140 3441 rursum,
1164 3370 1238 3427 iihro
1262 3368 1373 3433 scilicet
1396 3368 1450 3435 ill,
1475 3369 1503 3425 in
1528 3384 1618 3427 voces
1640 3367 1785 3427 humanas

433 3454 463 3503 ct
490 3446 673 3507 artificiosas.
720 3451 759 3509 At
786 3460 1069 3530 contemperationis
1103 3457 1300 3516 camoenae
1329 3452 1407 3533 (qna
1436 3455 1693 3514 circumlocutione
1730 3471 1785 3525 epo

434 3535 563 3607 exprimo
587 3534 666 3595 illam
689 3536 863 3619 Ptolemaei,
886 3559 952 3602 cum
974 3568 1026 3621 spe
1048 3567 1100 3604 mv
1122 3538 1304 3620 iprrornnenv
1328 3566 1413 3615 peirn
1436 3537 1584 3623 nominat)
1607 3549 1701 3602 tetum
1719 3560 1785 3602 cor·

432 3638 487 3695 pus
510 3624 627 3681 invenio
651 3626 680 3681 in
704 3629 833 3687 motibus
855 3629 1052 3704 planetarum,
1083 3639 1178 3692 totum
1202 3638 1507 3706 quantumquantum
1531 3637 1575 3688 est
1603 3631 1633 3686 iu
1659 3631 1785 3691 vocibus

433 3707 577 3779 humenis,
602 3727 660 3767 non
684 3730 754 3772 vero
777 3716 818 3773 ita
843 3724 935 3776 toturn
959 3721 988 3776 in
1012 3719 1159 3779 radiorum
1182 3718 1307 3794 angulis.
1352 3719 1417 3777 Non
1445 3725 1511 3776 utar
1534 3719 1708 3793 exceptione
1736 3716 1788 3775 illa

428 3796 594 3870 justissima
617 3797 653 3857 de
676 3802 762 3858 unico
790 3802 841 3862 illo
865 3804 961 3865 triduo
984 3809 1093 3883 primae
1126 3805 1227 3865 mundi
1254 3807 1413 3878 infantiae,
1442 3804 1514 3880 quid
1544 3822 1684 3881 maguum
1708 3807 1786 3864 enim

432 3882 479 3940 vel
502 3884 644 3955 insolens,
675 3889 775 3963 siper
797 3889 826 3947 id
848 3910 913 3952 non
931 3895 1015 3967 pluit
1031 3894 1184 3954 Dominus
1205 3911 1302 3969 snpra
1316 3901 1432 3967 meram
1455 3899 1524 3964 etc,
1548 3911 1607 3952 non
1631 3900 1713 3966 utar,
1740 3896 1786 3950 iu-

433 3987 539 4045 quam,
563 3974 633 4046 quia
656 3974 727 4032 mihi
751 3994 825 4051 opus
848 3978 900 4039 illa
922 3998 980 4055 opu
1003 3990 1057 4043 est.

519 4056 596 4132 Quid
623 4060 685 4134 Jam
716 4080 793 4122 nunc
820 4083 875 4140 ego
896 4070 996 4142 potius
1019 4069 1110 4141 facio,
1144 4084 1232 4143 quam
1254 4074 1288 4124 ut
1315 4069 1368 4127 tibi
1400 4083 1454 4126 ceu
1476 4066 1561 4127 alteri
1584 4067 1786 4146 Aristophani.

431 4146 650 4207 festivissimam
673 4149 823 4210 exhibenti
845 4155 1025 4215 comoediam
1050 4152 1095 4236 (in
1120 4172 1179 4229 qua
1200 4162 1367 4215 extremum
1392 4155 1523 4214 hominis
1544 4154 1703 4231 delirium,
1729 4158 1810 4215 tuis.

434 4236 696 4299 imaeinationibus
724 4237 896 4307 formatum,
935 4244 990 4301 sub
1024 4260 1151 4319 persona
1182 4244 1238 4301 mei
1270 4245 1396 4301 nominis
1430 4242 1604 4311 hittoducisi
1638 4251 1788 4320 spectator

431 4320 579 4381 assidcam
609 4322 746 4383 Socrates
776 4343 847 4402 ego,
878 4329 1032 4389 subridens
1062 4328 1313 4406 applaudensque.
1365 4329 1451 4389 Certo
1481 4328 1617 4405 equidem
1646 4349 1787 4403 magnum

431 4409 583 4482 delirium,
607 4410 733 4470 oblitum
756 4419 911 4487 materias,
934 4420 969 4476 in
991 4436 1055 4492 qna
1076 4419 1132 4477 lux
1154 4434 1248 4492 opera
1262 4435 1320 4477 suo
1335 4416 1472 4492 dmipnot
1484 4417 1688 4495 proiiipnndt's
1703 4427 1788 4478 tene·

431 4497 509 4563 hris‚
540 4496 666 4556 oblitum
693 4501 879 4575 facultatum
903 4511 1049 4578 noturus,
1065 4505 1190 4580 quihus
1208 4506 1267 4564 ille
1295 4512 1332 4565 nt
1351 4522 1407 4564 een
1428 4506 1540 4580 eliquia
1566 4509 1715 4587 imperet,
1748 4505 1791 4565 ud

431 4584 534 4643 stellas
560 4585 722 4662 contiepcre
751 4606 821 4647 cnm
850 4590 973 4649 ethnicis
1005 4600 1035 4651 et
1063 4610 1140 4668 quae
1170 4600 1332 4667 sequuntur
1363 4595 1491 4655 oratoria
1517 4602 1717 4672 poppysmata
1740 4594 1790 4653 lu·

397 4692 403 4705 ι
431 4671 587 4729 nudantia.

521 4756 620 4818 Solem
642 4760 781 4834 equidem
801 4763 917 4837 sonum
939 4770 1039 4825 statuo
1060 4772 1159 4825 motus
1181 4766 1322 4836 milesiis,
1352 4773 1385 4826 ot
1406 4771 1589 4843 capuanum
1611 4770 1789 4827 creatricem

433 4860 496 4904 non
514 4862 679 4919 pererrare
701 4854 823 4907 tontum
845 4850 956 4911 mnndi
978 4852 1106 4929 laticem,
1130 4851 1184 4913 sed
1204 4854 1294 4913 fontis
1317 4854 1412 4932 ipsios
1430 4856 1621 4919 architectum
1644 4872 1788 4931 agnem,
