3840 5854
400 428 440 488 66
739 468 746 481 .
784 418 926 489 Epistulae
943 417 1054 487 Kepleri
1071 416 1240 486 ιιιιιιιιιιι
1258 377 1370 472 mutuae

400 597 497 666 stolus),
515 612 602 649 eumne
617 602 644 647 et
662 609 790 646 movemur
806 602 832 644 et
848 608 925 652 genus
942 597 1023 658 ipsias
1040 609 1133 646 sumna.
1168 595 1234 656 Ergo
1251 599 1278 645 et
1295 594 1363 644 Deua
1381 606 1479 659 anmpa,
1503 593 1566 655 quid
1584 593 1651 642 anim
1669 597 1708 643 eat
1722 594 1751 642 in

400 670 463 736 Deo,
482 669 549 731 qnod
566 683 618 718 non
636 669 670 715 sit
687 667 755 715 Deus
773 668 844 727 ipsei
881 666 915 713 at
932 680 988 714 oum
1006 668 1051 715 bas
1068 667 1173 715 rationis
1191 667 1306 714 tenebras
1324 666 1394 714 Deua
1411 665 1519 726 spiritus
1536 665 1618 713 sancti
1636 664 1677 713 sni
1693 677 1750 724 gra·

400 742 438 788 tia
454 743 481 789 in
498 744 581 788 mente
598 752 654 787 mea
671 737 822 798 dispulisset,
840 733 917 783 aliter
929 737 1008 784 tantis
1028 738 1149 785 derebus
1168 736 1260 785 sentire
1278 735 1363 785 didici
1390 735 1459 784 Dens
1472 736 1538 782 enim
1555 736 1611 796 ipse
1628 733 1656 781 in
1673 735 1750 783 verbo

400 824 445 860 suo
464 811 796 873 proportionem,creaturae
814 805 847 854 ad
866 810 1000 854 creatorem
1018 809 1141 868 expressit
1157 815 1183 855 et
1201 805 1273 869 dixit,
1292 807 1360 865 quod
1378 805 1465 853 eadem
1484 804 1525 864 sit,
1542 817 1608 865 qnae
1624 801 1700 851 nihili
1716 802 1751 851 ad

399 878 505 940 aliquid.
541 879 599 940 Qua
616 878 692 937 igitur
709 877 790 925 fronte
807 889 861 924 eam
880 874 1071 926 deificabimus?
1090 882 1135 925 ant
1152 874 1277 938 quomodo
1296 876 1391 925 rationi
1402 880 1503 924 nestrae
1520 880 1619 922 tanturn
1638 874 1750 937 fidemus,

401 956 437 1015 nt,
456 964 521 1011 quae
540 964 569 997 aa
587 948 660 996 nobis
679 947 710 995 de
723 946 776 995 Deo
796 953 868 993 extra
886 945 1045 995 manifestum
1065 945 1224 995 revelationis
1243 946 1345 995 verbnm
1363 947 1484 1009 suggerit,
1511 958 1570 992 rara
1592 958 1646 993 esee
1664 942 1750 991 creda·

400 1022 471 1068 muci
495 1033 550 1067 com
568 1032 598 1067 ea
616 1019 649 1065 eit
667 1030 750 1065 coram
768 1017 822 1064 Deo
840 1020 896 1063 tota
919 1030 976 1064 cum
997 1023 1052 1065 tota
1069 1018 1177 1066 bominis
1198 1016 1338 1067 substantia
1360 1021 1384 1065 et
1409 1016 1505 1063 viribus
1528 1013 1701 1062 damnationis
1726 1019 1751 1061 et

401 1091 556 1138 tenebrarum
574 1089 665 1147 abysso
684 1088 806 1150 immersa,
825 1091 851 1135 et
867 1084 997 1146 propterea
1014 1088 1062 1134 Dei
1080 1087 1191 1147 inimica,
1209 1083 1282 1151 nibil,
1301 1099 1366 1147 qnae
1383 1087 1487 1147 spiritus
1505 1084 1554 1132 Dei
1571 1089 1636 1145 sunt,
1655 1079 1751 1131 intelli-

400 1172 468 1220 gene.
505 1159 624 1207 creatura
642 1158 690 1206 Dei
704 1171 792 1205 sumus
807 1161 833 1204 et
849 1168 935 1217 genus,
953 1171 1038 1206 verum
1057 1163 1102 1217 est,
1120 1158 1164 1205 sed
1181 1157 1275 1205 fuimus
1293 1162 1319 1205 et
1330 1157 1418 1216 imago
1436 1155 1497 1204 Dei:
1513 1157 1573 1218 jam,
1590 1154 1690 1215 perdita
1702 1152 1753 1201 Dei

401 1230 521 1293 imagina
546 1227 617 1276 larva
634 1227 744 1277 Satanae
763 1240 806 1288 per
823 1232 939 1274 naturam
956 1226 1019 1277 iacti
1036 1241 1135 1293 snmus,
1161 1240 1224 1287 qnos
1242 1226 1311 1275 Deus
1333 1227 1458 1274 immensa
1480 1226 1600 1273 bonitatis
1622 1237 1683 1273 anae
1701 1223 1750 1270 ml·

401 1299 535 1351 sericordia
551 1296 642 1346 tolerat
669 1302 694 1345 et
710 1302 833 1358 propagat
854 1297 997 1345 exsemine
1020 1298 1117 1359 perdito
1142 1301 1167 1345 et
1184 1301 1283 1345 mortno
1306 1296 1416 1358 perditos
1439 1297 1464 1343 et
1483 1299 1607 1355 mortuos,
1632 1306 1682 1343 non
1700 1292 1749 1341 Dei

401 1371 536 1433 imagines,
562 1367 605 1417 aad
624 1367 746 1426 imagines
763 1366 880 1431 Diaboli,
902 1380 986 1415 coram
1001 1368 1140 1429 justissimo
1159 1372 1184 1414 et
1202 1368 1358 1416 severissimo
1376 1366 1439 1425 legia
1457 1364 1558 1413 divinae
1575 1364 1690 1412 examine
1707 1375 1752 1424 pa·

403 1440 470 1488 nitus
489 1452 546 1487 oum
565 1439 633 1486 omni
651 1437 793 1486 substantia
810 1441 835 1484 ιι
852 1437 948 1484 viribus
966 1437 1111 1486 damnatos:
1128 1450 1247 1497 magnum
1265 1438 1331 1485 enim
1350 1439 1387 1484 est
1405 1441 1430 1482 et
1446 1436 1480 1482 ab
1498 1435 1567 1483 omni
1578 1440 1654 1496 captu
1674 1434 1752 1481 ratio·

402 1510 441 1557 nis
459 1510 602 1558 abstrusum
620 1508 716 1569 peceati
734 1506 886 1566 musterium,
904 1520 997 1567 magna
1014 1508 1101 1570 lapsus
1118 1509 1192 1570 primi
1211 1520 1306 1569 poena,
1323 1520 1371 1556 neo
1387 1510 1441 1553 tam
1458 1505 1534 1565 levis,
1556 1509 1584 1552 ut
1601 1504 1674 1553 multi
1693 1503 1752 1552 doo-

402 1584 482 1627 tornm
501 1584 640 1626 nostrornm
658 1578 814 1625 existimant:
839 1581 905 1624 totus
923 1577 997 1625 homo
1023 1591 1054 1627 ex
1072 1579 1153 1627 forma
1169 1577 1266 1639 optima
1289 1577 1314 1625 iu
1333 1575 1468 1637 pessimam
1493 1575 1697 1634 transformatus,
1721 1585 1752 1621 ax

401 1651 511 1708 imagine
529 1648 578 1696 Dei
595 1649 621 1695 in
639 1648 735 1695 larvam
746 1645 865 1711 Satanae,
884 1646 945 1694 hino
959 1647 1027 1696 filius
1045 1650 1099 1698 irae
1116 1653 1154 1697 ast
1172 1661 1215 1710 per
1233 1651 1358 1696 naturam.
1394 1644 1444 1694 lieo
1465 1644 1532 1694 solua
1551 1645 1678 1693 homelia
1695 1657 1753 1705 per·

404 1718 471 1768 ditus
488 1719 562 1781 lapsu
580 1719 716 1779 primorum
734 1722 872 1777 parentum,
889 1716 935 1764 sed
952 1723 978 1766 et
995 1722 1062 1766 terra
1078 1717 1223 1779 maledicta,
1242 1718 1292 1765 imo
1310 1722 1365 1764 tota
1377 1719 1498 1779 creatura,
1516 1719 1635 1777 pereunte
1651 1713 1752 1762 domino

402 1802 456 1851 sno,
475 1789 502 1836 in
520 1790 590 1849 cuins
607 1787 774 1836 ministerium
792 1792 876 1834 creata
892 1787 950 1851 huit,
968 1790 1051 1853 periit,
1070 1792 1134 1838 teste
1153 1787 1274 1849 Apostolo
1294 1787 1365 1836 Rom.
1387 1784 1466 1833 viii:
1484 1789 1551 1848 tota,
1569 1785 1664 1848 lnquit,
1683 1796 1753 1832 crea·

339 1898 344 1909 .
402 1865 460 1907 tura
477 1858 596 1906 vanitatis
614 1857 714 1905 servitio
733 1862 757 1904 et
775 1857 942 1919 corruptionis
957 1859 1033 1919 malo,
1052 1872 1069 1906 a
1088 1872 1141 1927 qna
1158 1864 1234 1906 ιιιιι
1251 1857 1396 1919 liberafuit,
1415 1856 1529 1915 subjecta
1546 1861 1591 1914 eat,
1611 1854 1655 1902 sad
1666 1860 1752 1903 tamen

401 1930 429 1977 in
447 1940 515 1990 spem
533 1933 579 1977 etc.
616 1926 684 1976 Hinc
701 1933 819 1991 nonest,
838 1931 866 1974 ut
884 1928 911 1975 in
928 1931 1049 1994 creatura,
1068 1931 1096 1978 ln
1113 1929 1221 1991 bomine,
1240 1940 1389 1989 quaeramus
1400 1924 1467 1974 Deos
1483 1925 1523 1973 val
1534 1924 1623 1989 Deum,
1642 1922 1683 1972 vel
1705 1925 1751 1972 bo·

402 2010 462 2046 nnm
480 1998 591 2046 divinum
609 2003 634 2046 at
650 2010 747 2046 verumz
764 1995 823 2045 lieet
841 1998 908 2044 euim
920 1997 988 2046 Deus
1006 2000 1091 2047 omnia
1107 1998 1221 2063 impleat,
1238 2003 1264 2046 at
1279 1997 1464 2059 omnipraeseus
1482 1995 1524 2055 sit,
1539 1993 1753 2056 omnipraesentia

403 2073 485 2115 tamen
502 2069 553 2117 ista
570 2073 622 2115 tam
639 2068 712 2127 longe
730 2080 828 2116 omnem
846 2072 1075 2128 captumnostrnm
1094 2068 1204 2132 excedit,
1230 2074 1259 2117 ut
1283 2069 1315 2115 ab
1334 2080 1366 2114 ea
1382 2065 1446 2113 nihil
1466 2065 1541 2127 plana
1562 2069 1633 2113 extra
1646 2065 1752 2127 ¹verbum

404 2139 539 2187 revelatum
555 2138 646 2186 inferre
665 2150 720 2186 vere
738 2150 868 2200 queamus.
905 2138 958 2186 Imo
977 2139 1028 2187 ista
1043 2140 1228 2188 harmoniarum
1246 2137 1378 2187 vellicatio
1403 2135 1569 2196 cognitionem
1588 2132 1682 2182 (lhriatl
1706 2134 1752 2181 ob·

403 2213 499 2272 socrat,
526 2208 669 2268 mysterium
687 2207 768 2254 meriti
787 2209 840 2267 ejus
859 2210 961 2271 evertit,
985 2210 1130 2269 mysterium
1147 2209 1342 2269 regenerationis
1359 2210 1461 2256 nostrae
1483 2204 1564 2254 eludit
1587 2209 1612 2254 et
1628 2204 1709 2253 multa
1725 2204 1754 2251 in

404 2290 462 2325 vera
478 2276 606 2337 theologia
622 2277 730 2325 absurda
748 2276 828 2337 parit:
851 2290 901 2325 una
919 2278 986 2326 enirn
1003 2278 1114 2327 absurda
1132 2279 1197 2327 ratio
1222 2280 1249 2327 in
1267 2277 1379 2327 veritatis
1402 2276 1489 2323 album
1514 2278 1612 2337 recepta
1636 2276 1753 2322 innume·

403 2360 443 2394 ras
461 2345 526 2396 allas
545 2346 578 2395 ad
597 2361 623 2395 se
641 2346 717 2394 trehit
733 2347 869 2411 falsitates,
889 2348 981 2411 quibus
999 2348 1129 2397 veritatem
1148 2363 1192 2412 pro
1211 2363 1253 2413 ao,
1278 2346 1347 2412 quod
1363 2347 1392 2394 in
1409 2359 1463 2393 eam
1481 2345 1562 2409 fovet,
1590 2344 1648 2393 odiu
1668 2344 1754 2406 oppri-

403 2430 468 2464 mere
487 2418 525 2465 vel
544 2419 630 2465 saltem
653 2417 785 2464 obscurare
803 2417 900 2468 nititur.
936 2417 1038 2467 Possem
1059 2418 1121 2468 baec
1145 2419 1230 2466 omnia
1252 2417 1367 2479 pluribus
1392 2421 1416 2465 et
1440 2415 1577 2463 clarissime
1603 2428 1634 2463 ex
1653 2414 1754 2462 divinae

403 2487 517 2535 veritatis
535 2487 603 2535 fonte
621 2485 796 2549 demonstrare,
816 2500 899 2534 verum
918 2487 981 2537 haee
998 2483 1034 2544 ὥς
1052 2483 1080 2538 ἐν
1096 2488 1204 2555 xapodp
1223 2488 1289 2537 dlcia
1306 2486 1442 2536 sufficiant:
1460 2490 1487 2533 tu
1503 2484 1575 2547 plura
1587 2484 1713 2534 meditare.

492 2554 561 2617 Quae
578 2561 663 2604 antem
680 2556 861 2604 harmoniarum
879 2559 1030 2621 quantitatis
1055 2564 1092 2607 est
1109 2559 1174 2617 ratio
1191 2560 1219 2607 in
1236 2555 1468 2621 magnitudinibus,
1492 2553 1579 2604 eadem
1606 2557 1634 2603 in
1651 2567 1753 2603 numero

404 2626 486 2689 etiam,
504 2626 571 2691 qnod
583 2625 617 2675 ad
635 2626 833 2687 essentiam'ejus
845 2629 943 2687 attinet,
963 2634 991 2676 ut
1002 2642 1034 2676 ex
1045 2629 1085 2690 iis,
1104 2643 1168 2695 qnae
1182 2628 1212 2677 de
1224 2628 1353 2677 barmonle
1368 2638 1443 2689 supra
1455 2625 1536 2689 attuli,
1555 2625 1670 2687 colligere
1685 2621 1752 2674 licet.

493 2695 543 2745 Sed
561 2697 646 2745 omnia
667 2695 728 2745 haee
750 2710 779 2744 ιο
797 2697 900 2759 scripsi,
922 2702 951 2744 ut
973 2703 998 2747 te
1015 2697 1049 2747 ad
1073 2699 1220 2762 penitiorem
1245 2711 1326 2747 rerum
1349 2698 1455 2745 istarum
1479 2694 1666 2756 indagationem
1684 2694 1753 2742 exci-

404 2771 492 2816 tarem:
510 2766 634 2830 principle
652 2771 717 2831 sunt,
735 2780 799 2830 quae
817 2766 949 2831 indagasti,
968 2768 1111 2834 etquidem
1129 2770 1251 2826 maxima,
1274 2770 1367 2830 majora
1384 2773 1467 2815 tamen
1484 2768 1560 2831 dent,
1579 2766 1601 2815 sl
1619 2764 1753 2827 principiis

403 2850 453 2886 non
472 2837 615 2886 immoratus
633 2835 666 2884 ad
682 2836 859 2899 perfectionem
876 2838 995 2886 scientiae
1013 2838 1044 2887 de
1061 2840 1135 2888 rebus
1152 2844 1204 2887 tam
1219 2840 1340 2888 abstruais
1358 2837 1494 2901 perrexeris
1513 2841 1539 2884 et
1556 2836 1629 2885 nobis
1647 2836 1750 2884 harmo-

404 2909 500 2956 niarum
517 2909 625 2956 rationes
643 2920 694 2955 non
711 2910 806 2955 tantum
826 2907 853 2955 ln
870 2909 1060 2971 quantitatibus,
1079 2909 1124 2958 sed
1142 2910 1210 2957 etin
1228 2909 1391 2973 qualitatibus
1409 2905 1554 2971 etquidem
1572 2919 1629 2954 oum
1647 2901 1754 2970 quanti-

403 2982 480 3026 tatum
497 2978 635 3025 ratlonlbns
653 2981 815 3037 congruentes
834 2977 1049 3027 demonstraveris:
1068 2992 1119 3043 quo
1137 2979 1221 3027 labore
1239 2975 1418 3027 incredibiliter
1435 2978 1470 3024 rei
1489 2975 1598 3024 medicae
1617 2975 1751 3039 profueris.

490 3048 576 3112 Ajunt,
595 3046 644 3095 boc
661 3059 760 3111 qnoque
778 3051 888 3109 tempore
907 3053 1034 3111 cometam,
1052 3048 1154 3113 quidam
1173 3063 1231 3098 vero
1250 3049 1312 3097 duos
1330 3047 1426 3112 videri;
1445 3060 1495 3108 ego¹
1506 3046 1603 3094 nullum
1622 3047 1753 3094 observare

405 3119 484 3181 potui,
500 3116 566 3165 unde
583 3129 643 3165 nnm
661 3130 718 3165 vera
735 3118 794 3182 sint,
813 3131 876 3182 quae
894 3117 1011 3166 dicuntur
1028 3124 1053 3167 et
1069 3132 1131 3167 num
1148 3134 1163 3168 a
1179 3124 1204 3168 te
1221 3131 1322 3184 quoque
1340 3117 1463 3167 observati
1481 3117 1544 3183 sint,
1562 3116 1663 3178 nescle;
1681 3120 1710 3163 tn
1729 3115 1752 3163 si

406 3187 468 3253 quid
485 3192 523 3236 est
539 3188 590 3236 veri
609 3187 635 3234 in
652 3200 751 3236 rumore
768 3186 827 3252 boo,
846 3200 886 3235 me
904 3201 1003 3237 moneas
1022 3202 1073 3237 oro.

492 3256 631 3305 Monstrum
650 3256 826 3306 llerrnalsense
843 3271 874 3305 ex
893 3270 935 3306 sue
952 3263 1101 3321 prognatum
1119 3259 1182 3307 facie
1200 3259 1316 3323 hnmana,
1334 3256 1378 3306 aad
1394 3257 1490 3306 larvata
1507 3269 1564 3306 cum
1582 3256 1680 3306 cucullo
1698 3264 1754 3302 nro·

406 3327 491 3394 nacbl,
510 3327 657 3391 proboscide
675 3327 813 3393 elephanti,
842 3328 920 3376 ιιιᾶι
937 3329 1092 3394 pedibusque
1112 3328 1238 3389 draconis,
1262 3327 1350 3391 procdl
1370 3327 1446 3376 dubio
1462 3330 1514 3389 iem
1531 3326 1628 3379 vidisti.
1664 3324 1754 3374 ilertna

406 3399 481 3447 etiam
499 3411 581 3446 rumor
599 3397 697 3445 Vienna
715 3397 745 3445 ad
764 3410 810 3446 nos
827 3397 926 3463 attulit,
950 3400 1055 3460 milites,
1081 3401 1124 3462 qul
1142 3404 1199 3448 ante
1217 3403 1313 3461 portam
1331 3397 1454 3459 quendam
1472 3397 1542 3445 urbis
1562 3401 1616 3456 (nec
1634 3397 1701 3445 enim
1718 3396 1755 3442 ita

406 3473 526 3532 accurate,
545 3473 573 3516 ιι
591 3466 621 3515 de
638 3466 737 3515 nomine
754 3472 839 3528 portae
854 3468 1016 3535 inquirerem,
1034 3470 1167 3527 inciderat)
1184 3470 1210 3517 in
1230 3468 1344 3517 excubiis
1362 3471 1446 3535 eraut,
1466 3471 1538 3516 nocte
1556 3468 1664 3532 quadarn
1682 3463 1755 3513 audi·

407 3539 473 3586 visse
491 3551 576 3586 vocem
594 3537 731 3600 clamantis,
749 3534 853 3604 hinwtp
870 3551 924 3589 oon
940 3536 1051 3603 hirenen,
1070 3553 1173 3601 eamque
1191 3551 1248 3588 cnm
1266 3539 1450 3588 existimassent
1468 3551 1521 3587 ease
1538 3551 1631 3602 eorum,
1649 3537 1694 3602 qui
1711 3537 1754 3583 in-

406 3613 445 3656 tra
462 3608 547 3656 urbem
566 3608 593 3655 in
611 3606 695 3655 eadam
713 3611 786 3669 porta
803 3606 948 3673 vigilabant,
967 3623 1066 3659 oausam
1084 3623 1127 3658 cur
1145 3609 1203 3658 inde
1222 3608 1377 3658 discederent
1395 3622 1425 3658 ex
1443 3609 1506 3671 ipsis
1524 3609 1691 3674 quaesierunt,
1710 3604 1754 3654 sed

407 3690 464 3727 cnm
480 3678 543 3726 nibil
561 3677 674 3738 responsi
690 3676 722 3724 ad
739 3678 915 3737 interrogatum
938 3680 1102 3744 accepissent,
1127 3681 1304 3743 acquieverunt
1326 3684 1394 3742 tum3
1422 3681 1536 3742 sequenti
1555 3683 1628 3727 nocte
1651 3675 1753 3727 eandem

347 3760 352 3777 ¹
407 3761 492 3797 vocem
510 3749 600 3811 iterum
617 3746 748 3796 audierunt
771 3753 796 3795 et
814 3749 887 3796 simul
904 3751 1012 3797 sonitum
1031 3750 1056 3797 in
1076 3751 1143 3810 aire,
1167 3753 1285 3812 tanquam
1302 3762 1408 3809 magnae
1429 3748 1557 3809 cujusdam
1575 3750 1629 3797 avis
1647 3749 1753 3798 circum·

407 3818 552 3875 volitantis;
571 3817 657 3867 eadam
682 3830 732 3865 vox
756 3817 832 3866 simili
855 3832 912 3867 cum
934 3820 1039 3881 strepitu
1064 3824 1089 3868 et
1113 3819 1225 3881 proxima
1246 3819 1319 3868 tertia
1342 3822 1414 3867 nocte
1431 3818 1516 3867 audita
1540 3823 1577 3868 eat
1602 3820 1633 3868 ab
1656 3817 1754 3868 iisdem.

376 3892 380 3899 ⁴
411 3886 479 3951 Quid
496 3890 545 3937 ista
561 3885 710 3951 portendant
727 3892 829 3936 eventus
847 3889 970 3950 probabit.

495 3958 558 4007 Vale
575 3961 600 4007 et
617 3971 656 4006 me
677 3956 707 4006 de
724 3959 774 4006 tuis
791 3956 931 4019 laboribus,
956 3959 1047 4023 quibus
1069 3961 1119 4021 iam
1142 3972 1224 4025 vacas,
1252 3956 1487 4009 certiorem-facias.
1523 3957 1609 4009 Saluta
1631 3972 1687 4009 mee
1706 3972 1753 4008 no-

407 4030 474 4078 mine
492 4032 621 4091 coniugem
638 4033 707 4077 tuam
725 4028 907 4089 charissimam,
926 4029 1006 4077 hlium
1024 4035 1049 4078 et
1066 4028 1143 4078 tiliam
1160 4035 1228 4079 tuam
1247 4029 1399 4094 Susannam,
1423 4031 1445 4077 al
1462 4034 1544 4078 tecum
1562 4034 1607 4080 est.
1643 4029 1752 4079 Domino

407 4092 639 4159 item'driogalleto
656 4103 741 4147 nostro
759 4099 872 4148 osculnm
891 4100 959 4160 pects
977 4104 1002 4147 et
1019 4099 1109 4162 pedum
1127 4112 1183 4148 cum
1200 4099 1281 4150 salute
1298 4097 1377 4148 multa
1399 4113 1414 4147 a
1432 4114 1471 4148 me
1493 4100 1619 4149 nunciato.
1655 4100 1755 4149 Dabam

410 4170 591 4230 Bastenbargae
609 4168 650 4217 die
666 4164 709 4219 13.
727 4168 843 4218 Octobris
860 4182 925 4216 anno
942 4168 1083 4222 itncxlx,

496 4256 671 4319 Philippos
689 4254 846 4304 lflillerns
865 4253 923 4319 (nat.
939 4256 1072 4317 llerzbargi
1090 4271 1113 4306 ι.
1134 4254 1209 4321 1585,
1227 4256 1352 4322 professor
1369 4257 1559 4307 mathematicae
1576 4264 1602 4307 et
1618 4257 1756 4307 medicinae

411 4327 437 4375 in
456 4327 580 4376 academia
598 4326 732 4391 Lipsienri,
750 4330 820 4374 nort
842 4322 925 4391 1659),
945 4339 1018 4389 quem
1036 4327 1163 4387 attigimus
1180 4329 1229 4378 vol.
1242 4329 1274 4380 ll.
1293 4342 1319 4391 p.
1337 4323 1397 4394 481,
1416 4326 1551 4391 Keplerum
1568 4328 1631 4376 adiit
1648 4328 1756 4390 epistola

412 4398 492 4459 ,bene
509 4397 608 4463 longa‘⁴,
634 4397 661 4444 ln
679 4410 729 4461 qua
746 4390 881 4458 Keplerum
899 4395 1017 4445 laudibus
1035 4397 1105 4445 effert
1123 4403 1147 4445 et
1164 4400 1322 4463 quaeatIonas
1340 4411 1390 4446 nun
1408 4411 1499 4460 pancas
1523 4400 1618 4463 profert
1636 4398 1666 4447 de
1683 4395 1755 4446 libris

411 4481 426 4516 a
444 4465 550 4527 Keplero
569 4467 651 4532 editis,
669 4466 800 4529 praecipue
819 4465 849 4514 de
867 4466 981 4528 Epitome
1000 4472 1025 4516 et
1041 4467 1106 4515 libro
1125 4467 1155 4515 de
1173 4468 1251 4518 Stella
1267 4468 1344 4533 Nove,
1363 4482 1408 4518 nec
1424 4481 1476 4516 non
1494 4467 1525 4516 de
1537 4468 1674 4517 Harmonia
1686 4467 1754 4530 Kep-

412 4537 463 4586 leri.
500 4536 618 4586 hiiillerus
637 4537 662 4585 in
682 4535 783 4585 exordio
808 4536 933 4585 literarum
952 4550 1052 4585 suarum
1074 4537 1198 4599 judicium
1223 4546 1293 4601 grato
1311 4539 1393 4587 animo
1419 4539 1523 4604 accipit,
1548 4537 1616 4600 quod
1633 4538 1755 4601 Keplerna

412 4607 443 4656 de
460 4606 554 4667 libello,
572 4622 646 4673 quem
664 4606 784 4655 Millerus
802 4611 889 4655 contra
906 4605 1037 4666 Nagellum
1063 4609 1226 4675 conscripsit,
1248 4609 1294 4671 ,ad
1316 4621 1470 4658 communem
1487 4610 1607 4665 amicum,
1627 4608 1659 4659 D.
1679 4607 1755 4659 Sena-

411 4678 476 4726 alum
494 4678 653 4726 exaraverit“.
688 4676 816 4742 Agnosco,
834 4676 883 4737 alt,
902 4677 1000 4725 solitam
1018 4678 1214 4728 benevolentiam
1231 4685 1316 4744 tuam,
1339 4679 1469 4729 exosculor
1486 4679 1671 4745 humanitatem,
1691 4692 1755 4744 qnae

411 4748 439 4797 ln
457 4750 482 4796 ιι
499 4752 568 4795 tanta
585 4752 746 4809 estaemper,
765 4753 794 4795 ut
810 4760 841 4794 ιι
859 4747 961 4812 quidam
978 4755 1123 4810 aspernetur
1140 4749 1294 4800 adversarios
1311 4764 1382 4816 euos,
1406 4748 1498 4798 nedum
1516 4748 1663 4810 dedignetur
1680 4749 1754 4810 igno·

411 4822 458 4867 tos.
494 4815 576 4878 Quam
599 4819 711 4880 comiter,
735 4831 809 4882 quam
833 4816 973 4866 humaniter
994 4825 1018 4866 et
1042 4820 1135 4868 urbane
1158 4834 1172 4867 a
1197 4826 1221 4870 ιι
1246 4820 1347 4870 habitus
1375 4825 1412 4869 est
1429 4818 1551 4869 Robertns
1570 4818 1710 4881 (Finddlns)
1728 4819 1755 4869 ln

412 4892 517 4953 utroque
535 4886 672 4950 appendice
695 4893 720 4938 at
743 4888 871 4950 apologial
907 4889 942 4937 At
960 4888 1025 4937 ferus
1043 4889 1087 4938 ille
1104 4889 1287 4951 improbissime
1304 4889 1388 4941 referit
1405 4895 1430 4940 et
1446 4891 1572 4954 furenter,
1595 4890 1713 4941 iracunda
1731 4892 1756 4940 at
