3792 5860
403 451 443 513 8²
894 449 936 505 De
952 448 1114 521 Figuraruur
1130 447 1355 515 maiman

336 634 368 703 ·,
402 622 563 728 gepmctria
583 623 696 715 nullum
716 625 878 702 habeant“,
901 634 1029 701 ιιιιιιιιι
1051 634 1124 732 esto,
1146 643 1264 708 carpere
1285 642 1362 705 ques
1382 640 1442 687 uon
1463 625 1641 704 intelligitist
1663 625 1745 701 mibi,

404 712 455 789 qui
475 728 568 772 rerum
591 704 695 774 causas
717 710 841 793 indago,
870 723 1075 793 praeterquam
1102 717 1133 775 in
1161 714 1274 778 docimo
1302 711 1432 777 Euclidis
1460 716 1582 776 semitae
1611 712 1651 777 ad
1678 712 1746 777 illas

403 799 501 861 nullae
523 807 685 877 patuerunt.

488 885 612 946 Βιιιιιιιι
634 893 752 948 ιιιιιιι
773 886 903 949 Lazarus
917 888 1112 951 Schunerus
1103 908 1135 949 m
1150 887 1319 951 Geometrie
1340 905 1395 949 sua
1416 894 1513 949 lassus
1535 895 1589 964 est,
1610 904 1643 951 se
1657 889 1746 965 quiu-

404 991 461 1051 que
476 990 626 1053 corpcmm
647 974 823 1054 regularium
845 994 931 1036 usum
949 976 1037 1056 plane
1059 976 1172 1037 nullum
1193 981 1222 1036 in
1244 973 1353 1038 mundo
1374 974 1473 1035 videre
1487 978 1630 1055 potuisse,
1653 975 1746 1035 donee

404 1059 534 1121 libellum
554 1078 669 1137 meum,
684 1080 770 1141 quem
792 1061 965 1142 Mysterium
980 1063 1260 1144 Cosmographicum
1281 1064 1423 1141 inscripsi,
1447 1063 1616 1142 perlegerit:
1640 1064 1745 1140 inquo

404 1149 586 1227 planetarum
607 1166 758 1210 nnmerum
792 1159 822 1210 et
849 1150 1004 1212 intervalia
1035 1152 1128 1232 probo
1159 1170 1194 1212 ex
1223 1152 1391 1231 corporibus
1414 1152 1543 1229 quinqua
1564 1149 1747 1228 regularibus

404 1252 468 1297 esse
491 1235 632 1299 desumta
676 1237 752 1300 Ecce
775 1236 845 1315 quid
868 1241 1000 1300 nocuerit
1020 1239 1131 1301 Rarms
1153 1240 1291 1317 magister
1313 1238 1461 1300 schonero
1484 1237 1635 1318 discipulo.
1680 1236 1747 1296 Pri·

404 1341 483 1383 mum
504 1322 615 1385 Remus
640 1324 795 1386 Aristotele
823 1326 966 1405 perlecto,
998 1329 1049 1405 qui
1076 1327 1255 1388 refutaverat
1275 1324 1502 1405 Pythagoricum
1531 1324 1749 1405 philosophiam

405 1413 481 1471 eirca
502 1410 709 1472 elementorum
729 1415 921 1492 proprietates
941 1432 978 1475 ex
999 1417 1128 1492 quinque
1150 1414 1318 1493 corporibus
1340 1411 1493 1488 deductas,
1523 1416 1622 1474 statim
1648 1413 1747 1472 auimo

405 1501 539 1577 concepit
560 1508 736 1560 contemtum
758 1503 848 1561 totius
869 1499 1073 1581 philosophias
1088 1501 1316 1581 Pythagoricae3
1340 1498 1444 1563 deinde
1466 1517 1532 1561 cum
1554 1503 1650 1575 ιιίιιι,
1672 1498 1748 1559 Ριι-

405 1584 483 1659 cium
504 1585 592 1646 luisse
615 1587 828 1666 Pythagoricae
851 1595 957 1665 sectae,
980 1606 1039 1649 non
1062 1588 1182 1650 credidit
1204 1591 1231 1649 ei
1253 1588 1421 1662 affirmanti,
1443 1587 1522 1664 quod
1544 1594 1606 1648 erat
1627 1587 1748 1647 verissi-

405 1691 493 1748 mum,
516 1691 555 1733 sc.
578 1674 711 1736 Euclidei
733 1677 829 1755 operis
850 1675 985 1736 ultimum
1006 1675 1108 1754 linem,
1136 1675 1174 1738 ad
1205 1694 1291 1754 quem
1312 1677 1484 1739 reserrentur
1505 1692 1606 1737 omnes
1628 1674 1747 1734 omnino

407 1762 619 1840 propositiones
642 1764 771 1823 omnium
791 1763 931 1824 libromm
951 1761 1092 1847 (exceptis
1115 1781 1191 1841 quae
1213 1764 1252 1824 ad
1273 1780 1424 1825 numerum
1445 1764 1605 1842 perlectum
1626 1759 1747 1837 ducunt)

407 1865 472 1908 esse
494 1851 621 1928 quinque
644 1867 765 1930 corpora
785 1850 938 1927 regularia
984 1850 1061 1911 Hinc
1091 1858 1155 1912 orta
1182 1858 1227 1913 est
1257 1850 1336 1931 apud
1356 1851 1482 1913 Remum
1504 1849 1749 1912 confidentissime

405 1938 572 2013 persuasio,
604 1940 732 2015 quinque
761 1955 882 2021 corpora
912 1955 976 2000 esse
1005 1938 1183 2001 removenda
1204 1956 1223 2001 a
1242 1937 1300 2000 ine
1328 1937 1467 2015 librorum
1487 1937 1749 2000 Elementariorum

407 2023 545 2085 Euclidis.
621 2030 627 2039 '

494 2109 617 2172 Ademto
639 2111 697 2172 ine
719 2115 825 2192 operis,
849 2112 941 2174 veluti
961 2113 1055 2175 iurma
1075 2112 1200 2174 aedilicii
1222 2110 1356 2189 sublata,
1377 2112 1598 2192 relinquebatur
1619 2112 1749 2173 informis

407 2204 502 2259 strues
523 2201 755 2279 propositionum
781 2202 812 2259 in
840 2198 976 2277 Euclide,
1005 2203 1035 2260 in
1062 2217 1150 2278 quam
1178 2199 1261 2261 velut
1289 2203 1318 2259 in
1346 2197 1459 2261 larvam
1487 2200 1617 2280 aliquam
1638 2198 1749 2263 Remus

374 2304 378 2305 ⁷
408 2288 478 2346 totis
501 2288 543 2346 28
565 2287 648 2347 libris
670 2285 843 2348 Scholarum
864 2288 1020 2364 invehitur,
1042 2304 1150 2366 magna
1173 2286 1289 2349 dicendi
1310 2288 1478 2362 acerbitate,
1502 2305 1610 2368 magna
1630 2290 1749 2348 temen·

408 2381 485 2444 tate,
515 2381 597 2434 tento
625 2375 689 2434 viro
719 2374 929 2454 indignissima
973 2374 1059 2437 Hanc
1079 2374 1166 2436 Rami
1192 2377 1410 2455 persuasionem
1439 2383 1557 2438 secutus
1583 2374 1749 2436 Sohonerus

409 2459 530 2520 credidit
552 2478 619 2522 ιιιι
642 2462 700 2520 et'
692 2478 769 2540 ipsc,
793 2478 915 2542 corpora
936 2463 1082 2541 regularia
1104 2462 1176 2523 nulli
1199 2480 1263 2525 esse
1285 2465 1369 2540 usui,
1392 2480 1446 2523 nec
1465 2464 1523 2524 hoc
1544 2470 1675 2535 tantum,
1697 2460 1752 2525 scd

408 2554 438 2608 et
459 2547 594 2608 Proclnm
616 2549 745 2635 neglexit
766 2556 818 2609 aut
840 2553 1001 2627 contemsit,
1023 2549 1165 2628 judicium
1178 2550 1266 2612 Remi
1287 2559 1414 2625 secutus,
1437 2568 1536 2629 aquo
1558 2548 1663 2611 Proclo
1687 2549 1750 2610 dis·

410 2652 473 2696 cere
494 2643 609 2721 poterat
637 2652 723 2695 usum
755 2648 907 2717 corpomm
933 2639 1063 2716 quinque
1085 2642 1122 2701 ιι
1144 2640 1175 2699 in
1196 2638 1355 2700 Elementis
1376 2636 1507 2699 Euclidis
1535 2632 1565 2699 'et
1596 2640 1626 2698 in
1648 2636 1750 2697 mundi

366 2712 377 2777 ι’
409 2723 528 2784 lubrica
572 2723 610 2783 Et
631 2722 748 2800 quidem
776 2722 887 2786 ielicior
908 2734 971 2786 erat
992 2723 1152 2802 discipulus
1174 2727 1328 2805 magistro,
1357 2727 1428 2803 quia
1449 2742 1534 2786 usum
1556 2742 1751 2804 corporuma

409 2827 456 2871 me
477 2811 685 2889 patefactum
677 2829 707 2869 ιιι
730 2812 840 2873 labrire
861 2813 961 2872 mundi
984 2813 1216 2891 gratulabundus
1237 2814 1354 2890 recepit,
1378 2829 1464 2889 quem
1479 2812 1589 2873 Remus
1612 2810 1750 2874 aProclo

400 2898 587 2960 inculcatum
607 2897 821 2976 repudiaverat
866 2897 944 2976 Quid
967 2906 1028 2960 tum
1051 2903 1141 2976 enim,
1164 2903 1190 2961 si
1212 2900 1391 2980 Pythagorei
1412 2899 1520 2978 ligures
1543 2900 1597 2961 iras
1619 2898 1749 2961 elemen-

409 2989 631 3061 tianensem
655 2987 928 3091 utego,sphaeris
949 2987 1051 3047 muudi
1073 2987 1282 3050 attribuerint?
1325 2986 1453 3048 Annisus
1475 2994 1553 3048 esset
1573 2986 1693 3061 Βιιιιι,
1715 2992 1752 3045 ιι

367 3132 375 3158 1
410 3090 533 3135 errorem
555 3072 662 3135 hunc·
653 3089 781 3150 rpsomm
802 3077 879 3135 circa
910 3077 1068 3153 genuinum
1098 3075 1255 3153 liguramm
1282 3074 1446 3151 subjectum
1472 3073 1603 3151 tolleret,
1632 3080 1666 3133 ut
1694 3088 1750 3150 ego

368 3166 374 3243 i
410 3163 479 3235 ieci,
506 3176 565 3221 non
588 3168 679 3221 totam
701 3161 777 3220 hauc
798 3162 1013 3239 philosophiam
1036 3178 1095 3223 uno
1117 3164 1208 3224 verbo
1230 3165 1382 3241 tyrannico
1404 3162 1578 3223 sustulisset
1624 3152 1751 3237 Quidni

409 3205 599 3326 Pythagorici
621 3247 678 3307 hoc
699 3247 776 3308 idem
798 3248 970 3325 docuemnt,
1004 3251 1082 3325 quod
1112 3267 1184 3327 ego,
1215 3251 1389 3311 sententiam
1415 3249 1573 3310 involucris
1594 3249 1750 3309 verborum

366 3372 371 3379 -
411 3334 566 3396 texerunt?
610 3334 713 3395 Nonne
736 3334 937 3412 Copernicaua
958 3337 1058 3397 muudi
1079 3338 1173 3397 ιιι-ιιι
1194 3344 1291 3398 exstat
1312 3339 1342 3395 in
1364 3341 1429 3415 ipso
1452 3336 1619 3413 Aristotele,
1641 3352 1749 3413 perpe·

410 3440 473 3482 ram
494 3423 532 3482 ab
556 3422 620 3498 ipso
642 3422 768 3482 refutata
789 3425 844 3484 sub
866 3424 1032 3485 nominibus
1054 3423 1134 3485 aliis:
1158 3424 1226 3484 dum
1248 3424 1292 3484 iili
1306 3422 1406 3485 Solem
1427 3424 1537 3502 Ignem,
1559 3424 1674 3484 Lunam
1686 3421 1750 3482 An·

410 3509 562 3570 tichthona
583 3509 789 3587 appellarunt?
831 3509 864 3571 Si
885 3527 1012 3588 namque
1034 3511 1188 3590 dispositio
1210 3511 1323 3572 orbium
1345 3511 1446 3572 eadem
1467 3512 1523 3571 init
1544 3510 1623 3588 apud
1637 3510 1752 3589 Pytha-

411 3614 530 3674 goreos,
560 3613 636 3672 quae
664 3596 742 3675 apud
766 3597 971 3675 (iopemicum,
998 3600 1023 3658 si
1050 3607 1123 3660 ιιιιι
1149 3616 1271 3675 corpora
1300 3601 1428 3675 quinque
1457 3615 1614 3675 eommque
1641 3598 1753 3658 numeri

412 3686 537 3762 quinarii
558 3686 726 3758 necessitas,
749 3687 773 3743 si
789 3690 955 3748 constanter
970 3702 1069 3747 omnes
1086 3685 1253 3761 docuerunt,
1277 3702 1398 3764 corpora
1420 3687 1547 3762 quinque
1570 3702 1635 3746 esse
1651 3683 1752 3744 mundi

411 3775 537 3850 partium
553 3770 742 3849 archetypos,
766 3774 938 3849 quantulum
959 3781 1101 3852 superest,
1125 3779 1158 3832 ut
1180 3773 1330 3835 credamus
1352 3772 1467 3834 illomm
1488 3775 1673 3848 senteutiam,
1696 3772 1752 3832 sub

411 3862 576 3936 aenigmate
605 3859 643 3918 ab
666 3859 822 3920 Aristotele
857 3860 977 3935 lectam,
1019 3862 1103 3937 quasi
1135 3860 1189 3921 sub
1219 3878 1288 3921 vero
1308 3860 1518 3923 vocabulorum
1546 3878 1634 3921 sensu
1663 3860 1752 3920 luisse

413 3949 584 4008 refutatam:
617 3946 685 4005 dum
708 3947 878 4009 Aristotcles
900 3948 973 4026 legit
994 3947 1132 4022 Terram,
1165 3949 1212 4007 cui
1234 3948 1340 4008 cubum
1363 3947 1485 4023 dabani,
1514 3965 1579 4008 cum
1601 3948 1658 4025 ipsi
1679 3947 1753 4007 iorte

413 4035 570 4095 Saturnum
592 4034 795 4110 intellexerint,
822 4036 906 4112 cujus
930 4036 1007 4095 orbis
1030 4036 1202 4113 interpositu
1226 4037 1292 4096 cubi
1315 4044 1475 4096 summotus
1498 4042 1543 4096 est
1564 4053 1582 4095 a
1604 4033 1692 4095 Jove.
1715 4035 1754 4094 Et

412 4122 520 4185 Terrae
545 4120 663 4199 quidem
685 4125 813 4199 quietem
840 4121 947 4200 vulgus
969 4122 1124 4197 adscribit,
1154 4121 1296 4183 Saturnus
1319 4140 1390 4183 vero
1412 4130 1524 4183 motum
1550 4120 1755 4197 tardissimum,

412 4212 504 4287 quieti
525 4211 697 4288 proximum,
721 4218 765 4270 est
787 4213 916 4285 sortitus,
939 4210 1016 4271 unde
1032 4212 1120 4271 etiam
1141 4209 1220 4287 apud
1234 4209 1386 4272 Hebraeus
1408 4227 1428 4271 a
1449 4211 1548 4287 quiete
1570 4225 1674 4269 nomen
1698 4208 1754 4269 ob·

413 4291 518 4358 tinuit'
554 4297 603 4358 Sic
625 4297 686 4357 aeri
708 4296 808 4358 datum
831 4294 987 4359 ocuehon
1008 4296 1081 4375 legit
1103 4295 1291 4372 Aristoteles,
1321 4313 1387 4357 cum
1413 4295 1456 4357 iili
1473 4296 1556 4359 torte
1577 4295 1755 4358 Mercurium

413 4384 620 4461 intellexerint,
649 4384 732 4461 cujus
755 4385 833 4446 orbis
855 4382 991 4445 octaedro
1015 4383 1143 4444 inclusus
1167 4392 1227 4460 est3
1257 4400 1313 4446 nee
1338 4385 1435 4444 minus
1462 4383 1550 4446 velox
1570 4391 1617 4445 ιιι
1636 4382 1755 4444 Mercu-

413 4475 473 4533 rius
496 4467 619 4555 (quippe
642 4474 771 4533 omuium
794 4466 1013 4553 velocissimus)
1045 4488 1133 4548 quam
1161 4470 1279 4533 mobilis
1309 4474 1359 4532 ιιι
1388 4470 1520 4532 habetur.
1561 4470 1642 4551 Ignis
1663 4486 1785 4569 rotta-¹

413 4559 483 4620 buio
505 4561 628 4623 tortasse
649 4557 730 4622 Mars
752 4560 807 4620 init
827 4561 1000 4634 insinuatus,
1024 4560 1072 4620 cui
1092 4560 1168 4621 alias
1191 4560 1279 4620 ctiam
1301 4559 1339 4620 ab
1363 4559 1430 4637 igne
1451 4574 1558 4621 nomeu
1580 4565 1625 4620 cst
1639 4557 1754 4638 Pyrois,

414 4654 502 4725 atque
525 4645 568 4704 illi
590 4648 756 4709 tetraedron
778 4646 894 4720 datum,
925 4646 997 4707 ioris
1029 4647 1100 4723 quia
1128 4645 1285 4708 includitur
1306 4645 1371 4723 ejus
1393 4645 1471 4709 urbis
1493 4645 1550 4708 hae
1569 4644 1672 4723 figura.
1717 4643 1756 4706 Et

413 4751 509 4811 aquae
530 4734 585 4795 sub
607 4730 775 4811 involucro,
797 4736 844 4796 cui
866 4733 1038 4794 icosaiidron
1053 4735 1239 4807 attributum,
1262 4733 1384 4794 Veneris
1404 4731 1491 4795 stella
1512 4730 1563 4816 (ut
1583 4734 1666 4810 cnjm
1688 4749 1757 4793 ιιι-

413 4821 535 4883 rionlum
558 4822 709 4883 icosae'dro
732 4817 909 4904 continetur)
933 4820 1025 4881 latere
1046 4825 1161 4898 potuit,
1185 4822 1256 4898 qnia
1277 4820 1385 4882 Veneri
1406 4818 1542 4882 humores
1564 4820 1687 4898 subJeeti
1709 4822 1757 4898 ip-

413 4927 505 4988 saque
528 4907 632 4972 dicitm
654 4918 719 4973 orta
748 4911 835 4971 maris
864 4925 985 4988 spuma,
1016 4907 1093 4970 unde
1121 4925 1180 4970 vox
1200 4904 1369 4989 Ἀφριιιιη.
1412 4907 1549 4985 Denique
1574 4906 1677 4970 muudi
1697 4923 1757 4969 uox
