3872 5846
767 403 850 463 Liber
866 403 913 461 tv.
932 404 1023 473 capua
1038 402 1072 459 V.
1535 411 1597 471 243
1647 468 1649 477 Ι

242 581 298 637 cies
319 590 483 649 congruunt,
508 580 651 651 praecellit
673 581 780 656 trigono
804 579 976 647 hexagonus,
995 579 1065 649 quia
1086 575 1313 646 perfectissimam
1336 576 1442 632 obtinet
1464 578 1492 633 in
1514 577 1598 648 pleno

242 662 460 729 congruentiam,
489 661 555 715 solis
574 676 612 715 sc.
631 659 716 714 ternis
734 657 853 725 angulis,
879 656 1051 726 praecellunt
1076 654 1155 709 ambo
1175 654 1363 722 dodecagono,
1391 657 1455 726 quia
1472 658 1554 713 etiam
1570 658 1599 712 in

242 737 329 793 solido
348 749 501 807 congruunt
523 739 564 792 illi
590 756 652 794 curu
675 737 770 804 figuris
792 735 868 805 aliis,
896 733 969 803 quod
984 750 1049 801 ,non
1073 741 1166 801 potest
1190 732 1390 801 dodecagonus.
1425 736 1464 791 At
1481 737 1600 791 vicissim

241 816 383 884 praecellit
400 816 511 885 reliquis
530 816 722 883 dodecagonus
742 813 903 869 affabilitate
920 827 1017 876 areae,
1041 826 1103 865 cum
1121 808 1229 863 illorum
1248 826 1327 864 areae
1350 812 1405 868 sint
1422 813 1553 873 mediales
1571 822 1600 869 et

243 895 283 949 sic
299 893 488 962 ignobiliores;
506 911 576 966 quae
595 910 719 950 arearum
738 892 899 961 differentia,
918 899 948 945 ut
963 890 1021 958 jam
1039 888 1119 944 modo
1134 888 1243 958 dictum,
1261 888 1395 945 redundat
1409 891 1438 945 in
1449 908 1598 963 congruen-

241 974 296 1028 tiae
315 958 524 1045 perlectionem.
562 976 606 1030 Sic
632 975 712 1028 etiam
738 972 862 1042 trigonus
886 969 1028 1041 praecellit
1053 984 1162 1023 rursum
1180 968 1336 1036 lrexagono,
1363 985 1395 1023 eo
1415 969 1488 1039 quod
1505 987 1599 1027 secum

240 1051 301 1121 ipsa
318 1052 451 1119 trigonica
469 1053 575 1121 speeies
595 1053 623 1106 in
643 1051 729 1106 solido
749 1050 874 1120 congruit
890 1048 964 1103 varie
983 1046 1121 1116 gignitque
1142 1046 1195 1099 tria
1214 1062 1329 1115 corpora
1346 1048 1496 1121 regularia3
1515 1051 1598 1105 hera·

240 1147 328 1200 gonus
346 1139 451 1185 tanturn
462 1148 531 1186 cum
549 1130 643 1199 figuris
662 1130 723 1184 aliis
742 1130 875 1198 congruit.
909 1128 955 1191 Ita
978 1126 1099 1196 pensatis
1120 1124 1191 1181 inter
1209 1141 1239 1180 se
1261 1125 1429 1182 diversarum
1447 1130 1597 1197 proprieta-

240 1217 299 1263 tum
316 1209 498 1279 ponderibus,
522 1209 713 1277 congruentia,
737 1224 807 1278 qaae
825 1202 942 1276 primum¹
968 1216 995 1259 et
1014 1207 1190 1275 praecipuum
1208 1202 1371 1258 elementum
1389 1214 1432 1261 est
1450 1206 1597 1277 efficaciae,

240 1304 326 1358 penes
349 1289 400 1343 hos
419 1298 474 1343 tres
492 1288 688 1358 propemodum
714 1286 749 1341 ad
767 1284 955 1355 aequilibrium
978 1285 1146 1355 perducitur.
1182 1283 1214 1337 Iu
1240 1283 1384 1359 scibilitate
1401 1287 1501 1354 primas
1524 1296 1598 1343 tenet

240 1356 431 1436 seiaagnlum,
450 1366 528 1435 cujus
547 1367 619 1420 latus
639 1365 764 1433 effabile,
783 1364 916 1421 secundas
933 1366 1066 1433 trigonus,
1084 1370 1201 1434 occupat
1212 1362 1283 1416 enim
1300 1362 1415 1417 eundem
1433 1381 1495 1420 cunr
1512 1373 1596 1423 tetra-

240 1461 313 1513 gono
330 1446 455 1515 madum,
479 1445 583 1501 habens
602 1445 674 1499 latus
693 1443 800 1522 effabile
817 1446 956 1513 potentia,
981 1444 1070 1499 viliori
1091 1452 1183 1500 umen
1206 1443 1397 1512 proportione3
1422 1444 1532 1501 tultimus
1552 1447 1597 1502 hic

242 1533 284 1577 est
311 1525 516 1593 dodecagonus,
544 1522 647 1576 babens
675 1523 746 1578 latus
771 1521 916 1578 ineffabile.
954 1524 1053 1578 Verum
1076 1522 1207 1577 scibilitas
1233 1537 1284 1575 nec
1301 1522 1478 1591 praecipuum
1496 1535 1539 1582 est
1561 1530 1595 1585 ad

241 1602 390 1671 efficaciam
408 1609 612 1669 argumentum,
631 1616 683 1656 nec
700 1601 728 1654 in
748 1601 835 1669 ligura
852 1600 1010 1672 praecipua,
1036 1602 1089 1656 hoc
1106 1610 1148 1659 est
1166 1599 1415 1670 cucumferentiali,
1445 1605 1596 1661 considera-

240 1689 293 1748 tur,
312 1680 361 1737 sed
379 1688 486 1734 tantum
503 1679 531 1731 in
549 1678 664 1733 cenuali
681 1680 770 1733 minus
789 1678 943 1749 praecipua
981 1679 1057 1746 Quae
1076 1678 1099 1733 si
1118 1678 1183 1747 quid
1200 1686 1301 1748 potest,
1319 1678 1419 1735 trinum
1435 1684 1519 1751 paulo
1536 1687 1596 1742 red·

242 1759 282 1813 dit
300 1759 481 1815 efficaciorem
500 1756 605 1825 sextili,
626 1757 690 1826 quia
708 1758 808 1812 trinum
825 1755 925 1810 format
943 1758 1059 1826 angnlus
1077 1758 1214 1825 hexagoni
1234 1758 1262 1812 in
1281 1765 1386 1825 centro;
1408 1761 1597 1829 paulominus
1662 1800 1670 1817 ι

240 1837 364 1907 utrisque
383 1835 521 1890 efficacem
541 1836 724 1904 semisextum,
743 1850 823 1906 quem
840 1837 950 1890 metitur
969 1838 1085 1906 angulus
1104 1837 1200 1892 stellae
1214 1837 1431 1908 dodecagonicae
1447 1841 1476 1895 in
1494 1850 1596 1904 centro.

241 1916 295 1971 Est
312 1926 402 1971 maren
421 1914 519 1969 ceteris
538 1914 715 1982 sequentibus
734 1914 852 1968 nobilior
869 1915 984 1970 scientia
998 1915 1155 1983 aeminenti,
1177 1915 1242 1984 quia
1258 1916 1331 1971 latus
1350 1918 1475 1975 centralis
1494 1920 1616 1991 figurae*

239 1995 268 2048 in
285 1991 465 2048 ineffabilibus
484 1990 668 2065 nobilissimae
687 1998 730 2046 est
747 1991 863 2061 speciei,
889 2008 927 2047 sc.
945 1991 1122 2061 binominum,
1148 1993 1220 2048 etin
1238 2008 1330 2047 carrum
1348 1995 1531 2054 subdivisione
1549 2000 1597 2057 dn·

239 2073 303 2144 plici
329 2089 437 2142 semper
455 2071 559 2140 priores
577 2078 666 2136 tenet,
693 2070 761 2127 adeo
781 2077 812 2125 ut
835 2087 896 2125 cum
916 2071 1072 2140 sociasua,
1099 2072 1186 2126 latere
1209 2071 1463 2129 circumferentialis
1485 2077 1595 2145 figurae,

236 2151 426 2221 rectangulum
444 2138 551 2203 effabile
563 2149 678 2213 ¹formet,
697 2148 832 2221 qnodest
849 2157 915 2204 nota
926 2149 1103 2219 perfectionis
1116 2166 1186 2218 pene
1199 2150 1355 2220 absolutae;
1374 2152 1497 2222 adeoque
1514 2157 1596 2212 etiam

239 2247 301 2285 cum
318 2230 425 2300 trigono
445 2236 473 2282 et
490 2227 634 2296 hexagono
653 2228 724 2285 hanc
742 2229 856 2296 liguram
871 2228 1017 2285 scibilitate
1034 2227 1104 2283 iacit
1118 2227 1291 2299 contendere,
1310 2237 1423 2299 propter
1441 2231 1512 2289 banc
1529 2251 1594 2304 pen·

239 2309 374 2363 sationem
390 2305 587 2362 ineffabilitatis
607 2322 686 2375 suae,
704 2308 886 2383 ponderosam
904 2307 1059 2362 admodum.

326 2398 543 2475 Propositio
566 2395 654 2456 Xlll.
701 2396 830 2473 Quartus
858 2403 888 2458 in
918 2399 1092 2461 efficacitate
1122 2400 1385 2477 configurationum
1415 2401 1524 2476 gradus
1551 2412 1597 2465 est

240 2488 385 2564 quintilis,
410 2482 570 2561 biquintilis
594 2493 623 2542 et
645 2486 828 2560 quincuncis.

326 2570 376 2625 His
399 2568 471 2622 enim
494 2566 643 2629 communis
667 2574 710 2621 est
735 2569 913 2637 congruentia
937 2568 1085 2637 figurarum
1107 2569 1295 2638 palmariarum
1319 2574 1436 2624 totarum
1458 2571 1487 2625 in
1505 2573 1596 2646 plano,

239 2665 294 2703 non
312 2657 404 2702 tamen
422 2643 588 2712 singularum
607 2645 759 2713 specierum
778 2663 870 2702 secum
888 2649 968 2719 ipsis,
993 2649 1042 2703 sed
1060 2649 1206 2718 primarum
1225 2647 1340 2702 duarum
1357 2648 1428 2703 inter
1446 2666 1476 2704 se
1494 2663 1596 2723 mutuo,

239 2726 350 2780 ultimae
369 2740 430 2779 cum
447 2723 508 2778 aliis
527 2723 578 2777 sibi
597 2725 727 2793 cognatis.
764 2728 938 2782 Praecellunt
957 2729 1010 2782 duo
1029 2729 1135 2796 priores
1147 2734 1275 2798 aspectus
1293 2743 1334 2795 eo,
1353 2728 1426 2797 qaod
1444 2739 1597 2799 congruunt

238 2803 357 2873 figurae,
381 2808 552 2873 pentagonus
571 2811 598 2856 et
617 2804 697 2857 stella
715 2803 773 2872 ejus
793 2807 875 2860 etiam
892 2806 920 2860 in
938 2805 1026 2860 solido
1045 2805 1203 2875 iaciuntque
1227 2805 1294 2860 duas
1313 2804 1415 2874 figuras
1433 2808 1534 2864 solidas
1553 2826 1594 2865 re-

239 2881 356 2949 gulares,
373 2896 429 2949 qua
446 2879 588 2935 nobilitate
605 2898 675 2950 pene
693 2885 831 2940 associant
849 2892 978 2953 aspectus
996 2898 1061 2937 suos
1079 2884 1151 2937 trino
1171 2890 1198 2937 et
1209 2882 1359 2953 quadrat0;
1380 2884 1460 2939 stella
1478 2886 1593 2943 dodeca-

240 2962 337 3028 gonica
353 2961 381 3016 in
399 2959 486 3016 solido
504 2975 560 3015 non
578 2961 710 3028 congruit,
729 2969 758 3016 at
769 2964 888 3019 vicissim
905 2960 1046 3033 praecellit
1064 2967 1092 3015 et
1103 2960 1304 3027 dodecagonica
1315 2963 1494 3030 congruentia
1504 2964 1595 3035 plane,

240 3054 323 3108 quam
339 3038 423 3094 hebet
444 3040 656 3096 continuabilem
678 3042 706 3095 in
724 3041 871 3111 infinitum,
895 3040 1037 3097 camillae
1064 3055 1120 3094 non
1139 3040 1221 3108 longe
1244 3039 1396 3095 continuari
1412 3042 1519 3109 possint
1536 3044 1596 3098 sine
1693 3110 1697 3117 ¹

239 3119 358 3173 mixtura
375 3117 524 3186 irregulari.
562 3118 631 3174 Vide
648 3120 717 3177 hacc
735 3122 826 3177 omnia
842 3121 913 3175 libro
931 3122 967 3175 Π.

327 3196 406 3265 Quod
429 3197 602 3252 scibilitatem
624 3199 722 3253 attinet
746 3200 862 3255 laterum
883 3200 912 3253 in
933 3199 1029 3267 liguris
1051 3197 1230 3267 centrahbus,
1253 3198 1298 3253 hie
1323 3198 1405 3252 etiam
1428 3198 1594 3256 mediolaco

240 3277 394 3331 consistunt
411 3275 499 3330 latera
516 3276 649 3345 decagoni
666 3284 694 3331 et
711 3279 840 3334 tridecilis
860 3287 888 3333 et
906 3278 1082 3347 dodecagoni,
1102 3292 1172 3347 qnae
1190 3282 1254 3333 sunt
1272 3279 1326 3333 hac
1344 3278 1372 3332 in
1384 3278 1471 3333 classe
1489 3288 1594 3337 ceam·

244 3356 294 3423 les,
313 3356 383 3409 inter
401 3356 474 3410 latus
493 3355 592 3422 trigoni
611 3357 801 3423 praecedentis
820 3363 849 3412 et
865 3357 952 3410 latera
969 3357 1118 3426 pentagoni
1129 3356 1286 3425 stellaeque
1302 3358 1510 3428 pentagonicae,
1534 3375 1595 3415 cen-

240 3433 349 3491 traliurn
367 3434 516 3503 figurarum
533 3434 562 3486 in
580 3433 667 3488 classe
685 3437 819 3505 sequenti.
854 3435 924 3490 Nam
947 3434 1018 3489 libro
1035 3435 1056 3488 l.
1083 3433 1296 3490 demonstratum
1315 3439 1369 3501 est,
1394 3436 1469 3505 prius
1488 3452 1549 3491 esse
1567 3439 1594 3492 in

242 3512 356 3567 scientis
376 3511 569 3580 decagonicum
587 3512 660 3568 latus
675 3516 869 3585 pentagonico,
891 3513 1015 3569 tridecile
1032 3514 1136 3569 stellari
1152 3515 1343 3585 pentagonico.
1381 3516 1480 3583 Itaque
1498 3519 1595 3573 etaui-

241 3591 332 3647 bilitas
352 3595 447 3646 eodem
464 3592 553 3659 ducit,
573 3609 634 3669 quo
654 3600 681 3649 et
698 3596 885 3665 congruentia,
912 3609 961 3662 per
978 3609 1018 3662 pr.
1040 3595 1071 3660 7,
1094 3608 1165 3661 quae
1187 3596 1269 3662 uagus
1293 3595 1463 3663 potissimum
1486 3586 1595 3652 demon-

240 3674 380 3728 strationis
404 3688 487 3728 causa
510 3671 562 3727 fuit
582 3672 796 3741 praemittenda,
824 3690 858 3727 ne
881 3672 975 3727 decilis
996 3671 1039 3726 vel
1062 3672 1193 3728 tridecilis
1215 3674 1417 3743 praeferrentur
1438 3676 1545 3744 quintili
1568 3686 1596 3732 et

240 3753 385 3823 biquintili.
422 3729 451 3806 5⁸1
474 3766 538 3806 nero
563 3753 623 3821 quis
646 3752 730 3806 missa
750 3753 838 3819 figura
862 3751 976 3807 centrali
998 3752 1172 3807 scibilitatem
1193 3753 1285 3822 potins
1306 3754 1335 3807 in
1359 3752 1595 3809 circumferentiali

241 3847 371 3902 quaerere
389 3831 462 3899 velit,
481 3847 535 3887 non
554 3832 641 3886 minus
660 3848 741 3902 quam
759 3833 977 3900 congruentiam,
997 3832 1048 3885 etsi
1060 3831 1200 3886 iamadum
1212 3839 1263 3900 est,
1282 3832 1427 3902 hocpacto
1445 3833 1608 3911 praelatum⁴

240 3912 273 3965 iri
291 3911 404 3967 decilem
423 3910 538 3981 quintili,
556 3912 706 3965 tridecilem
724 3911 871 3980 biqaintili,
891 3917 920 3964 at
937 3911 1090 3965 meminerit
1106 3911 1144 3979 ia,
1162 3912 1324 3980 praecipuas
1342 3926 1404 3966 esse
1422 3919 1514 3979 partes
1533 3927 1601 3967 eon·

242 3990 391 4061 gruentiae,
411 3998 441 4043 nt
459 3988 626 4043 ostendimus
645 4004 685 4059 pr.
703 3990 727 4052 l,
746 3988 835 4057 majus
851 3988 988 4057 igiturest
1005 3997 1033 4044 et
1045 3989 1108 4060 plus
1127 3990 1162 4045 ad
1180 3991 1368 4045 efficacitatem
1385 3996 1485 4059 potest,
1505 4006 1596 4046 creare

240 4070 355 4138 figuram
379 4068 494 4125 solidam
518 4068 600 4138 (quae
623 4078 665 4123 est
688 4068 773 4124 relati
798 4069 861 4123 idea
883 4069 1016 4139 quaedam
1039 4068 1231 4123 mathematica
1256 4067 1425 4123 efficacitatis
1448 4069 1595 4139 physicae),

241 4164 322 4217 quam
344 4148 417 4202 latus
442 4147 544 4203 habere
566 4147 724 4217 perfectiori
747 4149 834 4215 gradu
860 4149 963 4205 scibile.
997 4149 1084 4202 Latus
1109 4146 1218 4218 quidem
1241 4147 1409 4216 dodecagoni
1435 4147 1488 4202 lroc
1513 4157 1595 4217 pacto

233 4227 346 4282 confert
364 4234 503 4294 aspectum
522 4243 600 4282 snum
623 4227 651 4280 in
669 4227 784 4291 eandem
808 4228 925 4284 classem
946 4240 1009 4281 cum
1033 4226 1171 4282 subtensis
1194 4226 1315 4299 decimae
1338 4226 1409 4295 parti
1433 4227 1527 4280 circuli
1550 4228 1596 4282 tri·

240 4308 348 4375 busque
366 4305 485 4373 decimis,
500 4305 568 4376 ‘qnia
588 4305 755 4361 contendunt
771 4307 842 4361 inter
860 4323 891 4361 se
903 4302 1078 4377 ‘praestantia
1095 4305 1254 4362 scibilitatis.
1288 4308 1359 4362 Nam
1371 4306 1442 4360 sicut
1460 4308 1597 4363 sociantur

241 4387 312 4441 inter
330 4402 359 4440 se
378 4385 448 4440 dnae
465 4385 530 4439 illae
549 4384 696 4440 subtensae
720 4387 806 4454 litque
825 4387 912 4442 minor
929 4387 1041 4455 majoris
1064 4401 1129 4453 pars
1152 4385 1180 4438 in
1197 4387 1374 4455 proportione
1392 4383 1482 4440 divina
1499 4388 1596 4444 sectio.

239 4465 283 4517 nis
301 4466 451 4520 secundum
476 4472 598 4520 extrema
620 4472 648 4519 et
671 4464 800 4534 medium,
827 4466 867 4520 sic
890 4467 971 4522 ctiam
996 4466 1069 4520 latus
1087 4464 1255 4534 dodecagoni
1278 4472 1306 4519 et
1328 4464 1400 4519 latus
1424 4465 1482 4533 ejus
1501 4467 1596 4524 stellae

242 4544 380 4599 sociantur
404 4552 433 4600 et
451 4545 503 4600 hoc
522 4544 602 4598 etiam
624 4553 752 4612 respectu
769 4543 898 4600 sectiords
922 4553 951 4600 et
972 4542 1176 4613 compositionis
1200 4540 1328 4611 alicujus,
1354 4558 1408 4596 non
1426 4542 1517 4597 tamen
1534 4561 1595 4613 pro·

241 4623 409 4692 portionalis.
446 4623 484 4676 Et
501 4621 571 4674 haec
589 4620 697 4690 quidem
715 4622 777 4689 biga
794 4623 929 4693 posterior
941 4623 1013 4679 cadit
1030 4624 1058 4677 in
1070 4621 1183 4691 primam
1196 4619 1313 4689 speciem
1325 4618 1508 4694 ineffabilium,
1526 4637 1596 4692 quae

153 4738 158 4747 -
242 4704 428 4774 complectitur
445 4699 596 4757 binomines
614 4708 642 4753 et
660 4709 814 4772 apotomas3
834 4710 864 4757 at
879 4703 996 4758 vicissim
1014 4701 1062 4755 illa
1074 4702 1149 4771 prior
1160 4701 1224 4767 biga
1241 4700 1356 4769 acquirit
1368 4716 1463 4755 noram
1476 4702 1596 4771 propris

241 4791 325 4840 tatem
345 4780 473 4839 sectionis
491 4776 642 4833 seemdum
666 4784 788 4837 extrema
805 4791 833 4836 et
852 4782 985 4851 medinm,
1008 4790 1040 4836 nt
1063 4779 1155 4835 videre
1172 4787 1216 4836 est
1236 4779 1281 4835 lib.
1299 4780 1322 4834 Ι.
1358 4779 1448 4848 Quare
1466 4797 1521 4837 non
1536 4788 1596 4836 tan·

242 4870 301 4920 tum
318 4870 469 4936 pensantur
486 4861 515 4915 bi
531 4859 641 4929 gradus,
660 4861 709 4916 sed
728 4862 811 4917 etiam
828 4860 970 4931 praecellit
987 4862 1110 4916 nonnihil
1129 4860 1272 4930 decangull
1290 4860 1372 4918 latus.
1408 4861 1495 4925 Recte
1513 4859 1597 4932 igitur

1374 4951 1441 5016 16*
