3882 5862
732 370 879 430 nnnm.
898 372 1051 444 eipetxl.
1331 460 1334 475 ³
1498 381 1560 441 een

216 547 335 605 tionibus
352 548 515 619 incitantur,
541 548 642 619 qnippe
665 564 728 605 cnm
744 548 891 605 harmoniis
909 547 1092 619 delectantur,
1120 565 1169 605 aen
1193 549 1258 619 qaia
1273 548 1326 605 Dei
1342 549 1487 620 mperes,
1514 563 1564 607 ssu

117 642 129 659 e
215 625 280 695 quia
297 626 376 682 modo
394 627 568 685 menarrabili
585 626 794 685 transformatae
811 626 921 683 suntin
938 626 1033 684 circuli
1051 627 1233 702 geometriam,

301 706 344 762 lta
361 706 430 762 baec
447 707 604 763 harmonica
620 705 807 776 conformatio,
824 706 853 760 in
870 714 1002 775 qnantum
1018 706 1182 775 harmonica,
1202 705 1357 762 Ptolemaeo
1370 707 1496 765 coelestis
1509 717 1561 779 est,

214 783 279 839 mihi
295 788 444 854 terrestris,
466 796 523 842 tam
540 783 730 854 materialiter,
756 785 791 842 ob
809 785 923 855 angulos
941 782 1090 851 radiorum
1119 799 1200 851 quam
1225 783 1385 855 formaliter,
1414 789 1449 841 ob
1468 803 1562 843 eornm

214 860 285 917 inter
303 878 332 917 se
350 863 547 930 habitudinem,
566 880 637 935 qnae
655 865 814 921 aestimatur
831 864 864 920 ab
883 861 973 918 anima
990 859 1137 918 sublunari,

301 941 503 1011 Argumentum,
519 941 603 1000 affero
625 942 759 1013 dogmatis
784 942 838 997 mei
860 940 1104 1009 evidentissimum,
1132 940 1205 1009 quod
1230 940 1459 1012 configurationes
1485 943 1562 1009 istae,

216 1032 283 1086 quas
305 1035 356 1075 nos
379 1022 407 1076 in
424 1022 516 1080 Terris
540 1023 671 1079 sentimus
694 1020 820 1077 efficaces
845 1027 873 1076 et
891 1034 1036 1091 operosas,
1064 1035 1118 1075 non
1138 1019 1193 1075 sint
1216 1018 1287 1076 inter
1303 1020 1427 1090 planetas
1444 1022 1520 1092 ipsos
1534 1024 1563 1078 in

213 1096 299 1166 codo,
317 1097 366 1154 sed
382 1106 489 1157 mutum
505 1103 578 1158 inter
594 1103 718 1160 binorum
736 1101 827 1158 radios
845 1100 906 1158 illos
925 1100 998 1157 solos
1019 1108 1048 1156 et
1066 1100 1175 1166 umens,
1203 1100 1250 1168 qni
1269 1101 1295 1155 in
1313 1101 1426 1155 Terram
1442 1109 1563 1157 nostram

214 1175 349 1247 incidunt3
368 1178 421 1249 hic,
440 1181 558 1251 inquam,
575 1181 604 1236 in
622 1182 715 1237 Terris
733 1194 784 1236 nec
802 1179 908 1250 uspiam
926 1177 991 1234 ahbi
1008 1180 1037 1234 in
1053 1178 1156 1235 mundo
1175 1186 1240 1234 sunt
1257 1178 1310 1235 hae
1327 1177 1563 1251 configurationes,

213 1270 275 1311 cum
293 1264 364 1324 sunt,
381 1265 410 1313 et
426 1269 492 1316 sunt
508 1260 600 1330 potius
618 1261 647 1316 in
664 1274 799 1315 concursu
816 1256 954 1317 radiorum
971 1256 1101 1327 punctuli,
1119 1274 1201 1327 qnam
1217 1258 1246 1311 in
1264 1257 1383 1327 ursulo,
1402 1260 1563 1315 aesdmatur

213 1340 320 1391 tantum
337 1338 461 1409 angulus,
478 1356 533 1409 quo
549 1346 722 1408 concurrunt,
740 1336 931 1408 imaginatione
948 1352 1028 1393 arcus
1046 1353 1080 1392 ex
1099 1352 1234 1393 concursu
1250 1336 1388 1408 descripti
1407 1339 1560 1408 cujusmodi

213 1428 293 1471 arem
310 1417 363 1483 atsi
379 1419 468 1488 nobis,
485 1419 533 1489 qni
550 1417 637 1476 oculis
655 1419 764 1487 utimur,
781 1416 938 1487 suppeditat
954 1417 1082 1473 zodiacus
1099 1416 1221 1485 sensilis,
1240 1416 1481 1476 innumerabilibus
1498 1418 1563 1474 fixis

214 1493 358 1552 distinetur
376 1504 404 1552 et
420 1498 501 1567 quasi
517 1497 620 1554 divisus
638 1496 822 1567 subtilissimo,
841 1505 871 1552 at
887 1503 987 1552 natura
1003 1497 1126 1553 animalis
1144 1496 1273 1552 circulum
1292 1496 1382 1564 chum,
1402 1499 1562 1568 angulorum

213 1569 310 1628 horum
326 1589 494 1645 mansorem,
520 1591 612 1632 secum
628 1577 690 1648 ipsa
707 1575 791 1632 habet
807 1577 891 1632 intus.
927 1576 1035 1646 Cogitet
1048 1576 1107 1644 jam
1124 1573 1305 1645 philosophus
1322 1575 1432 1646 aliquis:
1459 1578 1483 1633 si
1500 1594 1560 1634 cor·

212 1665 281 1720 pora
297 1651 428 1710 conlutis
445 1653 506 1724 ipss
523 1654 685 1725 principium
702 1654 785 1725 hujus
804 1654 944 1711 efficaciae
970 1670 1021 1724 per
1037 1652 1266 1723 configurationes
1289 1652 1317 1707 in
1339 1670 1370 1710 se
1389 1654 1457 1725 ipsis
1479 1656 1562 1713 habe·

212 1735 275 1785 rent
291 1739 484 1801 manerentque
501 1731 571 1788 haec
587 1733 729 1800 inferiora,
748 1750 815 1802 non,
834 1740 865 1790 ut
881 1748 932 1803 ego
951 1735 1028 1802 solo,
1047 1733 1194 1803 objective.
1212 1731 1262 1788 sed
1278 1730 1377 1799 achsa,
1403 1734 1510 1790 actione
1527 1750 1562 1790 ex

213 1806 280 1877 ipsis
298 1812 458 1881 corporibus
477 1809 612 1867 defluente
630 1813 666 1868 ad
684 1829 735 1868 nos
753 1828 814 1868 oum
831 1811 927 1883 radiis,
949 1829 1006 1881 qua
1020 1812 1105 1881 igitrn
1122 1813 1228 1866 ratione
1250 1809 1377 1881 planetae
1393 1826 1444 1880 per
1462 1828 1492 1868 ss
1509 1813 1563 1869 sin·

212 1884 270 1954 guli
286 1895 400 1957 possent
415 1889 571 1960 resciscere,
590 1890 698 1959 quando
716 1891 761 1946 bic
778 1890 806 1944 in
825 1889 920 1945 ultime
937 1888 1031 1945 mundi
1041 1887 1106 1960 pila,
1125 1889 1153 1943 in
1165 1888 1265 1959 Terris,
1282 1889 1355 1943 inter
1366 1904 1396 1944 sc
1407 1888 1463 1945 bini
1480 1890 1564 1948 radiis

213 1964 270 2020 suis
287 1974 428 2037 aspectum
451 1967 610 2040 formarent,
635 1970 698 2039 quia
720 1976 848 2040 aspectus
871 1969 979 2025 nonnisi
1003 1968 1128 2025 binorum
1149 1967 1321 2038 planetarum
1339 1973 1393 2034 est,
1421 1986 1475 2038 quo
1492 1988 1563 2027 com·

213 2044 312 2102 mercio
332 2045 387 2102 bini
405 2047 531 2117 planetae
548 2051 620 2104 inter
637 2065 667 2105 se
684 2048 841 2120 longissime
859 2048 947 2105 dissiti
964 2046 1079 2103 consilis
1091 2061 1141 2101 sna
1159 2045 1396 2116 communicabant,
1415 2049 1486 2104 vires
1499 2066 1562 2105 con·

213 2121 315 2180 ferrent
340 2124 429 2195 adque
446 2125 558 2183 Terram
574 2134 603 2183 et
620 2127 647 2183 in
666 2128 756 2193 radios
774 2143 840 2183 snos
858 2129 893 2184 ad
911 2134 1049 2184 momenta
1066 2131 1226 2196 aspectuum
1248 2125 1420 2182 demitterent
1443 2129 1563 2185 casdem-

215 2217 276 2270 qne,
294 2203 411 2272 primum
429 2213 512 2275 atque
530 2215 620 2262 cessat
636 2214 778 2276 aspectus,
806 2222 914 2263 cessare
932 2207 1063 2262 facerent.
1099 2206 1143 2261 An
1156 2221 1210 2261 non
1228 2203 1290 2276 plus
1307 2221 1387 2273 quam
1398 2207 1444 2262 Dii
1456 2208 1562 2263 essem?

214 2279 253 2334 Et
270 2296 305 2337 ne
322 2282 415 2338 moltis
433 2283 599 2352 argumentis
617 2285 652 2340 sit
671 2300 749 2355 opus,
767 2285 837 2341 ierat
853 2286 898 2342 hic
916 2287 975 2356 ipse
993 2285 1225 2355 comparationum
1243 2283 1469 2342 Ptolemaicarnm
1492 2304 1565 2344 cam·

213 2375 265 2428 pus
285 2360 391 2430 justum
413 2362 484 2418 inter
502 2378 545 2417 nne
570 2370 598 2418 et
615 2363 801 2420 Ptolemaeum
823 2364 964 2434 judicium.
1001 2367 1195 2436 Comparamns
1222 2364 1318 2419 merito
1346 2364 1477 2421 coelestia
1502 2380 1563 2421 cum
1619 2382 1624 2387 ·

214 2436 391 2505 harmonicis,
415 2440 450 2496 ab
469 2441 565 2497 eodem
583 2440 655 2499 enim
677 2443 753 2499 fonte
771 2442 909 2500 fluxerunt
931 2445 959 2499 in
979 2452 1123 2513 utrumque
1147 2458 1234 2513 genus
1251 2457 1340 2498 rernm
1366 2443 1483 2499 rationes
1501 2443 1563 2499 har·

214 2518 346 2575 monicae.
381 2520 452 2589 Quid
470 2522 553 2591 igitur
570 2529 626 2591 est,
654 2523 727 2593 quod
750 2526 865 2580 choreas
889 2529 978 2579 movet
1001 2522 1036 2577 ad
1059 2522 1186 2577 cantum?
1221 2521 1292 2576 Num
1315 2519 1434 2577 chordae
1456 2521 1508 2577 hoc
1525 2520 1567 2579 fa‘

93 2614 98 2633 ·
214 2596 310 2651 dunt?
346 2598 400 2653 Cur
416 2600 499 2668 igitur
522 2600 598 2657 surdi
615 2616 669 2656 non
686 2612 829 2659 morentur
853 2602 888 2657 ad
906 2608 1003 2657 cantus
1027 2600 1135 2671 legem?
1170 2600 1268 2655 Nonne
1290 2599 1396 2667 species
1413 2614 1563 2657 consonan-

214 2673 312 2730 tiarum
329 2675 357 2729 in
375 2691 455 2734 aures
472 2677 591 2735 infinum
608 2678 698 2750 ibique
721 2697 838 2738 asensu
863 2680 999 2738 communi
1022 2695 1056 2735 ax
1074 2679 1204 2735 instinctu
1225 2676 1342 2734 naturali
1364 2693 1414 2746 pro
1434 2678 1563 2747 jucundis

215 2759 243 2806 et
260 2753 345 2822 gratis
363 2760 569 2828 approbantur?
604 2759 701 2816 Nonne
720 2761 810 2817 anima
827 2768 883 2830 est,
907 2773 978 2827 qnae
1003 2763 1134 2828 percepta
1156 2757 1290 2813 cantilena
1314 2770 1414 2825 corpus
1432 2771 1510 2812 suuni
1528 2757 1563 2812 sd

215 2830 274 2899 ejus
291 2832 365 2903 leges
384 2844 412 2891 et
428 2835 584 2907 rhythmum
601 2839 713 2893 movet?
732 2839 805 2908 qnod
823 2838 856 2893 iit
872 2854 927 2892 non
945 2842 1049 2901 tanturn
1067 2837 1095 2891 in
1113 2836 1264 2892 voluntario
1277 2840 1353 2890 motu
1365 2836 1495 2905 corporis,
1514 2834 1562 2890 scd

214 2910 295 2965 etiam
313 2913 341 2967 in
360 2913 478 2970 naturali
495 2922 570 2972 motu
587 2916 788 2988 delectationis,
806 2921 842 2974 ob
855 2933 952 2974 suares
965 2916 1165 2973 consonantias.
1200 2913 1367 2971 Frustrahic
1379 2921 1563 2985 contempera·

213 2988 314 3045 tionem
333 3007 461 3049 sonorum
480 2993 571 3064 ullam,
590 2995 641 3052 nisi
660 2995 821 3052 rationalem
840 3003 868 3051 et
885 2996 943 3051 sola
961 3002 1051 3050 mente
1069 3009 1119 3048 seu
1136 3008 1186 3063 per
1198 2992 1367 3062 disciplinam
1386 3007 1435 3049 sen
1453 2993 1563 3049 instinc·

215 3073 272 3122 tum
289 3072 492 3142 perceptibilem
509 3074 629 3144 allegant
646 3074 914 3146 pseudophilosophi.
1622 3072 1625 3078 “

301 3149 339 3205 Et
355 3150 488 3209 hactenus
507 3153 616 3223 quidem
634 3155 667 3211 de
685 3154 797 3210 materia
815 3154 868 3210 mei
884 3153 945 3209 libri
963 3153 1068 3222 quarti,
1087 3153 1165 3222 cnjus
1183 3153 1344 3223 subjectum,
1363 3150 1503 3205 harmonia
1521 3164 1563 3205 ra·

216 3222 376 3299 dudonem,
403 3246 477 3287 mere
500 3238 629 3288 terrestre
652 3240 703 3289 est.
739 3232 820 3289 Aliud
843 3232 954 3302 aliquod
979 3240 1105 3302 superest
1121 3247 1208 3303 geum
1225 3230 1397 3300 harmoniae,
1424 3228 1563 3285 serissime

217 3305 335 3362 coeleste
353 3322 401 3365 seu
418 3311 584 3367 mundanum
602 3312 708 3382 potius,
734 3311 769 3367 ds
787 3328 841 3381 qno
858 3318 886 3366 et
902 3311 1076 3367 Ptolemaeus
1100 3312 1156 3380 agit
1179 3308 1315 3381 capitibus
1336 3305 1511 3376 sequentibus
1536 3312 1564 3361 et

217 3398 267 3453 cgo
284 3384 353 3441 libro
371 3402 432 3444 meo
449 3389 544 3460 grinte
561 3390 604 3458 egi
621 3389 704 3459 idque
721 3391 899 3461 praecipuum
917 3407 1029 3460 scopum
1052 3389 1105 3446 feci
1121 3390 1207 3446 tonus
1224 3388 1278 3444 mei
1296 3388 1385 3458 operis
1406 3385 1562 3441 harmonici.

779 3657 920 3729 CAPUT
947 3656 999 3729 xi.

234 3800 275 3859 Ut
300 3808 408 3858 motus
434 3801 583 3860 siderum
610 3803 789 3862 secundnm
817 3802 1039 3859 altitudinem
1065 3808 1279 3872 comparetur
1304 3800 1488 3871 generibus
1514 3801 1544 3855 in
1621 3866 1625 3879 ι

780 3890 998 3956 barmonial).

303 4036 468 4099 &tundam
490 4042 623 4098 motuum
644 4022 773 4113 speciem
794 4034 954 4097 secundnm
976 4033 1161 4097 altitudinem
1183 4036 1364 4096 inveniemus
1388 4031 1512 4094 similem
1534 4035 1561 4092 ei

216 4124 294 4201 parti
314 4125 513 4200 harmonicas,
543 4141 619 4200 quae
641 4140 750 4201 genera
780 4123 859 4184 dicta
880 4123 980 4184 habet.
1024 4123 1108 4184 Sicut
1135 4125 1213 4184 enim
1242 4125 1273 4181 in
1295 4122 1351 4182 hac
1377 4138 1486 4197 genera
1506 4123 1564 4180 tria

217 4218 299 4285 sunt·
317 4212 549 4288 enharmonium,
573 4211 796 4286 chromaticum,
820 4211 1017 4290 diatonicum,
1046 4210 1184 4271 distincta
1205 4208 1419 4287 qamhtatihus
1440 4224 1564 4286 propor-

217 4300 329 4360 tionum
351 4302 382 4359 in
404 4299 596 4362 tanachordis
609 4295 676 4375 1¹),
692 4301 735 4360 sic
757 4306 786 4362 et
808 4298 860 4359 illa
890 4306 948 4359 tres
970 4300 1080 4359 formas
1102 4297 1322 4359 internllornm
1352 4296 1563 4375 complectitur,

218 4387 345 4463 minimi,
374 4388 462 4451 medii
491 4395 522 4449 st
542 4383 737 4462 maximnm),
770 4403 846 4463 quae
872 4393 902 4447 ot
923 4389 1006 4465 ipsae
1038 4388 1201 4464 quantitate
1227 4399 1364 4446 cursuum
1390 4400 1564 4444 mumuran-

217 4472 328 4551 turW).
373 4476 519 4536 Accessus
540 4477 630 4554 igitur
651 4474 813 4535 mediorum
834 4474 1064 4547 intervallorum,
1088 4476 1139 4551 qui
1161 4472 1321 4533 mediocres
1343 4469 1474 4547 undique
1496 4487 1564 4532 cur·

217 4579 267 4622 sus
295 4564 418 4636 habent,
451 4581 540 4640 quam
569 4566 700 4641 proxime
730 4561 914 4622 chromaticis
943 4563 1100 4638 generibus
1118 4560 1186 4637 jure
1208 4562 1273 4636 quis
1296 4568 1461 4638 comparet,
1492 4560 1563 4635 qula

218 4652 307 4710 etiam
329 4654 358 4709 in
380 4650 427 4709 his
448 4650 557 4709 licheni
580 4663 681 4711 secent
702 4648 800 4710 medin
822 4649 1007 4710 tetrachorda
1020 4647 1068 4728 ν);
1097 4656 1128 4708 at
1150 4649 1206 4725 qui,
1223 4649 1358 4706 minimos
1381 4662 1482 4706 cursus
1505 4646 1562 4705 ha·

219 4736 303 4814 hant,
335 4741 398 4800 sive
427 4740 447 4797 ii
478 4736 517 4797 ad
539 4737 694 4799 intervalla
715 4755 734 4798 a
756 4736 847 4797 Terra
875 4738 1004 4797 maxima
1031 4742 1247 4810 consequantur
1275 4728 1338 4795 siv'c
1368 4734 1406 4795 ad
1433 4735 1563 4807 minima,
1681 4742 1684 4753 “

218 4825 436 4909 respondebunt
464 4825 661 4887 enharmoniis
691 4824 865 4906 generibus,
893 4824 964 4900 quia
985 4823 1055 4887 hina
1082 4821 1258 4885 tetrachordi
1288 4821 1444 4909 interualla
1477 4819 1565 4883 simul
