3940 5856
373 368 438 429 360
771 336 777 343 ⁸
890 358 1041 414 Ptolemaei
1057 357 1214 416 Harmonia.

374 554 453 596 omne
469 535 545 608 quod
562 536 682 605 canitur,
708 533 887 602 inquantum
910 541 954 590 est
971 540 1042 591 nnus
1067 542 1095 591 et
1113 535 1228 605 simplex
1246 544 1354 607 cantus,
1379 540 1522 597 semitonia
1542 548 1647 601 mutum
1666 546 1729 612 duo,

373 636 425 676 uec
442 635 476 674 ea
493 617 639 685 deinceps,
658 616 707 671 ssd
724 614 792 668 locis
811 614 893 668 certis
911 612 1058 669 distributa
1075 612 1270 683 conplectitur.
1378 671 1389 683 ⁸

460 696 533 751 Nota
550 695 583 748 V.
619 695 651 748 In
669 693 759 749 animo
777 699 842 746 sunt
857 692 922 746 istu:
942 694 969 756 1)
988 693 1107 747 essentia
1124 693 1214 755 animi,
1238 696 1264 762 2)
1283 695 1404 752 diversae
1422 699 1482 767 ejas
1499 709 1601 770 param,
1619 710 1650 758 ῃ)
1666 705 1730 759 ppo,

372 778 493 832 lemaeus
516 772 647 844 appellat,
675 788 725 826 nos
749 769 895 825 facultates
914 772 1036 839 dicimus,
1056 778 1084 827 et
1107 771 1253 840 cujuslibet
1270 774 1408 831 facultatis
1432 785 1523 835 certae
1540 784 1660 853 species,
1678 800 1729 840 nos

374 855 538 926 generaliter
555 852 724 923 appellamus
748 850 885 920 potentias
904 849 1057 915 naturales,
1086 851 1112 921 3)
1131 851 1245 906 virtutes
1263 852 1431 925 habituales,
1458 863 1683 930 contemplativae
1702 873 1730 919 aa

373 936 543 1005 operativae,
569 935 596 1001 4)
616 931 808 1002 dispositiones
827 938 1019 998 temporaneae
1037 944 1086 985 seu
1104 929 1226 985 affectus.
1263 932 1350 999 Igitur
1371 950 1430 1005 cap.
1448 937 1474 992 l.
1498 940 1617 997 animum
1640 945 1729 1015 ipsum

373 1016 541 1084 comparavit
557 1011 732 1067 harmonicae
748 1007 873 1063 facultati
890 1008 1062 1088 generaliter,
1082 1028 1142 1080 cap.
1156 1014 1179 1067 5.
1199 1011 1344 1069 facultates
1364 1020 1557 1089 consonantiis,
1575 1029 1607 1078 ct
1624 1028 1729 1095 species

374 1109 424 1149 ssu
442 1092 577 1161 potentias
597 1099 625 1146 et
641 1088 852 1157 habitusanimi
871 1087 1015 1157 speciebus
1034 1090 1272 1145 consonantiarum
1291 1093 1439 1149 earundem
1456 1096 1579 1165 dirersis,
1599 1110 1625 1157 et
1642 1110 1731 1158 torum

374 1181 493 1244 systema
509 1170 671 1227 facultatum
689 1168 771 1222 animi
790 1167 841 1222 toti
859 1167 1000 1236 systemati
1013 1170 1265 1238 consonantiarum,
1284 1185 1342 1240 cap.
1357 1172 1383 1227 6.
1395 1173 1524 1230 virtutum
1537 1195 1638 1246 genera
1649 1197 1730 1250 genu·

371 1252 447 1307 ribus
466 1258 575 1317 cantus,
603 1249 648 1303 hic
667 1263 732 1316 ergo
755 1260 816 1314 cap,
834 1247 860 1300 7.
878 1252 1018 1314 comparat
1041 1247 1131 1303 studia
1148 1248 1259 1318 publica
1285 1257 1313 1303 ct
1332 1249 1447 1308 affectus
1471 1255 1637 1322 singulorum
1657 1260 1730 1314 tonis

372 1348 422 1388 seu
440 1329 535 1385 modis.
574 1326 791 1396 Comparationis
810 1330 970 1392 argumenta
986 1341 1057 1394 pens
1076 1326 1183 1394 singula
1200 1327 1227 1381 in
1246 1327 1359 1399 siugulis
1377 1331 1470 1386 insunt
1487 1334 1585 1389 verbi,

461 1408 582 1463 Primum
601 1406 704 1460 eratin
724 1418 790 1458 uoce
808 1410 965 1470 conradus,
993 1404 1108 1469 alterum
1131 1406 1159 1461 in
1177 1422 1243 1461 voce
1260 1410 1390 1477 mutatio,
1418 1412 1532 1467 tertium
1545 1432 1618 1469 nuuc
1641 1420 1730 1473 estin

372 1489 525 1555 identitate.
562 1484 710 1541 interualla
728 1482 885 1550 systematis
900 1490 929 1537 et
946 1483 1031 1538 series
1050 1499 1143 1538 eorum
1161 1492 1496 1556 consuetacomparantnr
1512 1494 1650 1548 consuetis
1662 1503 1730 1551 tem.

371 1584 470 1637 porum
489 1565 690 1622 conditionibus
714 1572 743 1619 et
760 1562 844 1618 veluti
861 1562 982 1617 motibus
999 1578 1090 1617 rerum
1107 1564 1289 1633 publicarum:
1313 1573 1344 1621 ut
1362 1567 1435 1635 quod
1453 1571 1576 1627 Romana
1600 1572 1730 1629 bellicosa

372 1649 432 1711 fuit,
449 1648 616 1702 Venetorum
639 1643 810 1699 mercatoria.
846 1642 963 1697 Mutatio
989 1652 1085 1698 cantum
1105 1644 1139 1700 de
1157 1652 1222 1699 tono
1240 1646 1267 1700 in
1285 1652 1381 1700 tonum
1398 1658 1570 1717 comparatur
1586 1653 1731 1708 mutationi

373 1727 552 1799 reipublicae,
580 1733 608 1780 et
633 1740 695 1778 cum
718 1722 767 1777 illa
789 1720 871 1775 stiam
893 1719 1046 1776 studiorum
1068 1721 1240 1792 publicorum
1263 1723 1298 1779 de
1316 1732 1390 1780 statu
1408 1728 1522 1796 pacifico
1548 1730 1575 1784 in
1594 1731 1730 1791 bellicum,

372 1807 511 1875 quianon
528 1806 618 1860 miuus
636 1804 732 1858 crebro
750 1802 817 1856 haec
835 1799 950 1853 invicem
968 1800 1119 1857 nucceduut
1130 1800 1157 1854 iu
1170 1803 1316 1871 republica,
1335 1822 1416 1874 quam
1428 1805 1476 1863 illa
1487 1809 1514 1863 in
1528 1819 1619 1867 cantu.
1650 1813 1729 1867 Iden·

371 1886 436 1940 titas
454 1899 518 1938 sero
536 1899 666 1952 generum
684 1888 781 1936 cantus
798 1882 827 1935 in
845 1879 959 1935 dirersis
977 1881 1049 1935 tonis
1067 1882 1233 1938 assimilatur
1253 1882 1390 1937 identitoti
1415 1886 1551 1942 virtutum.
1590 1891 1642 1944 Est
1664 1908 1729 1947 vero

368 1963 476 2033 justitia
493 1962 521 2016 in
539 1977 620 2030 pace,
644 1968 687 2015 est
705 1967 732 2014 ct
752 1958 843 2028 alique
865 1958 999 2031 inbelle,
1025 1962 1072 2016 sed
1095 1963 1168 2019 aliud
1188 1962 1247 2031 ejus
1264 1962 1399 2031 objectum
1424 1972 1466 2018 est
1489 1966 1555 2034 illic,
1580 1968 1653 2022 aliud
1675 1970 1728 2039 hic,

372 2058 422 2097 nec
440 2042 511 2096 idem
530 2042 590 2110 ejas
609 2039 768 2096 exercitium
782 2038 917 2106 utrinque.
953 2038 985 2092 In
997 2057 1066 2110 pace
1078 2057 1157 2096 suum
1169 2043 1266 2111 cuique
1279 2042 1460 2113 tribuendum,
1480 2047 1561 2100 etiam
1576 2048 1729 2116 pampino,

371 2121 400 2176 in
418 2120 491 2177 bello
509 2138 565 2176 uon
583 2120 678 2175 tribuit
701 2135 780 2174 suum
799 2118 917 2187 patriae,
944 2119 989 2186 qui
1011 2121 1099 2187 parcit
1123 2122 1209 2188 hosti,
1234 2129 1282 2177 aut
1305 2126 1353 2191 qui
1371 2126 1485 2194 rigidam
1510 2128 1729 2184 distributionem

371 2219 462 2258 rerum
480 2202 552 2257 inter
570 2202 643 2258 cives
662 2201 744 2256 etiam
762 2200 801 2257 sic
819 2204 911 2272 urget,
936 2207 967 2252 ut
985 2215 1018 2254 ea
1035 2201 1141 2256 bellicis
1159 2201 1368 2258 necessitatibus
1393 2204 1584 2273 impedimento
1603 2209 1648 2261 sit.
1687 2210 1730 2264 lm

338 2332 344 2341 ,
372 2283 451 2338 fortis
472 2298 533 2337 esse
550 2289 643 2351 potest
660 2280 758 2349 aliquis
776 2281 803 2335 iu
821 2299 898 2353 pace,
917 2282 996 2336 fortis
1016 2281 1096 2335 etiam
1113 2281 1141 2334 iu
1160 2279 1246 2349 bello,
1265 2290 1298 2335 at
1311 2283 1399 2337 minor
1416 2286 1546 2340 memoria
1563 2286 1730 2343 fortitudini,

371 2362 427 2419 illic
446 2362 650 2431 obscuriorque,
675 2359 721 2414 hic
745 2377 808 2416 vero
831 2364 920 2430 major
942 2369 970 2416 et
989 2360 1138 2416 necessitas
1161 2366 1189 2414 et
1213 2360 1300 2429 gloria
1317 2362 1402 2424 hujus
1425 2364 1540 2420 virtutis.
1576 2366 1647 2420 Tota
1665 2385 1729 2423 vero
1821 2388 1828 2397 ·

371 2442 426 2498 ista
443 2441 653 2511 comparationis
671 2458 735 2512 pars
753 2441 905 2497 rhetoricae
922 2440 1025 2510 figurae
1044 2438 1138 2493 similla
1156 2446 1211 2507 est,
1230 2440 1452 2507 probabilitatem
1464 2438 1605 2512 'aequitum
1624 2462 1729 2516 monte
1753 2482 1758 2487 -

371 2523 470 2577 tricum
487 2521 556 2575 nibil
574 2521 653 2591 sapit,
673 2538 724 2577 nec
741 2538 826 2578 eausa
842 2520 954 2576 ulterius
973 2518 1099 2573 similium
1118 2518 1272 2574 continetur
1289 2520 1317 2575 in
1331 2520 1426 2591 altero,
1445 2522 1518 2590 quod
1531 2524 1602 2578 huuc
1617 2525 1730 2592 primam

373 2600 470 2669 capitis
488 2609 593 2670 partem
612 2601 716 2657 attinet.

459 2680 597 2736 Notavi.
633 2682 703 2737 Erat
727 2682 860 2736 hactenus
884 2680 958 2734 nuda
981 2677 1160 2748 compararim
1187 2694 1260 2733 nunc
1284 2685 1312 2733 et
1330 2695 1428 2735 causas
1446 2680 1556 2750 attingit
1581 2683 1729 2754 naturales,

373 2776 444 2832 quae
463 2760 509 2816 alii
527 2766 593 2816 tuno
616 2760 683 2815 alias
702 2760 830 2814 conciliat
852 2757 1041 2828 proprietates.
1080 2755 1214 2810 Paulatim
1240 2757 1310 2811 euim
1335 2760 1434 2813 transit
1456 2759 1491 2814 ad
1516 2760 1631 2816 alterum
1648 2779 1729 2818 mem·

371 2841 459 2910 brum,
478 2840 513 2895 ad
532 2839 605 2908 quod
625 2839 679 2894 ista
696 2840 781 2907 magis
800 2844 933 2911 spectant.
971 2836 1072 2891 Modus
1090 2837 1161 2890 euim
1178 2835 1299 2890 musicus
1317 2852 1368 2914 per
1385 2853 1415 2892 se
1432 2837 1492 2905 ipse
1510 2853 1565 2894 non
1582 2849 1624 2895 est
1641 2857 1730 2910 neque

373 2922 509 2978 excitatus
528 2934 618 2988 neque
635 2925 770 2985 moestus,
790 2917 838 2972 sed
857 2922 888 2971 ut
905 2918 982 2987 ipsae
1000 2933 1098 2972 vocum
1117 2915 1281 2970 Graecarum
1300 2917 1504 2973 terminationes
1523 2917 1662 2989 judicant,
1690 2920 1729 2976 sic

371 3001 472 3057 dicitur
490 3000 525 3054 ab
544 2996 667 3052 efficacia
681 2993 741 3051 'sua
759 2997 787 3052 iu
805 2996 909 3051 animis.
946 2995 1061 3050 Videtur
1083 3002 1174 3049 sutem
1192 2994 1366 3051 Ptolemaeus
1387 2997 1433 3051 hic
1457 3005 1537 3053 tonos
1562 2999 1621 3053 sola
1640 2999 1729 3054 altitu·

375 3079 439 3134 dine
457 3068 639 3146 distinguere,
658 3091 719 3130 cum
738 3084 852 3143 asserat,
871 3074 944 3130 idem
962 3074 1048 3129 melos
1066 3074 1127 3127 cani
1145 3089 1228 3142 posse
1249 3073 1278 3127 in
1297 3073 1409 3130 dirersis
1428 3078 1509 3132 tonis.
1546 3079 1636 3146 Atque
1649 3078 1730 3133 etlam

373 3158 428 3214 situ
447 3156 582 3213 semitonii
600 3154 736 3222 differunt,
755 3162 784 3208 et
801 3154 872 3209 serie
889 3153 995 3222 reliqua
1012 3153 1206 3207 concinnorum
1224 3159 1253 3206 et
1269 3154 1380 3222 reliquis
1400 3156 1494 3225 rebus,
1514 3171 1585 3224 quas
1602 3164 1666 3212 sunt
1683 3173 1729 3211 ex·
1795 3196 1820 3225 t,

373 3235 491 3305 plicatae
509 3252 574 3311 cap.=
589 3234 629 3290 14.
649 3233 711 3289 libri
729 3234 781 3288 mei
799 3234 848 3287 ΙΙΙ.
884 3234 981 3302 ltaque
998 3232 1142 3289 facultates
1166 3232 1236 3286 istas
1258 3232 1295 3287 ad
1320 3235 1467 3290 movendos
1491 3237 1595 3293 animm
1617 3253 1672 3292 nou
1690 3237 1729 3290 in·

374 3319 438 3368 sunt
454 3314 522 3383 ipsis
540 3317 646 3368 tantum
663 3320 778 3382 propter
795 3312 965 3367 altitudinem
984 3327 1078 3366 eorum
1095 3310 1122 3363 iu
1141 3318 1288 3381 systemate
1305 3312 1437 3380 perfecto,
1456 3315 1504 3370 sed
1517 3314 1602 3370 multo
1614 3317 1731 3373 maxime

373 3399 487 3464 propter
503 3406 589 3459 genus
607 3400 636 3446 et
654 3392 774 3448 ordinem
793 3391 891 3459 amque
910 3407 989 3446 suum
1007 3391 1200 3446 conciunorum
1219 3390 1429 3447 intervallorum.

462 3473 535 3529 Nota
552 3475 612 3528 VH.
647 3473 821 3528 Ptolemaeus
845 3471 890 3526 lib.
910 3473 970 3553 lll.¹
984 3488 1043 3541 cap.
1058 3472 1104 3526 ¹10.
1131 3470 1236 3525 dorium
1258 3472 1324 3526 facit
1347 3473 1489 3528 altitudine
1511 3475 1644 3547 medium,
1667 3478 1730 3534 inde

373 3568 469 3609 sersus
495 3562 577 3609 acuta
595 3554 747 3624 phrygium,
772 3551 891 3621 lydium,
921 3552 1107 3607 acutissimum
1129 3550 1317 3621 mixolydium,
1343 3563 1371 3606 et
1394 3570 1488 3608 versus
1516 3557 1620 3623 grauia:
1645 3556 1729 3627 hypo-

376 3633 486 3705 lydium,
507 3632 734 3703 hypophrygium,
753 3630 948 3701 hypodorium;
977 3632 1055 3699 quusi
1073 3630 1166 3685 dorius
1184 3631 1319 3686 obtineret
1337 3632 1440 3688 clavem
1454 3636 1480 3690 G
1497 3635 1524 3689 iu
1542 3636 1629 3703 molli,
1648 3638 1729 3707 phry-

375 3714 437 3781 gius
461 3711 500 3779 A,
525 3710 615 3781 lydius
634 3711 676 3777 H,
703 3709 866 3781 mixolydius
892 3711 928 3774 0,
953 3709 1117 3780 hypolydius
1142 3710 1261 3765 vicissim
1284 3710 1323 3776 F,
1352 3711 1556 3782 hypophrygius
1574 3715 1618 3783 Ε,
1645 3717 1729 3787 hypo·

375 3791 467 3846 dorius
485 3792 522 3846 D.
556 3792 616 3845 Hac
635 3789 744 3860 quidem
761 3790 789 3844 in
808 3789 986 3859 dispositione
1005 3789 1095 3845 differt
1113 3787 1284 3844 Ptolemaeus
1302 3791 1337 3845 ab
1357 3790 1513 3847 auctoribus
1531 3794 1636 3848 ceteris.

464 3870 648 3926 Gommuniter
672 3870 742 3925 enim
770 3869 805 3925 ab
824 3869 981 3926 auctoribus
1000 3869 1171 3925 celebrantur
1196 3876 1251 3923 tres
1269 3867 1353 3922 veluti
1370 3869 1443 3924 modi
1468 3884 1517 3924 seu
1541 3871 1613 3925 toni:
1638 3871 1729 3937 dorius

376 3950 464 4017 graus
482 3958 511 4005 et
527 3948 682 4011 modestus,
699 3949 829 4018 phrygius
848 3948 938 4003 mollis
956 3955 984 4002 et
1003 3948 1149 4003 deliciosus
1174 3955 1202 4001 et
1227 3946 1412 4016 effeminatus,
1432 3948 1519 4018 lydius
1537 3949 1685 4006 bellicosus
1703 3961 1732 4007 et

375 4028 523 4083 iracundus
541 4035 569 4081 et
586 4025 736 4094 masculus,
757 4027 830 4095 quod
849 4038 899 4096 ego
918 4037 1029 4084 secutus
1047 4044 1107 4083 sum
1126 4044 1185 4096 cap.
1207 4028 1246 4082 15.
1267 4026 1330 4082 libri
1347 4028 1400 4083 mei
1416 4028 1466 4083 ΙΙΙ.
1501 4030 1618 4084 Nomina
1640 4040 1728 4084 traxe·

374 4115 438 4163 rant
459 4123 476 4161 a
494 4107 620 4176 gentibus
643 4122 749 4161 morum
772 4107 958 4162 consimilium.
993 4108 1081 4163 Dores
1106 4108 1177 4162 enim
1199 4107 1328 4175 antiquae
1346 4107 1475 4161 Graeciae
1501 4108 1619 4176 populus
1643 4118 1729 4174 erant,

374 4186 496 4253 magistri
513 4186 608 4256 optimi
624 4186 827 4241 formandarum
845 4183 1114 4255 rerumpublicarum,
1134 4202 1247 4254 quarum
1265 4185 1340 4239 salus
1357 4185 1385 4238 iu
1402 4187 1606 4241 conservacione
1624 4205 1728 4242 morum

375 4264 547 4334 antiquorum
571 4264 711 4339 ponsistit,
738 4264 857 4336 Phrygia
881 4264 963 4321 Asiae
985 4265 1066 4322 beatu
1087 4264 1225 4335 prouincia
1249 4263 1344 4319 molles
1368 4263 1499 4334 populos,
1527 4265 1614 4334 Lydia
1635 4276 1730 4324 contra

374 4343 520 4401 bellicosos
537 4344 680 4402 educabat.

462 4442 536 4498 Nota
552 4443 627 4498 VllI.
662 4442 788 4498 Alterum
816 4448 844 4497 et
866 4442 1043 4512 praecipuum
1067 4442 1164 4512 capitis
1192 4439 1341 4496 membrum
1363 4440 1416 4494 hoc
1437 4448 1492 4510 eet,
1525 4443 1728 4514 quodquidam

375 4522 530 4592 generalius
548 4530 577 4577 ct
594 4522 701 4592 plenius
719 4531 779 4577 erat
791 4522 976 4591 tractandum3
996 4521 1070 4590 qrrod
1082 4528 1149 4590 putu
1162 4521 1347 4576 Ptolemaeum
1355 4521 1441 4576 fnisse
1452 4521 1595 4592 facturum,
1614 4524 1637 4578 si
1649 4541 1728 4595 opus,

375 4600 449 4672 quod
468 4609 573 4657 certum
591 4608 634 4657 est
651 4601 839 4672 imperfectum
858 4603 893 4657 ab
910 4602 971 4671 ipso
988 4601 1126 4671 relietum,
1144 4607 1173 4658 et
1189 4600 1363 4670 perduxisset
1385 4601 1419 4656 ad
1439 4600 1618 4670 colophonem
1641 4610 1669 4658 et
1686 4620 1728 4659 rs·

375 4681 490 4737 uidisset
506 4679 632 4748 denique.
668 4682 739 4737 Num
756 4687 785 4735 et
802 4697 857 4736 non
875 4682 950 4736 solae
968 4690 1033 4736 sunt
1044 4681 1206 4736 mutationes
1225 4681 1374 4750 modorum,
1394 4681 1439 4750 qui
1452 4680 1566 4736 aflectus
1578 4681 1728 4737 animorum

375 4759 556 4826 transferunt,
584 4768 612 4814 et
636 4761 689 4831 ipsi
711 4760 784 4815 modi
805 4760 929 4831 pluribus
953 4760 1033 4815 etiam
1053 4760 1267 4828 proprietatibus
1290 4775 1371 4830 quam
1395 4760 1518 4817 acumine
1543 4766 1571 4813 et
1597 4759 1728 4829 gravitate

375 4838 447 4893 inter
463 4837 647 4909 sedifferunt,
665 4845 693 4898 et
710 4854 811 4897 musae
828 4839 945 4911 denique
963 4845 1028 4896 sunt
1045 4837 1196 4899 evidentius
1213 4837 1399 4911 explicandae,
1418 4855 1467 4897 cnr
1482 4839 1536 4894 ista
1552 4838 1660 4907 possint
1671 4855 1728 4897 mu·
