3872 5846
633 361 943 435 enumerasse
961 363 1080 435 61666.
1465 366 1534 429 act

177 545 347 623 6661661666
369 562 436 607 esse
456 544 487 604 iu
513 546 541 621 6,
566 545 596 619 6,
620 544 649 616 4,
674 544 703 616 2,
726 558 804 618 quae
826 550 870 602 est
893 545 924 599 16
947 544 977 614 3,
1001 546 1038 617 6,
1062 544 1097 616 4,
1123 543 1153 603 6.
1197 539 1321 602 Minime
1343 542 1363 602 6
1387 547 1433 601 est
1454 538 1493 601 66
1516 543 1534 599 i

138 654 146 663 ’
178 642 212 693 ut
234 635 254 692 t
277 632 315 693 ari
340 635 368 694 6.
415 633 601 693 6666166616
615 631 835 707 proportionem
850 629 1050 691 harmonicam
1072 636 1158 706 putat
1175 629 1285 690 turbari
1300 630 1536 706 ucuspositione.

177 720 272 794 Saue,
296 723 322 780 ai
344 724 565 798 proportionem
587 722 662 778 iuter
685 716 760 779 (1666
774 720 922 777 terminos
945 717 1025 779 solos
1048 718 1185 793 agnoscit
1206 716 1334 790 nullam,
1358 719 1459 777 uincit

263 806 348 869 Haec
370 816 415 869 est
438 822 465 871 6.
487 807 695 868 nonnullorum
716 804 866 866 subtilitas
890 804 1043 881 loquendi,
1073 805 1231 880 conjuncta
1253 822 1320 865 cam
1342 822 1457 864 summe
1480 804 1537 864 ob

178 898 333 971 maritate,
361 902 393 955 ut
423 894 452 955 16
484 894 564 973 6666
586 893 691 954 Gracci
715 896 801 973 loyor
832 891 998 971 appellant,
1029 892 1120 953 iatine
1143 893 1287 953 raconem
1314 892 1407 953 velint
1430 891 1535 967 dicere,
1663 940 1674 955 6

178 985 396 1060 proportionem
420 1001 498 1057 rere,
523 982 603 1060 6666
627 980 734 1041 Graeci
757 978 922 1060 asclepius.
969 979 1086 1040 Vellem
1101 977 1236 1056 equidem
1260 980 1290 1041 id
1311 980 1419 1039 imitari
1437 996 1535 1057 66666,

178 1078 212 1130 61
231 1071 337 1131 1661666
367 1088 414 1131 me
436 1073 555 1131 memini
587 1068 730 1130 antehac:
762 1075 793 1131 at
817 1071 899 1147 loyor
922 1065 1044 1127 Graecis
1072 1084 1223 1144 uunquam
1252 1069 1282 1125 iu
1310 1068 1456 1128 communi
1480 1083 1536 1127 666

177 1157 320 1234 16666661
342 1160 466 1219 sumitur
488 1175 541 1235 pro
565 1174 638 1218 voce
661 1154 761 1228 61666,
786 1155 900 1215 Latiale
924 1156 1091 1215 tereretis
1116 1154 1393 1217 ereberrime-sonat
1415 1172 1536 1215 causam

181 1245 230 1306 rel
252 1245 384 1305 modum.
429 1243 554 1324 Oportet
575 1246 663 1321 igitur
686 1250 785 1303 tenere
808 1260 919 1302 morem
941 1260 960 1304 a
982 1242 1115 1303 barbaris
1131 1241 1310 1304 Graecorum
1326 1242 1537 1304 elementorum

179 1334 386 1410 interpretibus
408 1333 606 1393 inuoductum
629 1338 658 1390 et
680 1332 879 1407 proportionis
901 1346 1004 1393 rocem
1028 1340 1089 1391 tam
1110 1349 1164 1407 pro
1187 1333 1261 1409 λογῳ
1284 1346 1372 1407 quam
1394 1347 1448 1407 pro
1462 1328 1537 1391 aba·
1615 1348 1621 1369 ³
1740 1300 1742 1315 Ι

179 1422 261 1500 iayrp
284 1436 427 1500 sumere,
441 1419 522 1498 6666
544 1426 608 1481 1616
630 1418 687 1479 hec
709 1418 785 1479 libro
808 1419 910 1481 crebro
932 1418 1018 1477 facio.
1402 1482 1416 1518 '

264 1506 335 1568 «1666
358 1509 447 1584 igitur
470 1507 698 1567 616666166661
719 1508 871 1583 proportio
894 1513 924 1567 et
947 1503 1165 1577 concordantia,
1184 1512 1219 1564 ct
1241 1502 1316 1564 haee
1338 1501 1418 1564 illiue
1442 1503 1535 1564 ueluti

180 1590 312 1670 qualitas
334 1595 480 1672 quaedam
508 1595 620 1672 1116666
642 1593 733 1669 hujtts
752 1593 928 1668 subjectum.
973 1590 1189 1653 Conecrdantic
1211 1608 1281 1651 reru
1313 1593 1391 1652 inest
1411 1608 1538 1670 propor-

179 1683 311 1743 tionibus
333 1685 427 1760 primo
452 1691 482 1744 61
504 1700 556 1760 pcr
578 1700 619 1755 se,
643 1687 790 1757 quatenus
812 1681 883 1741 illae
905 1688 975 1740 suut
998 1683 1073 1740 inter
1095 1678 1170 1741 6666
1194 1681 1347 1753 terminos,
1379 1697 1437 1739 non
1460 1697 1536 1755 qua-

179 1778 264 1830 tenus
293 1778 340 1831 est
366 1773 441 1831 inter
471 1770 570 1847 plures
603 1771 741 1830 terminos
771 1770 950 1829 continuitas
980 1766 1127 1844 quaedam
1151 1768 1358 1846 proportionis.
1404 1767 1445 1838 Et
1465 1783 1537 1826 eou-

178 1865 289 1918 souant
310 1857 370 1918 due
391 1859 589 1935 proportionis
620 1857 733 1916 termini
756 1874 814 1916 neu
838 1873 928 1916 cenea
949 1848 1056 1928 situs,'
1072 1859 1100 1914 in
1124 1872 1183 1931 666
1205 1857 1286 1931 prius
1308 1861 1354 1915 est
1383 1862 1413 1914 61
1435 1863 1537 1931 poete-

178 1946 248 2020 rius,
272 1944 495 2023 66666616666
518 1944 606 2004 simul
628 1945 783 2022 pulsantur
805 1942 910 2004 eodem
933 1949 1063 2020 tempore
1086 1942 1163 2003 duae
1186 1941 1332 2017 chordas,
1363 1942 1537 2005 66666616-

181 2040 226 2092 tur
248 2031 323 2093 haec
345 2033 554 2093 concordantia
581 2039 693 2091 mutato
716 2033 774 2091 situ
796 2031 997 2092 characterum
1028 2033 1057 2088 in
1080 2032 1224 2108 scriptura
1250 2037 1304 2089 aut
1334 2031 1365 2088 iu
1388 2030 1535 2091 testudine

97 2138 101 2145 ·
179 2137 296 2181 eversa
342 2120 528 2198 Propertioui
551 2138 631 2195 veru,
655 2128 799 2195 quaeest
822 2121 896 2178 inter
912 2129 970 2178 tres
986 2117 1035 2178 vel
1052 2117 1148 2195 plures
1163 2118 1311 2191 terminos,
1337 2117 1444 2179 amitiit
1466 2134 1539 2178 een-

179 2206 332 2267 eordautia
359 2207 549 2282 secundario,
577 2215 696 2285 propter
723 2206 887 2283 singulares
920 2208 1108 2265 terminorum
1142 2205 1241 2280 bigas,
1276 2207 1306 2263 in
1338 2206 1447 2281 quibus
1481 2206 1537 2266 etsi

179 2297 286 2355 mutari
309 2301 407 2371 potest
429 2302 543 2356 mutato
565 2297 623 2356 situ
646 2293 794 2372 66616616,
819 2293 849 2353 16
864 2310 978 2370 nempe,
1002 2291 1081 2370 6666
1104 2292 1216 2353 inillis
1238 2299 1284 2352 661
1307 2290 1344 2353 (16
1360 2294 1538 2369 montanica
1571 2323 1578 2327 ·

178 2385 368 2460 proportione
391 2383 561 2457 admixtum,
584 2400 680 2459 neque
702 2389 799 2442 tamen
823 2382 909 2442 simul
933 2384 1039 2440 mutari
1063 2380 1191 2457 qualitas
1213 2380 1391 2443 harmonica.
1439 2379 1537 2455 Quare

179 2469 259 2546 quod
283 2468 415 2547 disputat
439 2471 579 2544 Bodinns,
603 2479 730 2547 quatuor
751 2471 823 2544 iata,
848 2468 954 2546 legem,
975 2468 1050 2545 legis
1073 2471 1236 2539 actionem,
1258 2470 1448 2545 6666116166,
1471 2486 1537 2528 ma-

178 2560 352 2634 gistratum,
385 2562 547 2637 comparari
579 2566 706 2635 quatuor
734 2560 878 2632 numeris,
914 2556 1085 2621 harmonica
1107 2560 1294 2634 proportione
1315 2554 1474 2633 colligatis,
1507 2564 1537 2616 61

179 2644 428 2721 quemadmodum
451 2648 636 2723 transpositis
660 2646 788 2704 numeris
810 2652 911 2721 pereat
934 2652 1100 2716 concentus,
1125 2647 1167 2704 ita
1187 2645 1213 2704 si
1237 2659 1393 2719 processus
1407 2644 1537 2704 ioreuses

180 2742 208 2791 et
231 2735 382 2793 exsecutio
402 2734 534 2810 potiores
555 2733 720 2794 habeantur
740 2731 871 2809 legibue,
904 2733 1140 2808 simagistretus
1167 2733 1247 2807 prior
1264 2732 1430 2808 6666111616,
1461 2732 1537 2791 6161-

180 2823 249 2879 16116
272 2820 454 2880 harmoniam
477 2822 603 2880 turbari:
633 2821 662 2879 16
686 2820 803 2896 quidem
828 2820 907 2880 nullu
931 2821 1044 2878 ratione
1068 2818 1103 2876 66
1125 2818 1171 2889 id,
1207 2817 1286 2893 6666
1318 2820 1347 2876 16
1370 2819 1537 2895 proportio-

179 2908 267 2966 nibus
292 2916 338 2967 eet
359 2907 569 2981 harmonicum,
593 2908 646 2968 sed
668 2907 840 2984 simpliciter
861 2907 899 2965 sd
923 2908 1052 2984 ipsarum
1067 2908 1290 2982 proportionum
1311 2913 1454 2979 naturum,
1478 2922 1537 2981 qua
1647 2980 1652 2989 „

180 2997 389 3072 geometricam
418 3014 478 3072 666
506 2995 735 3068 arithmeticam,
767 3003 814 3056 est
836 2994 1034 3066 referendum,
1066 2992 1122 3054 hoc
1144 3000 1197 3054 ect²
1218 2992 1256 3053 ad
1278 2993 1310 3054 id
1340 2994 1537 3070 proportionis

180 3100 282 3159 genus,
306 3082 387 3158 6666
409 3101 446 3143 ex
468 3092 592 3160 utreque
614 3088 809 3160 temperatum
830 3090 948 3144 veteres
968 3081 1157 3157 persuasione
1180 3079 1310 3158 quadam
1331 3081 1446 3141 infirmo
1467 3080 1536 3141 hur·

180 3172 330 3230 monicum
356 3170 551 3248 appellarunt
596 3171 757 3231 Commune
787 3172 864 3229 euim
893 3170 950 3229 hoc
979 3176 1024 3229 661
1047 3169 1182 3228 omuibus
1210 3168 1354 3243 analogiis
1376 3172 1441 3229 sive
1463 3170 1536 3231 sim·

179 3258 307 3334 plicibus
330 3261 395 3318 sire
414 3256 528 3335 mixtis,
550 3266 652 3320 contra
674 3275 763 3334 quam
786 3258 875 3317 tradit
896 3256 1043 3331 Bodinus,
1073 3265 1105 3316 ut
1127 3255 1177 3316 661
1197 3264 1347 3317 mutentur
1369 3259 1399 3315 iu
1421 3260 1536 3334 species

178 3345 256 3405 61166
284 3348 471 3422 transpositis
496 3349 642 3421 terminis,
677 3344 723 3405 vel
751 3345 839 3421 plane
868 3344 1064 3404 cerneretur.
1109 3342 1169 3404 Sati
1201 3342 1240 3403 66
1269 3361 1332 3404 rem
1359 3343 1458 3406 redeo.
1504 3344 1536 3404 st

178 3449 290 3493 merum
313 3434 465 3493 arbitrium
487 3434 578 3493 habet
600 3435 789 3510 magistratus
811 3432 992 3509 gubernandi
1017 3433 1080 3491 sine
1101 3432 1228 3506 legibus,
1251 3447 1347 3508 66666
1362 3431 1458 3509 legem
1481 3430 1536 3492 oh·

59 3588 62 3597 .
178 3533 279 3580 serrat
301 3528 433 3594 naturae,
457 3538 554 3599 66666
576 3522 645 3580 boni
667 3527 699 3580 et
720 3521 884 3580 innocentis
907 3522 962 3579 riri
985 3519 1082 3579 cilicio
1105 3519 1245 3595 16661166,
1269 3534 1331 3580 666
1348 3521 1537 3596 magistratus

179 3609 243 3681 erit,
267 3607 321 3668 666
344 3614 494 3686 tyrannus.
540 3608 674 3684 Cumque
695 3608 839 3667 bonorum
860 3609 1024 3684 principum
1046 3623 1184 3667 numerus
1209 3605 1318 3684 oppido
1341 3624 1451 3683 paruus
1473 3609 1538 3667 eri·

178 3701 255 3768 stat,
287 3711 345 3755 uon
368 3702 413 3775 est
435 3695 601 3757 consultum
624 3694 819 3772 reipublicae,
848 3712 913 3755 rese
942 3694 1011 3753 huic
1033 3692 1165 3770 periculo
1193 3697 1390 3769 committere,
1422 3696 1537 3771 quotics

178 3789 338 3843 renovatur
360 3785 559 3859 magistratus.
604 3783 667 3843 Etsi
692 3800 762 3842 vero
784 3786 937 3858 contingat
958 3781 1001 3841 illi
1024 3781 1120 3841 benus
1143 3781 1321 3858 6666666666
1340 3784 1537 3859 magistratus,

178 3869 333 3930 diuturnus
355 3877 459 3929 tamen·
475 3888 540 3931 esse
562 3879 657 3930 status
680 3873 743 3931 iste·
758 3873 874 3946 neqnit3
903 3877 934 3929 61
956 3887 1011 3929 666
1033 3869 1171 3929 salutaris
1193 3869 1389 3945 reipublicae,
1413 3871 1485 3946 qaia
1505 3877 1539 3928 ut

178 3958 273 4017 bourn
296 3958 336 4016 sit
357 3956 532 4031 moderator,
555 3958 682 4036 prudeus
697 3959 769 4017 satis
785 3975 842 4016 non
858 3974 973 4033 semper
987 3959 1052 4029 erit,
1075 3958 1136 4032 qui,
1160 3956 1231 4033 6616
1254 3974 1382 4033 6666666
1403 3959 1452 4030 611,
1473 3958 1538 4016 6166

179 4044 279 4119 legum
301 4061 405 4105 norme
427 4044 539 4125 616661,
562 4054 592 4106 61
613 4055 647 4105 61
668 4048 731 4122 ipae
755 4044 856 4105 rideat
878 4053 1077 4121 sequaturque
1100 4038 1320 4119 qnod‘reetum,
1344 4047 1425 4104 eires
1439 4052 1536 4104 166666

180 4132 436 4200 calumniabuntur
459 4135 547 4193 ctiam
570 4137 696 4208 optima,
727 4134 785 4190 nisi
806 4132 888 4208 leges
911 4133 985 4204 sint,
1014 4131 1122 4207 quibus
1146 4130 1195 4191 ille
1217 4131 1296 4191 iacta
1323 4150 1379 4191 sua
1403 4133 1476 4191 tueri
1498 4130 1537 4191 ad

178 4220 323 4296 populum
348 4222 458 4296 possitr
490 4223 571 4281 circs
599 4221 696 4295 legum
728 4218 883 4297 disciplina
911 4225 980 4279 surrt
1008 4218 1175 4291 erudiendi,
1207 4236 1368 4295 poenarum
1398 4219 1536 4295 imagine,

181 4325 258 4383 6666
282 4305 398 4383 iegibus
420 4310 674 4386 praescribuntur,
700 4323 719 4366 a
740 4306 903 4368 malefactis
933 4304 1124 4367 absterrendi.
1171 4304 1300 4382 Legibus
1329 4307 1417 4382 igitur
1439 4320 1537 4366 carere

179 4392 346 4472 respublica
365 4397 477 4470 nequit

264 4480 405 4541 Vicissim
437 4481 534 4557 leges,
565 4498 671 4559 graeco
704 4479 851 4540 vocabulo
879 4502 974 4554 66666,
1011 4480 1226 4540 distributivam
1256 4480 1392 4556 jutitiae
1423 4488 1538 4559 partem

179 4569 310 4643 signant,
342 4587 419 4643 6666
441 4571 472 4627 16
494 4577 573 4630 statu
596 4568 731 4648 populari
761 4571 894 4644 sequitur
921 4567 1134 4627 arithmeticam
1157 4566 1379 4644 aequalitatem.
1422 4566 1537 4643 Quodsi

182 4657 282 4716 omnic
303 4653 342 4716 ad
365 4656 464 4732 legum
486 4658 611 4731 rigorem
633 4657 850 4730 examinantur,
883 4655 990 4731 iniuria
1013 4655 1063 4716 fiet
1083 4654 1227 4731 plurimis.
1274 4654 1371 4731 16666
1401 4657 1478 4715 cuim
1501 4655 1538 4715 rie

182 4741 268 4803 iactis
290 4750 443 4818 statuunt,
472 4744 555 4805 uuila
577 4743 859 4805 circumstantiarum
882 4743 1026 4803 6661666116
1054 4740 1195 4816 defluitis,
1225 4744 1307 4803 16616
1328 4760 1400 4804 reru
1419 4743 1539 4817 6166616
1583 4788 1586 4807 .

180 4830 406 4893 circumstsutiia
434 4833 496 4892 suis
529 4832 677 4910 6166661616
707 4839 790 4903 suut,
825 4831 932 4906 quihus
965 4830 1013 4891 rel
1042 4830 1214 4905 mitigantur
1247 4829 1294 4891 sel
1323 4838 1538 4910 666666661666
