3872 5846
380 452 442 512 teu
911 446 954 500 De
971 444 1195 516 Proper-tionibus

679 652 846 709 Duodecima

406 736 468 792 XII.
523 736 590 811 88,Ι
604 735 637 804 8,
656 733 717 799 88,
735 733 798 799 81),
817 733 878 804 88,
897 734 932 804 8,
950 735 1009 792 SD.

691 847 851 904 Tredeeima

392 928 469 983 xm.
528 926 589 994 88,
608 925 669 995 88,
688 927 721 992 8,
740 927 805 996 81),
824 927 885 998 81,
904 928 939 994 8,
960 927 1022 996 81),

466 1010 510 1060 est
527 1003 621 1059 eadem
639 1019 701 1059 cunr
718 1007 857 1074 sequentis
875 1005 962 1061 forma
977 1005 1068 1076 priori.

1171 1283 1239 1291 —v—

378 1276 459 1332 sitnm
475 1275 537 1330 loeo
554 1276 645 1343 tertio,
663 1292 748 1346 quare
764 1291 820 1333 una
835 1275 927 1331 existit
938 1275 1051 1345 species,
1190 1284 1312 1368 ,ῑέ

379 1369 417 1409 sc.
437 1353 531 1409 eadem
548 1354 696 1410 tredecima
713 1354 835 1410 biformis
853 1352 913 1420 88,
936 1354 997 1423 88,
1022 1353 1052 1422 8,
1084 1333 1275 1404 *mvi*

379 1430 442 1501 DS,
460 1431 520 1496 88,
539 1432 573 1501 8,
592 1433 645 1489 DS
660 1435 702 1489 cel
719 1433 781 1501 SD,
801 1432 829 1489 8.

425 1578 428 1585 .
466 1535 590 1608 Denique
614 1538 643 1593 in
666 1545 763 1593 cctam
784 1538 813 1605 sp
838 1537 890 1591 duo
914 1544 979 1593 sunt
1004 1537 1066 1592 loca
1084 1539 1161 1594 semi·
1250 1573 1257 1588 .

285 1648 287 1655 ,
467 1618 555 1684 tenio,
576 1617 619 1672 vel
635 1617 664 1671 in
681 1615 831 1685 penultima
848 1617 926 1687 sede,
949 1618 992 1673 rel
1009 1618 1038 1672 iu
1056 1618 1161 1679 ultima,
1212 1611 1315 1667 -ffi‘-

400 1695 470 1753 xlv.
490 1695 594 1766 Quodsi
612 1696 695 1765 igitur
712 1697 751 1750 ric
765 1695 887 1753 ordines:
906 1698 962 1768 88,
981 1697 1012 1766 8,
1029 1698 1088 1766 81),
1107 1698 1163 1768 88,

468 1775 506 1845 8,
525 1774 589 1844 81),
608 1775 670 1842 88,
688 1775 793 1846 speeies
812 1776 864 1830 erit
879 1777 978 1845 prima,
1001 1782 1032 1832 ut
1049 1788 1163 1847 apparet

470 1872 505 1911 ex
523 1855 684 1924 collatione;
703 1854 744 1909 sin
762 1854 853 1921 aliter,
868 1857 920 1911 erit
937 1855 1161 1925 quartadecima:
1248 1874 1352 1920 r„—
1419 1912 1491 1920 ,-

469 1936 505 2006 8,
524 1934 584 2005 88,
603 1934 668 2002 SD,
688 1934 749 2002 88,
769 1934 802 2005 8,
819 1934 884 2005 81),
902 1934 957 1992 88.

465 2077 588 2146 Apparet
605 2075 688 2143 igitur
704 2090 795 2143 causa,
813 2073 907 2129 curin
925 2073 1018 2130 ordine
1036 2074 1078 2144 11,
1096 2076 1147 2142 IV,
1167 2076 1204 2144 V,
1224 2076 1283 2146 VII,
1301 2077 1358 2146 IX,
1371 2093 1409 2133 sc.
1427 2077 1454 2132 in
1472 2079 1576 2135 octavis
1594 2081 1643 2150 (ἕρ,
1663 2083 1687 2148 b,
1707 2087 1730 2150 b,

379 2175 420 2227 ορ,
438 2156 482 2226 ἄρ,
500 2153 575 2210 uuila
592 2152 737 2225 peculiaris
756 2154 860 2223 species
877 2153 997 2222 incipiat
1034 2155 1156 2224 Apparet
1174 2155 1309 2224 secundo,
1334 2155 1435 2211 nnllam
1453 2171 1534 2226 posse
1560 2158 1619 2213 fieri
1636 2160 1731 2230 penui·

380 2249 443 2290 nam
458 2233 706 2302 transpositionem,
724 2238 755 2286 ut
772 2239 881 2286 maneat
899 2232 993 2287 eedem
1011 2234 1116 2302 species
1135 2241 1254 2304 octonae,
1271 2236 1323 2291 nisi
1340 2235 1404 2301 bas,
1423 2237 1445 2297 Ι)
1463 2237 1497 2292 ab
1514 2239 1543 2304 sp
1562 2239 1589 2292 iu
1605 2257 1637 2310 p,
1656 2241 1692 2308 Il)
1711 2256 1728 2295 a

379 2310 1536 2386 ppino,sediormaerejeotae,lIIiaboiub,IV)abinc,Vlacpind,
1563 2316 1729 2387 Vliariin

379 2393 426 2463 dp,
448 2390 553 2447 formae
569 2389 701 2458 rejectae,
718 2389 781 2458 VII)
798 2391 833 2444 ab
851 2406 865 2444 e
882 2388 948 2460 inf.
1129 2450 1135 2459 „

466 2484 507 2542 At
534 2485 560 2541 si
588 2481 678 2558 vulgo
704 2484 881 2540 musicorum
911 2483 1113 2559 organicorum
1142 2483 1393 2561 obtemperemus,
1427 2488 1474 2561 qni
1497 2502 1611 2546 comma
1632 2488 1730 2563 negli-

383 2577 473 2647 gunt,
495 2586 550 2630 nec
573 2571 647 2629 inter
669 2577 755 2629 tonos
778 2568 919 2645 majorem
940 2572 1139 2646 minoremque
1162 2570 1343 2643 discernunt,
1372 2580 1443 2632 tuno
1464 2589 1565 2633 omues
1587 2583 1731 2650 quatuor-

382 2657 476 2719 decim
503 2665 621 2717 nostrae
649 2658 762 2735 species
795 2664 964 2716 octavarum
996 2661 1173 2718 constituent
1205 2676 1264 2718 non
1296 2659 1395 2734 plures
1427 2678 1513 2737 quam
1541 2670 1599 2722 tres
1625 2661 1729 2722 modos

379 2762 433 2824 pro
455 2743 562 2823 triplici
584 2747 643 2804 situ
664 2744 810 2803 semitonii
832 2744 881 2818 (ut
904 2744 1021 2820 quidem
1044 2751 1074 2804 et
1097 2744 1248 2805 Galilaeus
1271 2753 1384 2823 tempus
1405 2749 1493 2808 inisse
1508 2749 1559 2821 ait,
1583 2767 1647 2810 curn
1670 2767 1729 2811 uon

379 2832 479 2912 plures
500 2833 594 2892 tribus
615 2831 787 2891 haberentur
810 2834 888 2889 toni:
912 2832 1028 2906 Durius,
1051 2828 1215 2911 Phrygius,
1238 2833 1382 2910 Lydius),
1405 2834 1635 2912 multiplicantur
1659 2854 1729 2897 sero

383 2924 413 2980 in
435 2919 533 2998 plures
564 2936 615 2997 per
636 2918 729 2979 solam
752 2917 943 2977 altitudinem.
988 2920 1063 2979 Nam
1087 2919 1166 2997 quod
1194 2924 1307 2980 tertiam
1331 2939 1449 2981 causam
1471 2926 1587 2997 attinet,
1619 2928 1729 2984 articu-

384 3008 524 3069 lationem
546 3006 674 3067 sceleton
698 3015 836 3079 octavae,
865 3007 1008 3067 canobio
1039 3007 1185 3067 cumillis
1217 3006 1312 3068 adbuc
1343 3012 1501 3070 communis
1525 3019 1584 3087 est;
1611 3021 1729 3088 propter

338 3106 343 3111 ’
384 3112 471 3174 qnam
494 3097 584 3156 etiam
606 3095 691 3155 uobis
713 3093 810 3170 plures
835 3110 923 3170 quam
948 3097 988 3153 14
1010 3097 1123 3172 speeies
1146 3104 1308 3155 nascentur.

727 3233 804 3293 Ecce
826 3240 884 3293 tres
907 3232 1023 3294 ordines
1045 3233 1183 3311 vulgares
1205 3242 1384 3295 octavarum.

472 3359 504 3436 l)
527 3355 568 3417 Ut
589 3357 775 3416 semitonium
802 3359 842 3416 sit
868 3355 935 3436 loco
964 3358 1040 3432 imo,
1070 3374 1156 3434 quern
1184 3365 1257 3434 puto
1286 3358 1472 3419 custoribus
1500 3358 1610 3419 dictum
1631 3358 1729 3438 Pbry-

381 3447 477 3524 gium,
500 3443 701 3522 aequipollent
722 3443 780 3503 illis
803 3462 840 3539 er
860 3445 967 3504 nostris
989 3445 1140 3521 speciebus
1161 3444 1227 3504 bue.

382 3582 456 3707 vili
474 3583 616 3707 iiiiii
631 3582 672 3720 ἒ,
749 3581 859 3778 {first
874 3583 935 3720 88,
950 3581 1009 3720 il:
1027 3582 1057 3720 8
1074 3582 1134 3721 88,
1149 3582 1209 3708 88.
1263 3616 1730 3743 Aeruggfflgffiiggoqujggee·

405 3723 660 3849 stituit·
750 3721 1209 3861 8888888888
1332 3830 1395 3841 ..
1502 3827 1509 3838 .
1618 3825 1623 3837 .

383 3863 613 3948 Quosne
628 3863 667 3930 [ρ.
751 3833 855 3943 siquo,
873 3862 931 3930 sn,
951 3861 1006 3928 su,
1025 3861 1055 3930 o,
1073 3861 1132 3930 sn,
1151 3861 1206 3918 sn.
1265 3829 1412 3884 M⁰l¹⁰⁰f¹⁸
1430 3825 1682 3911 “ifflli’flm'u

472 4006 502 4087 2)
525 4006 566 4068 Ut
586 3981 772 4068 semitonium
795 4012 834 4065 stt
854 4005 920 4066 loeo
935 4008 1060 4083 penimo,
1085 4007 1164 4081 quod
1178 4007 1293 4068 videtur
1312 4008 1458 4081 inlibrio,
1482 4005 1628 4068 veteribus
1643 4004 1731 4077 dieto,

386 4095 493 4158 iactum
516 4113 598 4170 osse,
621 4093 820 4173 aequipollent
842 4094 932 4170 vulgo
956 4112 993 4154 ex
1014 4095 1167 4170 speciebus
1188 4097 1295 4155 nostris
1317 4096 1390 4156 baec

385 4219 419 4230 ““
437 4220 507 4288 t'n
519 4218 616 4288 ocur}
634 4233 666 4290 o.
717 4232 815 4301 nuc
840 4232 899 4299 nu,
918 4232 975 4299 ns,
1002 4232 1032 4299 s,
1058 4231 1117 4299 no,
1136 4229 1192 4298 no,
1211 4231 1320 4301 seton,
1347 4233 1376 4302 a,
1396 4232 1452 4290 sn.
1488 4231 1708 4303 nequpouenus

478 4305 617 4359 noctu
632 4305 671 4373 fr·
718 4303 766 4359 sn
793 4275 900 4369 sisu
919 4301 975 4371 sn,
1001 4302 1031 4370 a,
1060 4301 1119 4370 sn,
1138 4299 1193 4355 sn
1472 4303 1560 4372 quom
1582 4304 1664 4386 inum
1687 4320 1730 4376 sp

380 4412 387 4417 -
411 4374 458 4429 vi.
476 4375 508 4427 ln
521 4383 615 4428 octava
634 4391 656 4429 c.
718 4345 774 4440 88,
794 4372 823 4441 8,
841 4371 901 4438 88,
919 4372 1044 4441 8888,
1075 4371 1104 4440 8,
1135 4368 1194 4425 DS.
1483 4382 1569 4428 stema
1587 4373 1714 4442 diapente

383 4496 386 4507 ,
478 4444 616 4499 lnootara
632 4446 656 4511 b.
718 4443 774 4511 88,
793 4441 822 4511 8,
841 4441 900 4509 81),
919 4440 974 4509 88,
988 4442 1043 4511 88,
1073 4442 1102 4509 8,
1130 4439 1189 4508 81),
1207 4444 1248 4497 vel
1270 4442 1300 4511 8,
1328 4442 1453 4510 8881).
1534 4451 1576 4497 est
1593 4458 1665 4497 vera.

400 4548 461 4603 ιιιι,
481 4549 512 4602 ιι
526 4554 621 4604 octava
638 4565 660 4605 ι.
719 4524 775 4616 ou,
794 4546 824 4615 s,
841 4546 898 4615 nu,
916 4545 974 4613 sn,
993 4546 1049 4613 sn,
1075 4548 1105 4614 s,
1137 4547 1196 4615 sn,
1215 4549 1256 4603 su
1273 4545 1302 4613 o,
1320 4545 1376 4620 nu,
1395 4546 1451 4603 sn.
1471 4512 1731 4638 fflbssfflffln'

414 4687 461 4741 ιι.
479 4688 512 4741 n
524 4694 620 4742 oum
638 4689 673 4744 A.
718 4687 770 4744 un
796 4686 819 4743 s
843 4686 893 4743 ns
918 4686 977 4754 sn,
996 4686 1052 4755 sn,
1079 4687 1102 4744 o
1140 4687 1196 4757 uo,
1214 4691 1256 4744 su
1272 4687 1302 4755 s,
1321 4687 1377 4754 ns,
1396 4687 1452 4743 uu.
1492 4644 1711 4723 8880118)ίῦ

415 4756 462 4812 ιιι
480 4759 512 4812 n
523 4764 619 4814 otuu
636 4759 664 4814 ι.
720 4728 778 4825 sn}
797 4728 827 4825 ιζ
845 4729 901 4826 ns',
919 4755 975 4825 no,
994 4756 1053 4825 sn,
1080 4730 1110 4827 sl,
1139 4757 1196 4826 ns,
1214 4759 1256 4814 vo
1272 4757 1302 4825 a,
1318 4756 1378 4825 no,
1396 4756 1453 4813 ns.
1471 4723 1731 4864 msofflffisu·
