3840 5854
397 467 440 530 10
788 460 932 535 Epistulae
948 427 1065 535 11661661
1076 459 1246 533 thorumque
1261 469 1372 523 mutuae

353 668 358 681 1
395 639 548 720 seligendi,
572 640 703 705 deiectus
725 640 964 703 observationum
985 640 1136 720 arguendi,
1158 642 1254 704 sicubi
1278 590 1440 722 6666661161,
1462 643 1631 711 amasiones
1645 657 1747 707 omues

396 729 662 808 circumspiciendi,
685 745 724 790 an
744 727 831 789 Luna
852 728 1014 790 claritatem
1034 728 1149 805 1666611,
1172 734 1222 791 adr
1242 747 1333 809 purus
1354 730 1458 806 166611,
1487 728 1575 793 616116
1597 722 1676 792 cleia
1697 734 1745 808 sit,

394 816 513 889 humilis
535 835 573 879 an
595 817 657 879 6116
678 816 782 892 1666116
805 816 885 893 quod
899 818 1130 893 instrumentum,
1153 833 1212 895 qua
1226 816 1284 879 dds
1298 818 1394 895 luerit,
1418 816 1559 878 distantia
1579 819 1745 896 61166666-

395 908 536 967 1661666
564 908 594 964 in
617 902 724 965 circulo
747 920 855 981 magno
884 902 1074 984 parabellas:
1105 904 1180 965 haec
1209 908 1307 969 omnia
1334 912 1449 983 tempus
1471 905 1608 983 longius,
1636 905 1747 968 collata

395 993 526 1070 consilia,
548 992 679 1054 lahorem
693 993 841 1068 ingentem
855 993 1041 1069 requirerent,
1064 998 1098 1053 ut
1119 993 1236 1054 omnino
1257 1000 1394 1072 praestet,
1417 996 1601 1071 acquisscsre
1623 992 1747 1072 'lycho-

394 1083 467 1142 nicis
489 1078 765 1158 computationibus,
788 1096 877 1156 quam
899 1081 1056 1142 oscitanter
1077 1080 1135 1142 ista
1156 1080 1285 1158 aggredi.
1328 1079 1391 1142 Nos
1407 1097 1477 1141 vero
1499 1081 1631 1141 locorum
1653 1083 1745 1142 inter·

394 1169 475 1230 valla
497 1168 645 1242 dividunt,
675 1165 747 1227 mihi
776 1173 871 1227 tomos
894 1168 1133 1229 observationum
1154 1168 1265 1231 itineris
1286 1166 1424 1247 periculis
1453 1183 1597 1247 exponere
1618 1185 1677 1229 non
1700 1177 1747 1229 est

393 1258 556 1334 integrum3
579 1263 613 1316 ut
634 1254 805 1329 exscribam,
829 1260 913 1315 vetor
935 1253 1115 1334 obligatione
1137 1272 1220 1332 mea,
1242 1257 1300 1318 nisi
1322 1257 1498 1318 certissimus
1520 1259 1577 1318 sim
1599 1254 1635 1318 ds
1657 1257 1745 1318 resti·

395 1346 508 1406 tutious
530 1341 656 1420 exempli
686 1358 745 1402 uon
769 1340 844 1403 alim
860 1341 1051 1405 describendi.
1089 1342 1172 1404 Etut
1186 1343 1305 1407 blesim
1318 1345 1528 1420 securissimus,
1553 1344 1745 1423 6616666666

393 1432 469 1493 alius
497 1432 663 1494 6666666616
691 1437 826 1506 excerpat
847 1426 932 1514 (nam
960 1432 1108 1492 66116666
1137 1427 1345 1510 descriptiones
1375 1431 1560 1511 integrsei),
1595 1434 1654 1492 imo
1676 1434 1744 1508 quis

392 1518 518 1581 fideliter
539 1525 653 1580 1661666
675 1524 705 1578 61
726 1517 852 1578 66166166
873 1516 1026 1593 describet,
1049 1520 1106 1578 nisi
1120 1520 1171 1578 >tui
1193 1519 1324 1582 similis?
1357 1515 1478 1582 Utinam
1499 1527 1552 1580 aut
1571 1518 1625 1579 tibi
1648 1518 1744 1580 hincil

393 1613 445 1668 ant
474 1607 546 1667 mihi
567 1605 720 1682 ilirtingae
741 1602 842 1666 liceret
868 1603 1049 1683 aliquamdiu
1078 1610 1254 1670 conversari.
1305 1605 1364 1671 ssd
1392 1606 1536 1687 tingamus
1571 1607 1629 1685 ipsi
1656 1607 1743 1668 nohis

392 1697 522 1756 somnia:
545 1702 629 1756 erunt
651 1692 769 1755 comitia
792 1693 914 1757 forsitan
936 1692 1037 1771 aliqua
1050 1691 1240 1770 Ratishonas,
1263 1712 1330 1757 cum
1345 1702 1377 1757 ti
1398 1693 1742 1777 166661161611161666-

392 1782 512 1860 bergici,
535 1797 591 1860 ego
614 1784 645 1841 in
667 1781 808 1842 comitatu
824 1779 957 1843 Caesaris
979 1783 1136 1844 convenire
1157 1784 1326 1860 poterimus.
1370 1782 1446 1844 Nem
1466 1783 1653 1845 Austrlacam
1673 1783 1743 1843 inn-

393 1871 519 1931 ctionem
540 1868 769 1930 ecclesiasticam
789 1884 850 1929 non
870 1875 901 1930 16
916 1870 1050 1947 patietur
1070 1872 1218 1948 suscipere
1239 1887 1329 1947 uxor,
1352 1885 1412 1932 non
1435 1870 1558 1933 eruditio
1581 1876 1651 1931 tua:
1678 1870 1742 1948 jam

393 1959 470 2017 enim
492 1957 575 2036 loeus
595 1956 649 2017 tibi
671 1956 701 2015 in
723 1953 875 2018 amdemia
896 1956 1005 2035 patria,
1036 1957 1114 2034 scio,
1137 1956 1294 2036 deputatus
1316 1958 1370 2039 est.

478 2042 587 2122 Scripsi
606 2044 662 2105 tibi
684 2049 714 2105 et
735 2049 806 2104 rota
826 2043 1122 2122 promtitudinemquo
1145 2063 1241 2107 meam
1270 2054 1301 2109 et
1321 2042 1539 2123 impedimenta.
1582 2044 1668 2107 Nunc
1688 2043 1741 2105 alii

392 2128 514 2193 consilio
536 2131 697 2193 secuudum
717 2128 816 2192 locum
838 2131 886 2193 do.
930 2131 1006 2193 Nam
1028 2133 1054 2192 si
1068 2135 1163 2194 mavis
1184 2136 1302 2212 proprio
1324 2135 1441 2195 nomine
1460 2131 1542 2194 solus
1564 2132 1651 2195 edere
1671 2130 1741 2210 glo-

391 2219 475 2280 bum:
498 2236 562 2297 aga,
586 2221 680 2280 666161
702 2216 853 2297 catalogus
874 2218 954 2281 mille
976 2218 1099 2280 fixarum
1113 2219 1264 2299 'Pythonis
1278 2220 1374 2283 Brahe
1396 2237 1463 2282 cnm
1476 2221 1639 2299 imaginum
1660 2219 1742 2281 diar-

326 2384 330 2391 .
390 2305 483 2368 116661
513 2305 608 2369 editus
629 2305 743 2370 Romae
768 2314 810 2375 (ii.
838 2309 913 2383 784),
943 2323 1031 2385 quem
1061 2308 1190 2369 conterre
1218 2311 1328 2386 peteris
1358 2325 1425 2370 cum
1452 2308 1553 2385 queri
1575 2307 1742 2386 Augustani

390 2388 622 2472 Uranographia,
646 2401 735 2471 atque
757 2411 813 2472 ego
835 2394 890 2455 tihi
910 2393 1034 2456 fideliter
1055 2393 1202 2469 indicabo,
1223 2397 1319 2457 sicubi
1340 2395 1390 2457 ille
1411 2414 1431 2455 a
1451 2412 1521 2459 mso
1542 2398 1741 2474 manuscripto

391 2476 514 2541 differat.
559 2479 685 2542 116666
708 2482 873 2563 66666611,
903 2488 936 2540 61
964 2480 1008 2542 ad'
1024 2498 1071 2541 mc
1097 2498 1262 2560 provocans
1284 2483 1425 2545 invidiam
1453 2482 1526 2555 mibi
1556 2499 1637 2547 66666
1658 2481 1740 2561 apud

393 2567 572 2651 Brahesnns.
618 2565 748 2631 Consilia
769 2584 836 2629 mea
857 2567 894 2629 de
917 2573 1115 2649 6666666661
1131 2570 1196 2647 jam
1212 2572 1283 2632 satis
1304 2572 1479 2649 perspexisti
1501 2588 1538 2632 ex
1559 2577 1632 2649 typo
1647 2586 1740 2632 aeneo

392 2654 459 2716 libri
481 2654 516 2717 de
539 2653 632 2716 Stella
653 2672 732 2720 nova
756 2664 799 2725 (11.
824 2660 903 2730 666),
926 2661 957 2717 61
978 2656 1126 2719 conseram
1146 2657 1198 2719 illa
1212 2665 1315 2731 166666Ι
1328 2674 1414 2737 porro
1430 2675 1557 2736 qnoque.
1596 2656 1740 2725 1161611616

392 2749 491 2804 tanim
512 2741 646 2807 sulficere
668 2745 730 2821 1161,
754 2743 935 2806 admonitum
957 2760 1036 2805 esser
1060 2751 1157 2807 cetera
1178 2751 1207 2807 te
1222 2746 1276 2808 abs
1297 2752 1327 2808 te
1342 2748 1407 2825 ipso
1422 2762 1510 2824 pesse
1524 2751 1624 2825 peiore
1643 2762 1739 2824 exque

393 2828 526 2909 diligenti
547 2832 655 2891 intuitu
679 2831 934 2894 constellationum
955 2832 986 2891 in
1007 2833 1074 2911 ipso
1097 2830 1211 2912 coelo„
1283 2901 1286 2910 ¹

480 2915 506 2978 Ο
528 2918 665 2979 miseram
687 2937 807 2981 moram
828 2926 923 2995 16666,
946 2934 965 2979 6
986 2919 1195 3000 6666666ὴῦ666
1216 2919 1261 2980 illi
1281 2917 1441 2981 adventum
1462 2935 1573 2995 meum,
1600 2921 1651 2996 qui
1674 2937 1746 2983 ms-

393 3005 481 3067 ritum
503 3007 560 3082 ipsi
582 3023 668 3066 suum
691 3009 797 3087 eripuit
823 3010 911 3084 inque
932 3006 1100 3069 matheseos
1122 3007 1237 3070 (1666616
1265 3012 1295 3067 61
1322 3008 1405 3069 iuria
1428 3005 1495 3068 loca
1521 3004 1659 3084 abduxit,
1689 3008 1742 3079 uhi

391 3092 442 3154 ille
470 3088 706 3170 trigono‘metriae
738 3096 865 3173 vepretis
895 3092 1087 3157 adhaerescit.
1131 3093 1191 3157 Sed
1212 3093 1311 3170 ,66616,
1349 3096 1394 3156 tui
1428 3101 1507 3156 66116
1535 3111 1584 3163 mo
1614 3095 1740 3171 61166161,

394 3182 445 3257 661
473 3188 589 3258 tempus
618 3180 796 3244 acuendis
818 3180 953 3243 ianuarii
981 3181 1143 3260 hucusque,
1163 3180 1266 3260 procul
1294 3179 1384 3242 dubio
1411 3178 1573 3260 perdidisti.
1618 3181 1741 3244 invenio
1789 3216 1793 3220 ·

394 3273 424 3327 61
445 3267 519 3328 16166
541 3284 608 3328 mea
630 3264 845 3346 epicheremata
875 3269 934 3330 tuis
956 3271 1111 3332 conatibus
1132 3268 1255 3343 similia,
1284 3268 1448 3347 1666166666
1475 3275 1505 3331 61
1524 3269 1742 3341 inconsiderata

393 3355 509 3442 666616.Δ
544 3353 621 3415 Nam
642 3357 669 3416 si
691 3365 800 3418 certum
821 3362 880 3433 661,
910 3363 944 3418 61
965 3364 1011 3417 est
1032 3359 1239 3434 666116616666,
1271 3357 1316 3419 616
1336 3374 1401 3420 esse
1423 3355 1742 3431 1616666161666161-

392 3440 582 3519 angulorum,
612 3443 689 3504 sicut
709 3453 778 3505 sunt
799 3446 873 3505 inter
894 3461 927 3511 66
948 3445 1055 3507 61666
1076 3445 1251 3524 angulorum
1276 3447 1493 3523 oppositorum,
1525 3444 1631 3529 1666166
1651 3447 1742 3529 igitur

392 3530 612 3607 proportionem
641 3532 870 3609 angulorum
897 3533 1027 3610 ipsorum
1056 3536 1236 3611 quaerimus,
1269 3530 1346 3610 quae
1376 3535 1494 3594 omnino
1523 3529 1617 3597 (1111661
1648 3551 1668 3595 6
1696 3535 1741 3595 61-

392 3633 483 3677 nuum
504 3619 706 3696 proportione,
733 3622 806 3681 66611
828 3620 906 3680 enim
928 3622 1061 3681 etfcurri
1083 3616 1181 3705 (sinus
1199 3618 1379 3698 laterisque,
1406 3626 1437 3682 et
1457 3636 1542 3681 66666
1563 3616 1740 3703 angelique)

392 3702 475 3765 nulla
495 3713 541 3766 661
561 3708 710 3784 proportio
733 3705 866 3784 effabilis,
888 3704 970 3768 66116
992 3705 1147 3771 ineffabilis
1169 3726 1206 3771 66
1227 3706 1302 3785 libro
1324 3706 1436 3769 decimo
1458 3705 1596 3782 Euclidis,
1619 3709 1672 3770 sed
1692 3711 1741 3769 in·

395 3789 479 3855 116116
501 3791 586 3853 datur
607 3796 851 3875 appropinquatio
874 3796 989 3856 sinuum
1010 3813 1079 3873 erga
1101 3814 1170 3858 suos
1191 3813 1277 3858 66666
1292 3796 1496 3874 proportionis,
1519 3798 1740 3873 aproportione

394 3881 523 3941 maxima
544 3883 625 3942 sinus
647 3886 718 3944 recti
739 3883 779 3944 ad
800 3882 1006 3960 quadrantem,
1030 3881 1070 3942 ad
1087 3886 1248 3961 minimam,
1271 3883 1302 3944 id
1324 3890 1370 3945 est
1390 3881 1594 3961 aequalitatis,
1616 3899 1741 3962 propar-

394 3969 504 4029 tioncm
531 3968 613 4029 sinus
641 3971 767 4047 minimi,
795 3969 853 4031 hoe
879 3977 924 4031 est
944 3970 1045 4047 puncti
1072 3968 1112 4031 ad
1138 3987 1237 4032 arcum
1265 3972 1435 4047 minimum,
1465 3969 1566 4031 itidem
1586 3978 1738 4048 puuctum.

394 4053 508 4132 Quodsi
528 4071 584 4117 666
612 4073 672 4117 666
693 4057 784 4136 pudet
812 4072 930 4119 mensae
950 4055 1181 4137 Pythagoricae,
1203 4074 1305 4140 Ι66666
1327 4061 1447 4119 6666616
1474 4059 1590 4119 6166666
1611 4057 1739 4137 66116616
1804 4074 1810 4083 ·

393 4145 548 4220 angustiae
569 4144 669 4221 potius
689 4161 744 4205 666
765 4144 876 4223 pudeat
896 4147 1054 4208 memoriae
1075 4152 1208 4221 6661666,
1237 4148 1288 4224 661
1309 4145 1484 4207 infinitatem
1512 4145 1739 4224 illampropor-

392 4231 506 4292 tionum
528 4230 709 4292 6166611666
731 4237 872 4312 capimus.
909 4232 1045 4296 Contenti
1066 4236 1167 4311 simus,
1189 4230 1252 4293 dari
1265 4233 1358 4295 lineas
1381 4236 1544 4310 6616666166
1564 4234 1645 4294 arcui
1667 4250 1739 4311 pro·

391 4313 486 4379 ximas⁴
507 4320 602 4397 magis
623 4322 777 4398 magisque
798 4322 828 4381 in
850 4319 995 4383 infinitam
1016 4326 1136 4400 usque,
1154 4322 1181 4383 si
1203 4322 1269 4401 quis
1291 4320 1381 4382 vellet
1401 4319 1532 4382 laborem
1553 4338 1667 4395 6666666
1689 4328 1738 4383 16·

390 4405 504 4481 1166666
526 4412 625 4467 actum
646 4424 744 4485 agere.
786 4408 863 4470 Nam
884 4424 1005 4477 arcuum
1026 4411 1165 4487 ipsorum,
1189 4410 1241 4488 qui
1261 4410 1388 4470 numeris
1409 4409 1616 4487 exprimuntur,
1641 4406 1737 4471 linoae

389 4489 561 4569 pleraeque,
583 4511 621 4556 ne
645 4493 772 4573 16116616,
795 4513 853 4558 666
875 4503 989 4559 mutum
1010 4497 1182 4574 ineffabiles,
1205 4493 1258 4559 sed
1279 4488 1369 4573 plane
1389 4496 1538 4559 inscihiles
1559 4503 1636 4557 6661.
1680 4492 1737 4557 Ul·

390 4581 462 4640 tima
484 4586 514 4642 et
535 4581 657 4644 minima
676 4583 890 4661 subtensarum,
915 4583 1024 4647 6116616
1046 4585 1127 4646 varis
1149 4589 1240 4661 secto,
1263 4582 1447 4661 inaequalia
1467 4590 1574 4659 166666,
1597 4583 1736 4645 661661-

389 4668 588 4729 166661611666
609 4669 759 4748 gradibus
801 4669 897 4735 Unius
918 4670 1027 4751 gradus
1048 4671 1219 4734 subtensam
1247 4677 1435 4734 6666666661
1462 4671 1598 4750 16666661.
1641 4670 1738 4737 haur

247 4735 252 4743 ⁸
388 4752 507 4831 quidem
535 4756 677 4839 subtensa
702 4753 736 4819 1⁰
759 4756 810 4821 30¹
834 4767 865 4822 et
886 4754 922 4822 0⁰
943 4756 996 4821 to‘
1023 4766 1055 4821 61
1077 4752 1113 4820 0⁰
1136 4756 1188 4819 22¹
1212 4753 1382 4820 30“610ο
1408 4753 1457 4820 ll‘
1483 4754 1543 4839 ihf‘
1574 4764 1604 4820 et
1634 4760 1678 4821 sic
1704 4759 1736 4818 in

386 4840 545 4919 infinitum,
575 4843 628 4907 sed
649 4846 818 4908 1166616616
841 4846 1005 4927 aequabilis
1027 4846 1196 4923 uniformis,
1226 4853 1258 4908 at
1280 4847 1408 4907 trisectio
1441 4845 1601 4909 6616611166
1622 4845 1738 4909 intinits

384 4940 446 4995 non
466 4929 561 5013 datur,
589 4949 645 4998 nec
666 4934 850 5013 quinissctio.
895 4934 1033 5015 Corsicae
1054 4932 1175 5014 quidem
1202 4935 1399 5013 nimetiones,
1429 4934 1657 5013 quinuectiones
1679 4941 1735 5000 etc.
