<?xml version="1.0" encoding="UTF-8"?>
<!DOCTYPE html PUBLIC "-//W3C//DTD XHTML 1.0 Transitional//EN"
    "http://www.w3.org/TR/xhtml1/DTD/xhtml1-transitional.dtd">
<html xmlns="http://www.w3.org/1999/xhtml" xml:lang="en" lang="en">
 <head>
  <title>
</title>
<meta http-equiv="Content-Type" content="text/html;charset=utf-8" />
  <meta name='ocr-system' content='tesseract 3.04.00' />
  <meta name='ocr-capabilities' content='ocr_page ocr_carea ocr_par ocr_line ocrx_word'/>
</head>
<body>
  <div class='ocr_page' id='page_1' title='image "./joanniskepleria29frisgoog_0429.png"; bbox 0 0 3882 5862; ppageno 0'>
   <div class='ocr_carea' id='block_1_1' title="bbox 413 382 1260 459">
    <p class='ocr_par' dir='ltr' id='par_1_1' title="bbox 413 382 1260 459">
     <span class='ocr_line' id='line_1_1' title="bbox 413 382 1260 459; baseline -0.017 0"><span class='ocrx_word' id='word_1_1' title='bbox 413 382 477 459; x_wconf 77' lang='lat' dir='ltr'><strong>loa</strong></span> <span class='ocrx_word' id='word_1_2' title='bbox 936 394 1085 450; x_wconf 72' lang='lat' dir='ltr'><strong>Ptolemaei</strong></span> <span class='ocrx_word' id='word_1_3' title='bbox 1104 394 1260 450; x_wconf 79' lang='lat' dir='ltr'><strong>Harmonia.</strong></span> 
     </span>
    </p>
   </div>
   <div class='ocr_carea' id='block_1_2' title="bbox 412 562 1769 795">
    <p class='ocr_par' dir='ltr' id='par_1_2' title="bbox 412 562 1769 795">
     <span class='ocr_line' id='line_1_2' title="bbox 414 562 1768 637; baseline -0.004 -14"><span class='ocrx_word' id='word_1_4' title='bbox 414 567 610 637; x_wconf 78' lang='lat' dir='ltr'><strong>consequentia</strong></span> <span class='ocrx_word' id='word_1_5' title='bbox 627 574 779 623; x_wconf 82' lang='lat' dir='ltr'><strong>moveatur:</strong></span> <span class='ocrx_word' id='word_1_6' title='bbox 800 583 884 623; x_wconf 89' lang='lat' dir='ltr'><strong>cansa</strong></span> <span class='ocrx_word' id='word_1_7' title='bbox 900 574 992 623; x_wconf 88' lang='lat' dir='ltr'><strong>tamen</strong></span> <span class='ocrx_word' id='word_1_8' title='bbox 1009 566 1094 637; x_wconf 86' lang='lat' dir='ltr'><strong>hujus</strong></span> <span class='ocrx_word' id='word_1_9' title='bbox 1112 566 1291 636; x_wconf 78' lang='lat' dir='ltr'><strong>separationis</strong></span> <span class='ocrx_word' id='word_1_10' title='bbox 1309 583 1364 622; x_wconf 89' lang='lat' dir='ltr'><strong>nou</strong></span> <span class='ocrx_word' id='word_1_11' title='bbox 1382 573 1425 622; x_wconf 91' lang='lat' dir='ltr'><strong>est</strong></span> <span class='ocrx_word' id='word_1_12' title='bbox 1441 567 1470 622; x_wconf 91' lang='lat' dir='ltr'><strong>in</strong></span> <span class='ocrx_word' id='word_1_13' title='bbox 1489 562 1619 636; x_wconf 77' lang='lat' dir='ltr'><strong>epieyelo,</strong></span> <span class='ocrx_word' id='word_1_14' title='bbox 1639 565 1687 619; x_wconf 87' lang='lat' dir='ltr'><strong>sed</strong></span> <span class='ocrx_word' id='word_1_15' title='bbox 1705 580 1768 633; x_wconf 88' lang='lat' dir='ltr'><strong>par·</strong></span> 
     </span>
     <span class='ocr_line' id='line_1_3' title="bbox 412 643 1768 716; baseline -0.004 -15"><span class='ocrx_word' id='word_1_16' title='bbox 412 648 462 702; x_wconf 89' lang='lat' dir='ltr'><strong>tim</strong></span> <span class='ocrx_word' id='word_1_17' title='bbox 480 649 508 701; x_wconf 93' lang='lat' dir='ltr'><strong>in</strong></span> <span class='ocrx_word' id='word_1_18' title='bbox 526 664 574 715; x_wconf 93' lang='lat' dir='ltr'><strong>ao,</strong></span> <span class='ocrx_word' id='word_1_19' title='bbox 602 647 674 716; x_wconf 90' lang='lat' dir='ltr'><strong>quod</strong></span> <span class='ocrx_word' id='word_1_20' title='bbox 693 647 801 701; x_wconf 81' lang='lat' dir='ltr'><strong>ridetur</strong></span> <span class='ocrx_word' id='word_1_21' title='bbox 818 648 992 703; x_wconf 84' lang='lat' dir='ltr'><strong>Ptolemaeus</strong></span> <span class='ocrx_word' id='word_1_22' title='bbox 1015 647 1043 702; x_wconf 93' lang='lat' dir='ltr'><strong>in</strong></span> <span class='ocrx_word' id='word_1_23' title='bbox 1068 661 1166 715; x_wconf 84' lang='lat' dir='ltr'><strong>magna</strong></span> <span class='ocrx_word' id='word_1_24' title='bbox 1189 646 1267 715; x_wconf 92' lang='lat' dir='ltr'><strong>copia</strong></span> <span class='ocrx_word' id='word_1_25' title='bbox 1286 648 1484 701; x_wconf 89' lang='lat' dir='ltr'><strong>occurrentium</strong></span> <span class='ocrx_word' id='word_1_26' title='bbox 1502 646 1703 700; x_wconf 84' lang='lat' dir='ltr'><strong>harmonit&#39;uum</strong></span> <span class='ocrx_word' id='word_1_27' title='bbox 1723 643 1768 697; x_wconf 90' lang='lat' dir='ltr'><strong>de-</strong></span> 
     </span>
     <span class='ocr_line' id='line_1_4' title="bbox 412 722 1769 795; baseline -0.005 -13"><span class='ocrx_word' id='word_1_28' title='bbox 412 728 513 782; x_wconf 88' lang='lat' dir='ltr'><strong>lectum</strong></span> <span class='ocrx_word' id='word_1_29' title='bbox 532 725 622 780; x_wconf 87' lang='lat' dir='ltr'><strong>studio</strong></span> <span class='ocrx_word' id='word_1_30' title='bbox 642 726 796 795; x_wconf 88' lang='lat' dir='ltr'><strong>quaesisse,</strong></span> <span class='ocrx_word' id='word_1_31' title='bbox 824 734 853 781; x_wconf 91' lang='lat' dir='ltr'><strong>ut</strong></span> <span class='ocrx_word' id='word_1_32' title='bbox 872 726 960 780; x_wconf 90' lang='lat' dir='ltr'><strong>fusam</strong></span> <span class='ocrx_word' id='word_1_33' title='bbox 985 725 1125 778; x_wconf 85' lang='lat' dir='ltr'><strong>materiam</strong></span> <span class='ocrx_word' id='word_1_34' title='bbox 1149 724 1232 793; x_wconf 80' lang='lat' dir='ltr'><strong>cortis</strong></span> <span class='ocrx_word' id='word_1_35' title='bbox 1251 724 1329 779; x_wconf 88' lang='lat' dir='ltr'><strong>metis</strong></span> <span class='ocrx_word' id='word_1_36' title='bbox 1353 724 1519 795; x_wconf 86' lang='lat' dir='ltr'><strong>hreluderet,</strong></span> <span class='ocrx_word' id='word_1_37' title='bbox 1543 723 1641 791; x_wconf 88' lang='lat' dir='ltr'><strong>partim</strong></span> <span class='ocrx_word' id='word_1_38' title='bbox 1660 740 1723 776; x_wconf 81' lang='lat' dir='ltr'><strong>vero</strong></span> <span class='ocrx_word' id='word_1_39' title='bbox 1742 722 1769 774; x_wconf 92' lang='lat' dir='ltr'><strong>in</strong></span> 
     </span>
    </p>
   </div>
   <div class='ocr_carea' id='block_1_3' title="bbox 412 802 1770 955">
    <p class='ocr_par' dir='ltr' id='par_1_3' title="bbox 412 802 1770 955">
     <span class='ocr_line' id='line_1_5' title="bbox 413 802 1770 875; baseline -0.004 -14"><span class='ocrx_word' id='word_1_40' title='bbox 413 823 455 865; x_wconf 80' lang='lat' dir='ltr'><strong>eo,</strong></span> <span class='ocrx_word' id='word_1_41' title='bbox 475 805 548 874; x_wconf 89' lang='lat' dir='ltr'><strong>quod</strong></span> <span class='ocrx_word' id='word_1_42' title='bbox 567 806 619 860; x_wconf 86' lang='lat' dir='ltr'><strong>hae</strong></span> <span class='ocrx_word' id='word_1_43' title='bbox 638 814 780 874; x_wconf 85' lang='lat' dir='ltr'><strong>separatae</strong></span> <span class='ocrx_word' id='word_1_44' title='bbox 798 804 970 875; x_wconf 82' lang='lat' dir='ltr'><strong>planetarum</strong></span> <span class='ocrx_word' id='word_1_45' title='bbox 989 804 1109 872; x_wconf 85' lang='lat' dir='ltr'><strong>quinque</strong></span> <span class='ocrx_word' id='word_1_46' title='bbox 1127 803 1317 873; x_wconf 85' lang='lat' dir='ltr'><strong>proportiones</strong></span> <span class='ocrx_word' id='word_1_47' title='bbox 1330 820 1390 858; x_wconf 89' lang='lat' dir='ltr'><strong>cum</strong></span> <span class='ocrx_word' id='word_1_48' title='bbox 1409 803 1587 859; x_wconf 90' lang='lat' dir='ltr'><strong>luminaribus</strong></span> <span class='ocrx_word' id='word_1_49' title='bbox 1605 802 1770 871; x_wconf 82' lang='lat' dir='ltr'><strong>insequenti</strong></span> 
     </span>
     <span class='ocr_line' id='line_1_6' title="bbox 412 885 914 955; baseline -0.01 -12"><span class='ocrx_word' id='word_1_50' title='bbox 412 885 502 955; x_wconf 68' lang='lat' dir='ltr'><strong>cellite</strong></span> <span class='ocrx_word' id='word_1_51' title='bbox 521 900 599 940; x_wconf 88' lang='lat' dir='ltr'><strong>suum</strong></span> <span class='ocrx_word' id='word_1_52' title='bbox 618 900 696 939; x_wconf 89' lang='lat' dir='ltr'><strong>usum</strong></span> <span class='ocrx_word' id='word_1_53' title='bbox 715 885 914 940; x_wconf 89' lang='lat' dir='ltr'><strong>nanciscentur.</strong></span> 
     </span>
    </p>
   </div>
   <div class='ocr_carea' id='block_1_4' title="bbox 411 984 1772 1609">
    <p class='ocr_par' dir='ltr' id='par_1_4' title="bbox 411 984 1772 1609">
     <span class='ocr_line' id='line_1_7' title="bbox 499 984 1770 1075; baseline -0.004 -32"><span class='ocrx_word' id='word_1_54' title='bbox 499 990 573 1043; x_wconf 88' lang='lat' dir='ltr'><strong>Nota</strong></span> <span class='ocrx_word' id='word_1_55' title='bbox 591 988 648 1042; x_wconf 83' lang='lat' dir='ltr'><strong>XV</strong></span> <span class='ocrx_word' id='word_1_56' title='bbox 685 988 756 1057; x_wconf 76' lang='lat' dir='ltr'><strong>Quid</strong></span> <span class='ocrx_word' id='word_1_57' title='bbox 776 991 948 1046; x_wconf 84' lang='lat' dir='ltr'><strong>sentiendum</strong></span> <span class='ocrx_word' id='word_1_58' title='bbox 971 990 1005 1045; x_wconf 89' lang='lat' dir='ltr'><strong>de</strong></span> <span class='ocrx_word' id='word_1_59' title='bbox 1024 984 1226 1060; x_wconf 84' lang='lat' dir='ltr'><strong>comparatione</strong></span> <span class='ocrx_word' id='word_1_60' title='bbox 1249 985 1440 1041; x_wconf 88' lang='lat' dir='ltr'><strong>occultationis</strong></span> <span class='ocrx_word' id='word_1_61' title='bbox 1459 992 1487 1039; x_wconf 87' lang='lat' dir='ltr'><strong>et</strong></span> <span class='ocrx_word' id='word_1_62' title='bbox 1505 984 1684 1075; x_wconf 86' lang='lat' dir='ltr'><strong>apparitionis</strong></span> <span class='ocrx_word' id='word_1_63' title='bbox 1702 984 1770 1051; x_wconf 85' lang='lat' dir='ltr'><strong>figu-</strong></span> 
     </span>
     <span class='ocr_line' id='line_1_8' title="bbox 414 1058 1770 1155; baseline -0.004 -33"><span class='ocrx_word' id='word_1_64' title='bbox 414 1082 572 1133; x_wconf 88' lang='lat' dir='ltr'><strong>rarumque,</strong></span> <span class='ocrx_word' id='word_1_65' title='bbox 592 1081 660 1155; x_wconf 80' lang='lat' dir='ltr'><strong>quas</strong></span> <span class='ocrx_word' id='word_1_66' title='bbox 677 1065 805 1136; x_wconf 85' lang='lat' dir='ltr'><strong>planetae</strong></span> <span class='ocrx_word' id='word_1_67' title='bbox 823 1068 955 1135; x_wconf 89' lang='lat' dir='ltr'><strong>induunt,</strong></span> <span class='ocrx_word' id='word_1_68' title='bbox 981 1083 1043 1122; x_wconf 92' lang='lat' dir='ltr'><strong>cum</strong></span> <span class='ocrx_word' id='word_1_69' title='bbox 1061 1068 1242 1123; x_wconf 83' lang='lat' dir='ltr'><strong>tetrachordis</strong></span> <span class='ocrx_word' id='word_1_70' title='bbox 1261 1065 1379 1121; x_wconf 88' lang='lat' dir='ltr'><strong>ettonis</strong></span> <span class='ocrx_word' id='word_1_71' title='bbox 1398 1063 1581 1132; x_wconf 63' lang='lat' dir='ltr'><strong>dispunctus,</strong></span> <span class='ocrx_word' id='word_1_72' title='bbox 1606 1058 1709 1117; x_wconf 81' lang='lat' dir='ltr'><strong>dietum</strong></span> <span class='ocrx_word' id='word_1_73' title='bbox 1729 1070 1770 1118; x_wconf 88' lang='lat' dir='ltr'><strong>est</strong></span> 
     </span>
     <span class='ocr_line' id='line_1_9' title="bbox 411 1143 1772 1215; baseline -0.004 -13"><span class='ocrx_word' id='word_1_74' title='bbox 411 1148 447 1202; x_wconf 83' lang='lat' dir='ltr'><strong>ad</strong></span> <span class='ocrx_word' id='word_1_75' title='bbox 465 1150 547 1214; x_wconf 89' lang='lat' dir='ltr'><strong>caput</strong></span> <span class='ocrx_word' id='word_1_76' title='bbox 565 1144 638 1200; x_wconf 57' lang='lat'><strong>13!</strong></span> <span class='ocrx_word' id='word_1_77' title='bbox 630 1160 658 1197; x_wconf 92' lang='lat' dir='ltr'><strong>m</strong></span> <span class='ocrx_word' id='word_1_78' title='bbox 677 1144 758 1198; x_wconf 89' lang='lat' dir='ltr'><strong>notis</strong></span> <span class='ocrx_word' id='word_1_79' title='bbox 796 1145 900 1213; x_wconf 75' lang='lat' dir='ltr'><strong>Quibus</strong></span> <span class='ocrx_word' id='word_1_80' title='bbox 918 1146 988 1199; x_wconf 91' lang='lat' dir='ltr'><strong>hie&#39;</strong></span> <span class='ocrx_word' id='word_1_81' title='bbox 976 1162 1034 1213; x_wconf 73' lang='lat' dir='ltr'><strong>pam</strong></span> <span class='ocrx_word' id='word_1_82' title='bbox 1053 1145 1137 1213; x_wconf 90' lang='lat' dir='ltr'><strong>adde,</strong></span> <span class='ocrx_word' id='word_1_83' title='bbox 1161 1146 1234 1215; x_wconf 91' lang='lat' dir='ltr'><strong>quod</strong></span> <span class='ocrx_word' id='word_1_84' title='bbox 1258 1159 1312 1199; x_wconf 88' lang='lat' dir='ltr'><strong>nou</strong></span> <span class='ocrx_word' id='word_1_85' title='bbox 1336 1143 1416 1212; x_wconf 89' lang='lat' dir='ltr'><strong>plane</strong></span> <span class='ocrx_word' id='word_1_86' title='bbox 1440 1143 1500 1213; x_wconf 90' lang='lat' dir='ltr'><strong>pari</strong></span> <span class='ocrx_word' id='word_1_87' title='bbox 1529 1159 1612 1212; x_wconf 91' lang='lat' dir='ltr'><strong>passu</strong></span> <span class='ocrx_word' id='word_1_88' title='bbox 1631 1143 1772 1198; x_wconf 86' lang='lat' dir='ltr'><strong>ambulent</strong></span> 
     </span>
     <span class='ocr_line' id='line_1_10' title="bbox 412 1222 1770 1294; baseline -0.002 -13"><span class='ocrx_word' id='word_1_89' title='bbox 412 1226 543 1282; x_wconf 86' lang='lat' dir='ltr'><strong>stationes</strong></span> <span class='ocrx_word' id='word_1_90' title='bbox 562 1223 866 1293; x_wconf 83' lang='lat' dir='ltr'><strong>retrogradationesque</strong></span> <span class='ocrx_word' id='word_1_91' title='bbox 884 1232 912 1280; x_wconf 90' lang='lat' dir='ltr'><strong>et</strong></span> <span class='ocrx_word' id='word_1_92' title='bbox 930 1223 1122 1293; x_wconf 77' lang='lat' dir='ltr'><strong>apparitiones.</strong></span> <span class='ocrx_word' id='word_1_93' title='bbox 1143 1224 1213 1279; x_wconf 84' lang='lat' dir='ltr'><strong>Nam</strong></span> <span class='ocrx_word' id='word_1_94' title='bbox 1232 1240 1291 1294; x_wconf 90' lang='lat' dir='ltr'><strong>cap.</strong></span> <span class='ocrx_word' id='word_1_95' title='bbox 1311 1226 1350 1278; x_wconf 76' lang='lat'><strong>13.</strong></span> <span class='ocrx_word' id='word_1_96' title='bbox 1372 1224 1453 1278; x_wconf 86' lang='lat' dir='ltr'><strong>etiam</strong></span> <span class='ocrx_word' id='word_1_97' title='bbox 1471 1223 1567 1277; x_wconf 89' lang='lat' dir='ltr'><strong>Lunae</strong></span> <span class='ocrx_word' id='word_1_98' title='bbox 1585 1222 1770 1291; x_wconf 84' lang='lat' dir='ltr'><strong>apparitiones</strong></span> 
     </span>
     <span class='ocr_line' id='line_1_11' title="bbox 412 1300 1770 1373; baseline -0.003 -14"><span class='ocrx_word' id='word_1_99' title='bbox 412 1300 639 1372; x_wconf 89' lang='lat' dir='ltr'><strong>comparabantur</strong></span> <span class='ocrx_word' id='word_1_100' title='bbox 647 1322 659 1368; x_wconf 83' lang='lat'><strong>3.</strong></span> <span class='ocrx_word' id='word_1_101' title='bbox 672 1301 718 1355; x_wconf 91' lang='lat' dir='ltr'><strong>hic</strong></span> <span class='ocrx_word' id='word_1_102' title='bbox 735 1301 835 1356; x_wconf 89' lang='lat' dir='ltr'><strong>misera</strong></span> <span class='ocrx_word' id='word_1_103' title='bbox 853 1303 912 1357; x_wconf 89' lang='lat' dir='ltr'><strong>sola</strong></span> <span class='ocrx_word' id='word_1_104' title='bbox 930 1303 1036 1373; x_wconf 84' lang='lat' dir='ltr'><strong>exulat,</strong></span> <span class='ocrx_word' id='word_1_105' title='bbox 1060 1320 1120 1358; x_wconf 90' lang='lat' dir='ltr'><strong>cum</strong></span> <span class='ocrx_word' id='word_1_106' title='bbox 1139 1320 1279 1372; x_wconf 89' lang='lat' dir='ltr'><strong>uunquam</strong></span> <span class='ocrx_word' id='word_1_107' title='bbox 1297 1304 1346 1358; x_wconf 90' lang='lat' dir='ltr'><strong>fiat</strong></span> <span class='ocrx_word' id='word_1_108' title='bbox 1364 1301 1524 1356; x_wconf 87' lang='lat' dir='ltr'><strong>stationaria</strong></span> <span class='ocrx_word' id='word_1_109' title='bbox 1542 1300 1584 1355; x_wconf 78' lang='lat' dir='ltr'><strong>uel</strong></span> <span class='ocrx_word' id='word_1_110' title='bbox 1602 1301 1770 1368; x_wconf 85' lang='lat' dir='ltr'><strong>retrograda.</strong></span> 
     </span>
     <span class='ocr_line' id='line_1_12' title="bbox 411 1378 1770 1451; baseline -0.004 -13"><span class='ocrx_word' id='word_1_111' title='bbox 411 1384 464 1438; x_wconf 88' lang='lat' dir='ltr'><strong>Est</strong></span> <span class='ocrx_word' id='word_1_112' title='bbox 481 1382 565 1450; x_wconf 86' lang='lat' dir='ltr'><strong>igitur</strong></span> <span class='ocrx_word' id='word_1_113' title='bbox 582 1379 627 1434; x_wconf 90' lang='lat' dir='ltr'><strong>hio</strong></span> <span class='ocrx_word' id='word_1_114' title='bbox 644 1381 730 1434; x_wconf 90' lang='lat' dir='ltr'><strong>multo</strong></span> <span class='ocrx_word' id='word_1_115' title='bbox 748 1380 833 1447; x_wconf 89' lang='lat' dir='ltr'><strong>magis</strong></span> <span class='ocrx_word' id='word_1_116' title='bbox 846 1397 943 1436; x_wconf 88' lang='lat' dir='ltr'><strong>manca</strong></span> <span class='ocrx_word' id='word_1_117' title='bbox 955 1378 1130 1451; x_wconf 78' lang='lat' dir='ltr'><strong>comparatio,</strong></span> <span class='ocrx_word' id='word_1_118' title='bbox 1150 1398 1231 1449; x_wconf 87' lang='lat' dir='ltr'><strong>quam</strong></span> <span class='ocrx_word' id='word_1_119' title='bbox 1243 1382 1289 1437; x_wconf 86' lang='lat' dir='ltr'><strong>ihi.</strong></span> <span class='ocrx_word' id='word_1_120' title='bbox 1325 1379 1402 1434; x_wconf 87' lang='lat' dir='ltr'><strong>Alias</strong></span> <span class='ocrx_word' id='word_1_121' title='bbox 1413 1395 1468 1433; x_wconf 91' lang='lat' dir='ltr'><strong>non</strong></span> <span class='ocrx_word' id='word_1_122' title='bbox 1487 1379 1558 1433; x_wconf 90' lang='lat' dir='ltr'><strong>mala</strong></span> <span class='ocrx_word' id='word_1_123' title='bbox 1575 1387 1618 1433; x_wconf 86' lang='lat' dir='ltr'><strong>ast</strong></span> <span class='ocrx_word' id='word_1_124' title='bbox 1636 1379 1770 1433; x_wconf 82' lang='lat' dir='ltr'><strong>connexio</strong></span> 
     </span>
     <span class='ocr_line' id='line_1_13' title="bbox 413 1458 1771 1527; baseline -0.006 -9"><span class='ocrx_word' id='word_1_125' title='bbox 413 1462 569 1518; x_wconf 81' lang='lat' dir='ltr'><strong>stationum·</strong></span> <span class='ocrx_word' id='word_1_126' title='bbox 581 1476 642 1513; x_wconf 89' lang='lat' dir='ltr'><strong>cnm</strong></span> <span class='ocrx_word' id='word_1_127' title='bbox 659 1460 747 1527; x_wconf 86' lang='lat' dir='ltr'><strong>figura</strong></span> <span class='ocrx_word' id='word_1_128' title='bbox 765 1459 877 1515; x_wconf 89' lang='lat' dir='ltr'><strong>bisecta.</strong></span> <span class='ocrx_word' id='word_1_129' title='bbox 912 1461 980 1516; x_wconf 88' lang='lat' dir='ltr'><strong>Nam</strong></span> <span class='ocrx_word' id='word_1_130' title='bbox 1000 1461 1093 1514; x_wconf 90' lang='lat' dir='ltr'><strong>Venus</strong></span> <span class='ocrx_word' id='word_1_131' title='bbox 1113 1462 1233 1516; x_wconf 85' lang='lat' dir='ltr'><strong>certain</strong></span> <span class='ocrx_word' id='word_1_132' title='bbox 1251 1459 1415 1518; x_wconf 86' lang='lat' dir='ltr'><strong>stationibus</strong></span> <span class='ocrx_word' id='word_1_133' title='bbox 1432 1458 1572 1515; x_wconf 88' lang='lat' dir='ltr'><strong>dimidiata</strong></span> <span class='ocrx_word' id='word_1_134' title='bbox 1589 1466 1705 1527; x_wconf 86' lang='lat' dir='ltr'><strong>apparet</strong></span> <span class='ocrx_word' id='word_1_135' title='bbox 1721 1473 1771 1527; x_wconf 90' lang='lat' dir='ltr'><strong>per</strong></span> 
     </span>
     <span class='ocr_line' id='line_1_14' title="bbox 416 1538 1119 1609; baseline -0.003 -13"><span class='ocrx_word' id='word_1_136' title='bbox 416 1540 604 1609; x_wconf 87' lang='lat' dir='ltr'><strong>teleseopium,</strong></span> <span class='ocrx_word' id='word_1_137' title='bbox 622 1540 782 1607; x_wconf 87' lang='lat' dir='ltr'><strong>retrograda</strong></span> <span class='ocrx_word' id='word_1_138' title='bbox 800 1554 864 1593; x_wconf 84' lang='lat' dir='ltr'><strong>vero</strong></span> <span class='ocrx_word' id='word_1_139' title='bbox 883 1546 926 1595; x_wconf 88' lang='lat' dir='ltr'><strong>est</strong></span> <span class='ocrx_word' id='word_1_140' title='bbox 943 1538 1119 1594; x_wconf 87' lang='lat' dir='ltr'><strong>corniculata.</strong></span> 
     </span>
    </p>
   </div>
   <div class='ocr_carea' id='block_1_5' title="bbox 969 1764 1297 1869">
    <p class='ocr_par' dir='ltr' id='par_1_5' title="bbox 969 1764 1297 1869">
     <span class='ocr_line' id='line_1_15' title="bbox 969 1764 1297 1869; baseline -0.012 0"><span class='ocrx_word' id='word_1_141' title='bbox 969 1797 1113 1869; x_wconf 82' lang='grc' dir='ltr'>ιιιιι</span> <span class='ocrx_word' id='word_1_142' title='bbox 1140 1795 1224 1869; x_wconf 84' lang='grc' dir='ltr'>ιιι.</span> <span class='ocrx_word' id='word_1_143' title='bbox 1291 1764 1297 1788; x_wconf 88' lang='grc'><strong>“</strong></span> 
     </span>
    </p>
   </div>
   <div class='ocr_carea' id='block_1_6' title="bbox 501 1958 1682 2125">
    <p class='ocr_par' dir='ltr' id='par_1_6' title="bbox 501 1958 1682 2125">
     <span class='ocr_line' id='line_1_16' title="bbox 501 1958 1682 2029; baseline -0.004 -14"><span class='ocrx_word' id='word_1_144' title='bbox 501 1960 573 2029; x_wconf 76' lang='lat' dir='ltr'><strong>Qua</strong></span> <span class='ocrx_word' id='word_1_145' title='bbox 589 1958 728 2015; x_wconf 89' lang='lat' dir='ltr'><strong>ratione</strong></span> <span class='ocrx_word' id='word_1_146' title='bbox 747 1958 1006 2015; x_wconf 82' lang='lat' dir='ltr'><strong>familiaritates</strong></span> <span class='ocrx_word' id='word_1_147' title='bbox 1025 1962 1215 2016; x_wconf 83' lang='lat' dir='ltr'><strong>errantium</strong></span> <span class='ocrx_word' id='word_1_148' title='bbox 1233 1962 1425 2029; x_wconf 82' lang='lat' dir='ltr'><strong>comparari</strong></span> <span class='ocrx_word' id='word_1_149' title='bbox 1455 1959 1593 2029; x_wconf 87' lang='lat' dir='ltr'><strong>possint</strong></span> <span class='ocrx_word' id='word_1_150' title='bbox 1609 1973 1682 2012; x_wconf 89' lang='lat' dir='ltr'><strong>cum</strong></span> 
     </span>
     <span class='ocr_line' id='line_1_17' title="bbox 822 2053 1357 2125; baseline 0.004 -18"><span class='ocrx_word' id='word_1_151' title='bbox 822 2053 1130 2111; x_wconf 78' lang='lat' dir='ltr'><strong>familiaritatibus</strong></span> <span class='ocrx_word' id='word_1_152' title='bbox 1153 2072 1311 2111; x_wconf 89' lang='lat' dir='ltr'><strong>sonorum</strong></span> <span class='ocrx_word' id='word_1_153' title='bbox 1328 2057 1357 2125; x_wconf 75' lang='grc' dir='ltr'><strong>ι),</strong></span> 
     </span>
    </p>
   </div>
   <div class='ocr_carea' id='block_1_7' title="bbox 385 2196 1831 4305">
    <p class='ocr_par' dir='ltr' id='par_1_7' title="bbox 385 2196 1831 4220">
     <span class='ocr_line' id='line_1_18' title="bbox 498 2196 1831 2294; baseline -0.001 -19"><span class='ocrx_word' id='word_1_154' title='bbox 498 2216 604 2278; x_wconf 88' lang='lat' dir='ltr'><strong>Restat</strong></span> <span class='ocrx_word' id='word_1_155' title='bbox 626 2215 730 2275; x_wconf 89' lang='lat' dir='ltr'><strong>ultima</strong></span> <span class='ocrx_word' id='word_1_156' title='bbox 753 2223 781 2275; x_wconf 92' lang='grc' dir='ltr'><strong>ιι</strong></span> <span class='ocrx_word' id='word_1_157' title='bbox 804 2218 1003 2294; x_wconf 84' lang='lat' dir='ltr'><strong>maximopere</strong></span> <span class='ocrx_word' id='word_1_158' title='bbox 1034 2225 1156 2278; x_wconf 87' lang='lat' dir='ltr'><strong>naturae</strong></span> <span class='ocrx_word' id='word_1_159' title='bbox 1186 2196 1383 2278; x_wconf 76' lang='lat' dir='ltr'><strong>consentanea</strong></span> <span class='ocrx_word' id='word_1_160' title='bbox 1414 2217 1586 2279; x_wconf 88' lang='lat' dir='ltr'><strong>coelestium</strong></span> <span class='ocrx_word' id='word_1_161' title='bbox 1609 2234 1675 2276; x_wconf 89' lang='lat' dir='ltr'><strong>cum</strong></span> <span class='ocrx_word' id='word_1_162' title='bbox 1698 2216 1771 2275; x_wconf 91' lang='lat' dir='ltr'><strong>har·</strong></span> <span class='ocrx_word' id='word_1_163' title='bbox 1823 2231 1831 2243; x_wconf 74' lang='grc'><em>“</em></span> 
     </span>
     <span class='ocr_line' id='line_1_19' title="bbox 414 2304 1770 2383; baseline 0.001 -21"><span class='ocrx_word' id='word_1_164' title='bbox 414 2306 535 2364; x_wconf 86' lang='lat' dir='ltr'><strong>manicis</strong></span> <span class='ocrx_word' id='word_1_165' title='bbox 559 2305 748 2380; x_wconf 89' lang='lat' dir='ltr'><strong>comparatio,</strong></span> <span class='ocrx_word' id='word_1_166' title='bbox 773 2319 864 2362; x_wconf 87' lang='lat' dir='ltr'><strong>eausa</strong></span> <span class='ocrx_word' id='word_1_167' title='bbox 886 2304 1073 2378; x_wconf 76' lang='lat' dir='ltr'><strong>facultatum,</strong></span> <span class='ocrx_word' id='word_1_168' title='bbox 1098 2322 1174 2381; x_wconf 91' lang='lat' dir='ltr'><strong>quae</strong></span> <span class='ocrx_word' id='word_1_169' title='bbox 1199 2306 1348 2366; x_wconf 78' lang='lat' dir='ltr'><strong>haetenus</strong></span> <span class='ocrx_word' id='word_1_170' title='bbox 1363 2310 1438 2365; x_wconf 90' lang='lat' dir='ltr'><strong>inter</strong></span> <span class='ocrx_word' id='word_1_171' title='bbox 1461 2325 1492 2365; x_wconf 88' lang='lat' dir='ltr'><strong>so</strong></span> <span class='ocrx_word' id='word_1_172' title='bbox 1517 2306 1693 2383; x_wconf 87' lang='lat' dir='ltr'><strong>comparatis</strong></span> <span class='ocrx_word' id='word_1_173' title='bbox 1717 2322 1770 2364; x_wconf 90' lang='lat' dir='ltr'><strong>ae·</strong></span> 
     </span>
     <span class='ocr_line' id='line_1_20' title="bbox 419 2389 1771 2469; baseline 0 -19"><span class='ocrx_word' id='word_1_174' title='bbox 419 2390 522 2451; x_wconf 88' lang='lat' dir='ltr'><strong>cedere</strong></span> <span class='ocrx_word' id='word_1_175' title='bbox 553 2391 659 2451; x_wconf 89' lang='lat' dir='ltr'><strong>debere</strong></span> <span class='ocrx_word' id='word_1_176' title='bbox 689 2389 824 2448; x_wconf 88' lang='lat' dir='ltr'><strong>videntur</strong></span> <span class='ocrx_word' id='word_1_177' title='bbox 846 2395 1045 2457; x_wconf 89' lang='lat' dir='ltr'><strong>communiter.</strong></span> <span class='ocrx_word' id='word_1_178' title='bbox 1094 2392 1168 2451; x_wconf 86' lang='lat' dir='ltr'><strong>Cum</strong></span> <span class='ocrx_word' id='word_1_179' title='bbox 1191 2397 1267 2452; x_wconf 90' lang='lat' dir='ltr'><strong>enim</strong></span> <span class='ocrx_word' id='word_1_180' title='bbox 1303 2395 1453 2469; x_wconf 90' lang='lat' dir='ltr'><strong>utrinque,</strong></span> <span class='ocrx_word' id='word_1_181' title='bbox 1485 2402 1548 2452; x_wconf 90' lang='grc' dir='ltr'>ιιιιι</span> <span class='ocrx_word' id='word_1_182' title='bbox 1574 2395 1649 2452; x_wconf 91' lang='lat' dir='ltr'><strong>inter</strong></span> <span class='ocrx_word' id='word_1_183' title='bbox 1679 2409 1771 2451; x_wconf 88' lang='lat' dir='ltr'><strong>sonos</strong></span> 
     </span>
     <span class='ocr_line' id='line_1_21' title="bbox 417 2476 1769 2563; baseline 0.001 -27"><span class='ocrx_word' id='word_1_184' title='bbox 417 2494 505 2555; x_wconf 91' lang='lat' dir='ltr'><strong>quam</strong></span> <span class='ocrx_word' id='word_1_185' title='bbox 529 2479 605 2536; x_wconf 89' lang='lat' dir='ltr'><strong>inter</strong></span> <span class='ocrx_word' id='word_1_186' title='bbox 627 2476 767 2563; x_wconf 76' lang='lat' dir='ltr'><strong>sphaeras</strong></span> <span class='ocrx_word' id='word_1_187' title='bbox 791 2494 949 2554; x_wconf 91' lang='lat' dir='ltr'><strong>earumque</strong></span> <span class='ocrx_word' id='word_1_188' title='bbox 970 2488 1077 2549; x_wconf 89' lang='lat' dir='ltr'><strong>motus,</strong></span> <span class='ocrx_word' id='word_1_189' title='bbox 1103 2490 1255 2539; x_wconf 87' lang='lat' dir='ltr'><strong>occurrant</strong></span> <span class='ocrx_word' id='word_1_190' title='bbox 1275 2483 1488 2557; x_wconf 88' lang='lat' dir='ltr'><strong>proportiones,</strong></span> <span class='ocrx_word' id='word_1_191' title='bbox 1513 2481 1633 2540; x_wconf 91' lang='lat' dir='ltr'><strong>dubium</strong></span> <span class='ocrx_word' id='word_1_192' title='bbox 1657 2479 1769 2537; x_wconf 88' lang='lat' dir='ltr'><strong>nullum</strong></span> 
     </span>
     <span class='ocr_line' id='line_1_22' title="bbox 414 2564 1769 2649; baseline 0.001 -26"><span class='ocrx_word' id='word_1_193' title='bbox 414 2576 470 2644; x_wconf 84' lang='lat' dir='ltr'><strong>est,</strong></span> <span class='ocrx_word' id='word_1_194' title='bbox 493 2567 563 2640; x_wconf 88' lang='lat' dir='ltr'><strong>quin</strong></span> <span class='ocrx_word' id='word_1_195' title='bbox 588 2564 656 2624; x_wconf 91' lang='lat' dir='ltr'><strong>illae</strong></span> <span class='ocrx_word' id='word_1_196' title='bbox 679 2565 890 2649; x_wconf 86' lang='lat' dir='ltr'><strong>proportiones,</strong></span> <span class='ocrx_word' id='word_1_197' title='bbox 915 2578 992 2642; x_wconf 88' lang='lat' dir='ltr'><strong>quae</strong></span> <span class='ocrx_word' id='word_1_198' title='bbox 1012 2570 1093 2625; x_wconf 90' lang='lat' dir='ltr'><strong>sonis</strong></span> <span class='ocrx_word' id='word_1_199' title='bbox 1110 2566 1180 2625; x_wconf 89' lang='lat' dir='ltr'><strong>daut</strong></span> <span class='ocrx_word' id='word_1_200' title='bbox 1195 2570 1425 2641; x_wconf 88' lang='lat' dir='ltr'><strong>consonantiam,</strong></span> <span class='ocrx_word' id='word_1_201' title='bbox 1449 2569 1474 2627; x_wconf 90' lang='lat' dir='ltr'><strong>si</strong></span> <span class='ocrx_word' id='word_1_202' title='bbox 1499 2571 1626 2627; x_wconf 82' lang='lat' dir='ltr'><strong>existant</strong></span> <span class='ocrx_word' id='word_1_203' title='bbox 1648 2567 1769 2625; x_wconf 88' lang='lat' dir='ltr'><strong>eaedem</strong></span> 
     </span>
     <span class='ocr_line' id='line_1_23' title="bbox 416 2652 1769 2733; baseline 0.003 -25"><span class='ocrx_word' id='word_1_204' title='bbox 416 2654 491 2733; x_wconf 85' lang='lat' dir='ltr'><strong>inter</strong></span> <span class='ocrx_word' id='word_1_205' title='bbox 514 2652 655 2728; x_wconf 89' lang='lat' dir='ltr'><strong>sphaeras</strong></span> <span class='ocrx_word' id='word_1_206' title='bbox 679 2660 708 2711; x_wconf 91' lang='lat' dir='ltr'><strong>et</strong></span> <span class='ocrx_word' id='word_1_207' title='bbox 732 2660 828 2712; x_wconf 89' lang='lat' dir='ltr'><strong>motus</strong></span> <span class='ocrx_word' id='word_1_208' title='bbox 851 2653 986 2711; x_wconf 89' lang='lat' dir='ltr'><strong>binorum</strong></span> <span class='ocrx_word' id='word_1_209' title='bbox 1010 2655 1152 2728; x_wconf 87' lang='lat' dir='ltr'><strong>siderum,</strong></span> <span class='ocrx_word' id='word_1_210' title='bbox 1177 2658 1265 2713; x_wconf 88' lang='lat' dir='ltr'><strong>etium</strong></span> <span class='ocrx_word' id='word_1_211' title='bbox 1289 2653 1346 2714; x_wconf 91' lang='lat' dir='ltr'><strong>illis</strong></span> <span class='ocrx_word' id='word_1_212' title='bbox 1370 2656 1605 2717; x_wconf 81' lang='lat' dir='ltr'><strong>convenientiam</strong></span> <span class='ocrx_word' id='word_1_213' title='bbox 1628 2653 1769 2729; x_wconf 88' lang='lat' dir='ltr'><strong>aliquam,</strong></span> 
     </span>
     <span class='ocr_line' id='line_1_24' title="bbox 413 2739 1769 2819; baseline 0.001 -21"><span class='ocrx_word' id='word_1_214' title='bbox 413 2747 444 2798; x_wconf 93' lang='lat' dir='ltr'><strong>et</strong></span> <span class='ocrx_word' id='word_1_215' title='bbox 466 2756 541 2815; x_wconf 90' lang='lat' dir='ltr'><strong>quae</strong></span> <span class='ocrx_word' id='word_1_216' title='bbox 564 2743 646 2800; x_wconf 91' lang='lat' dir='ltr'><strong>sonis</strong></span> <span class='ocrx_word' id='word_1_217' title='bbox 669 2739 910 2812; x_wconf 89' lang='lat' dir='ltr'><strong>discordantiam,</strong></span> <span class='ocrx_word' id='word_1_218' title='bbox 942 2740 1063 2800; x_wconf 88' lang='lat' dir='ltr'><strong>eaedem</strong></span> <span class='ocrx_word' id='word_1_219' title='bbox 1086 2745 1174 2803; x_wconf 89' lang='lat' dir='ltr'><strong>etiarn</strong></span> <span class='ocrx_word' id='word_1_220' title='bbox 1196 2743 1323 2819; x_wconf 89' lang='lat' dir='ltr'><strong>planetis</strong></span> <span class='ocrx_word' id='word_1_221' title='bbox 1348 2744 1615 2803; x_wconf 87' lang='lat' dir='ltr'><strong>inconvenientiam</strong></span> <span class='ocrx_word' id='word_1_222' title='bbox 1638 2741 1769 2817; x_wconf 88' lang='lat' dir='ltr'><strong>aliquam</strong></span> 
     </span>
     <span class='ocr_line' id='line_1_25' title="bbox 414 2826 1770 2932; baseline 0 -45"><span class='ocrx_word' id='word_1_223' title='bbox 414 2826 580 2887; x_wconf 81' lang='lat' dir='ltr'><strong>concilient</strong></span> <span class='ocrx_word' id='word_1_224' title='bbox 632 2827 705 2885; x_wconf 80' lang='lat' dir='ltr'><strong>Cum</strong></span> <span class='ocrx_word' id='word_1_225' title='bbox 735 2836 832 2887; x_wconf 90' lang='lat' dir='ltr'><strong>autem</strong></span> <span class='ocrx_word' id='word_1_226' title='bbox 863 2827 921 2886; x_wconf 89' lang='lat' dir='ltr'><strong>duo</strong></span> <span class='ocrx_word' id='word_1_227' title='bbox 952 2827 1068 2889; x_wconf 82' lang='lat' dir='ltr'><strong>diversa</strong></span> <span class='ocrx_word' id='word_1_228' title='bbox 1098 2831 1208 2889; x_wconf 90' lang='lat' dir='ltr'><strong>sintin</strong></span> <span class='ocrx_word' id='word_1_229' title='bbox 1238 2833 1338 2906; x_wconf 88' lang='lat' dir='ltr'><strong>primis</strong></span> <span class='ocrx_word' id='word_1_230' title='bbox 1360 2830 1507 2907; x_wconf 86' lang='lat' dir='ltr'><strong>sphaeris,</strong></span> <span class='ocrx_word' id='word_1_231' title='bbox 1538 2827 1709 2932; x_wconf 80' lang='lat' dir='ltr'><strong>magnitudo</strong></span> <span class='ocrx_word' id='word_1_232' title='bbox 1740 2837 1770 2888; x_wconf 91' lang='lat' dir='ltr'><strong>et</strong></span> 
     </span>
     <span class='ocr_line' id='line_1_26' title="bbox 413 2914 1768 2994; baseline 0.001 -22"><span class='ocrx_word' id='word_1_233' title='bbox 413 2922 527 2988; x_wconf 90' lang='lat' dir='ltr'><strong>motus,</strong></span> <span class='ocrx_word' id='word_1_234' title='bbox 551 2925 580 2974; x_wconf 89' lang='lat' dir='ltr'><strong>et</strong></span> <span class='ocrx_word' id='word_1_235' title='bbox 603 2914 688 2974; x_wconf 91' lang='lat' dir='ltr'><strong>aliter</strong></span> <span class='ocrx_word' id='word_1_236' title='bbox 710 2914 927 2990; x_wconf 86' lang='lat' dir='ltr'><strong>magnitudines</strong></span> <span class='ocrx_word' id='word_1_237' title='bbox 943 2928 1167 2992; x_wconf 88' lang='lat' dir='ltr'><strong>comparentur,</strong></span> <span class='ocrx_word' id='word_1_238' title='bbox 1178 2917 1264 2976; x_wconf 89' lang='lat' dir='ltr'><strong>aliter</strong></span> <span class='ocrx_word' id='word_1_239' title='bbox 1279 2920 1366 2976; x_wconf 84' lang='lat' dir='ltr'><strong>etiarn</strong></span> <span class='ocrx_word' id='word_1_240' title='bbox 1384 2928 1489 2991; x_wconf 89' lang='lat' dir='ltr'><strong>motus,</strong></span> <span class='ocrx_word' id='word_1_241' title='bbox 1513 2919 1622 2994; x_wconf 90' lang='lat' dir='ltr'><strong>quippe</strong></span> <span class='ocrx_word' id='word_1_242' title='bbox 1643 2933 1768 2992; x_wconf 82' lang='lat' dir='ltr'><strong>quarunt</strong></span> 
     </span>
     <span class='ocr_line' id='line_1_27' title="bbox 413 3002 1769 3106; baseline 0.001 -47"><span class='ocrx_word' id='word_1_243' title='bbox 413 3004 619 3081; x_wconf 83' lang='lat' dir='ltr'><strong>proportiones</strong></span> <span class='ocrx_word' id='word_1_244' title='bbox 641 3004 680 3062; x_wconf 89' lang='lat' dir='ltr'><strong>ab</strong></span> <span class='ocrx_word' id='word_1_245' title='bbox 703 3002 818 3061; x_wconf 88' lang='lat' dir='ltr'><strong>illarum</strong></span> <span class='ocrx_word' id='word_1_246' title='bbox 841 3005 1081 3106; x_wconf 81' lang='lat' dir='ltr'><strong>proportionibus</strong></span> <span class='ocrx_word' id='word_1_247' title='bbox 1096 3003 1218 3064; x_wconf 82' lang='lat' dir='ltr'><strong>inultum</strong></span> <span class='ocrx_word' id='word_1_248' title='bbox 1234 3005 1421 3083; x_wconf 86' lang='lat' dir='ltr'><strong>discrepant:</strong></span> <span class='ocrx_word' id='word_1_249' title='bbox 1447 3006 1505 3067; x_wconf 78' lang='lat' dir='ltr'><strong>driu</strong></span> <span class='ocrx_word' id='word_1_250' title='bbox 1529 3007 1618 3065; x_wconf 90' lang='lat' dir='ltr'><strong>etiam</strong></span> <span class='ocrx_word' id='word_1_251' title='bbox 1641 3003 1769 3063; x_wconf 87' lang='lat' dir='ltr'><strong>faculta-</strong></span> 
     </span>
     <span class='ocr_line' id='line_1_28' title="bbox 413 3082 1770 3169; baseline 0.001 -21"><span class='ocrx_word' id='word_1_252' title='bbox 413 3098 476 3148; x_wconf 92' lang='lat' dir='ltr'><strong>tum</strong></span> <span class='ocrx_word' id='word_1_253' title='bbox 498 3107 608 3166; x_wconf 90' lang='lat' dir='ltr'><strong>geuera</strong></span> <span class='ocrx_word' id='word_1_254' title='bbox 632 3082 661 3148; x_wconf 79' lang='lat' dir='ltr'><strong>i&#39;n</strong></span> <span class='ocrx_word' id='word_1_255' title='bbox 686 3088 863 3149; x_wconf 89' lang='lat' dir='ltr'><strong>coelestibus</strong></span> <span class='ocrx_word' id='word_1_256' title='bbox 885 3107 940 3151; x_wconf 91' lang='lat' dir='ltr'><strong>nos</strong></span> <span class='ocrx_word' id='word_1_257' title='bbox 963 3094 1061 3151; x_wconf 89' lang='lat' dir='ltr'><strong>animo</strong></span> <span class='ocrx_word' id='word_1_258' title='bbox 1084 3094 1237 3168; x_wconf 84' lang='lat' dir='ltr'><strong>concipere</strong></span> <span class='ocrx_word' id='word_1_259' title='bbox 1261 3110 1313 3169; x_wconf 89' lang='lat' dir='ltr'><strong>par</strong></span> <span class='ocrx_word' id='word_1_260' title='bbox 1336 3103 1395 3164; x_wconf 91' lang='lat' dir='ltr'><strong>est,</strong></span> <span class='ocrx_word' id='word_1_261' title='bbox 1419 3094 1541 3169; x_wconf 88' lang='lat' dir='ltr'><strong>objectis</strong></span> <span class='ocrx_word' id='word_1_262' title='bbox 1565 3091 1711 3161; x_wconf 87' lang='lat' dir='ltr'><strong>distincta,</strong></span> <span class='ocrx_word' id='word_1_263' title='bbox 1736 3098 1770 3149; x_wconf 88' lang='lat' dir='ltr'><strong>ut</strong></span> 
     </span>
     <span class='ocr_line' id='line_1_29' title="bbox 414 3175 1768 3254; baseline 0.002 -20"><span class='ocrx_word' id='word_1_264' title='bbox 414 3175 484 3236; x_wconf 88' lang='lat' dir='ltr'><strong>illae</strong></span> <span class='ocrx_word' id='word_1_265' title='bbox 506 3176 618 3238; x_wconf 88' lang='lat' dir='ltr'><strong>seilicet</strong></span> <span class='ocrx_word' id='word_1_266' title='bbox 640 3196 733 3236; x_wconf 85' lang='grc' dir='ltr'>ιιιιι</span> <span class='ocrx_word' id='word_1_267' title='bbox 754 3176 880 3253; x_wconf 90' lang='lat' dir='ltr'><strong>quidem</strong></span> <span class='ocrx_word' id='word_1_268' title='bbox 888 3178 1098 3253; x_wconf 79' lang='lat' dir='ltr'><strong>magnitudinis</strong></span> <span class='ocrx_word' id='word_1_269' title='bbox 1120 3182 1197 3240; x_wconf 90' lang='lat' dir='ltr'><strong>eirea</strong></span> <span class='ocrx_word' id='word_1_270' title='bbox 1218 3198 1264 3239; x_wconf 87' lang='lat' dir='ltr'><strong>res</strong></span> <span class='ocrx_word' id='word_1_271' title='bbox 1281 3189 1440 3254; x_wconf 84' lang='lat' dir='ltr'><strong>versentur,</strong></span> <span class='ocrx_word' id='word_1_272' title='bbox 1463 3198 1554 3240; x_wconf 88' lang='lat' dir='ltr'><strong>causa</strong></span> <span class='ocrx_word' id='word_1_273' title='bbox 1576 3188 1673 3253; x_wconf 78' lang='lat' dir='ltr'><strong>motus</strong></span> <span class='ocrx_word' id='word_1_274' title='bbox 1698 3196 1768 3239; x_wconf 83' lang='lat' dir='ltr'><strong>vero</strong></span> 
     </span>
     <span class='ocr_line' id='line_1_30' title="bbox 415 3265 1769 3343; baseline -0.001 -19"><span class='ocrx_word' id='word_1_275' title='bbox 415 3266 493 3325; x_wconf 82' lang='lat' dir='ltr'><strong>circa</strong></span> <span class='ocrx_word' id='word_1_276' title='bbox 515 3265 604 3322; x_wconf 88' lang='lat' dir='ltr'><strong>etiam</strong></span> <span class='ocrx_word' id='word_1_277' title='bbox 626 3273 739 3336; x_wconf 86' lang='lat' dir='ltr'><strong>motus,</strong></span> <span class='ocrx_word' id='word_1_278' title='bbox 768 3266 824 3324; x_wconf 89' lang='lat' dir='ltr'><strong>hoe</strong></span> <span class='ocrx_word' id='word_1_279' title='bbox 847 3273 897 3325; x_wconf 91' lang='lat' dir='ltr'><strong>est</strong></span> <span class='ocrx_word' id='word_1_280' title='bbox 915 3269 993 3325; x_wconf 86' lang='lat' dir='ltr'><strong>circa</strong></span> <span class='ocrx_word' id='word_1_281' title='bbox 1014 3265 1134 3325; x_wconf 89' lang='lat' dir='ltr'><strong>modum</strong></span> <span class='ocrx_word' id='word_1_282' title='bbox 1157 3266 1299 3343; x_wconf 89' lang='lat' dir='ltr'><strong>largiendi</strong></span> <span class='ocrx_word' id='word_1_283' title='bbox 1323 3267 1460 3343; x_wconf 87' lang='lat' dir='ltr'><strong>expedita</strong></span> <span class='ocrx_word' id='word_1_284' title='bbox 1483 3268 1531 3327; x_wconf 87' lang='lat' dir='ltr'><strong>vel</strong></span> <span class='ocrx_word' id='word_1_285' title='bbox 1554 3265 1769 3343; x_wconf 83' lang='lat' dir='ltr'><strong>impedite,et</strong></span> 
     </span>
     <span class='ocr_line' id='line_1_31' title="bbox 415 3350 1751 3432; baseline 0 -22"><span class='ocrx_word' id='word_1_286' title='bbox 415 3352 493 3410; x_wconf 86' lang='lat' dir='ltr'><strong>eirea</strong></span> <span class='ocrx_word' id='word_1_287' title='bbox 515 3358 640 3428; x_wconf 82' lang='lat' dir='ltr'><strong>tempus,</strong></span> <span class='ocrx_word' id='word_1_288' title='bbox 664 3350 774 3427; x_wconf 87' lang='lat' dir='ltr'><strong>quod</strong></span> <span class='ocrx_word' id='word_1_289' title='bbox 766 3370 796 3410; x_wconf 89' lang='lat' dir='ltr'><strong>m</strong></span> <span class='ocrx_word' id='word_1_290' title='bbox 818 3360 899 3415; x_wconf 85' lang='lat' dir='ltr'><strong>motu</strong></span> <span class='ocrx_word' id='word_1_291' title='bbox 923 3361 1080 3429; x_wconf 88' lang='lat' dir='ltr'><strong>spectatur,</strong></span> <span class='ocrx_word' id='word_1_292' title='bbox 1104 3362 1176 3432; x_wconf 86' lang='lat' dir='ltr'><strong>puta</strong></span> <span class='ocrx_word' id='word_1_293' title='bbox 1198 3356 1330 3414; x_wconf 88' lang='lat' dir='ltr'><strong>celeriter</strong></span> <span class='ocrx_word' id='word_1_294' title='bbox 1353 3354 1400 3414; x_wconf 87' lang='lat' dir='ltr'><strong>vel</strong></span> <span class='ocrx_word' id='word_1_295' title='bbox 1422 3355 1515 3414; x_wconf 86' lang='lat' dir='ltr'><strong>tarde·</strong></span> <span class='ocrx_word' id='word_1_296' title='bbox 1529 3352 1751 3431; x_wconf 86' lang='lat' dir='ltr'><strong>largiendi,ita</strong></span> 
     </span>
     <span class='ocr_line' id='line_1_32' title="bbox 385 3422 1768 3523; baseline 0.002 -28"><span class='ocrx_word' id='word_1_297' title='bbox 385 3452 474 3523; x_wconf 30' lang='lat' dir='ltr'><strong>,que</strong></span> <span class='ocrx_word' id='word_1_298' title='bbox 503 3436 657 3497; x_wconf 85' lang='lat' dir='ltr'><strong>distinctae</strong></span> <span class='ocrx_word' id='word_1_299' title='bbox 688 3437 764 3497; x_wconf 86' lang='lat' dir='ltr'><strong>duaa</strong></span> <span class='ocrx_word' id='word_1_300' title='bbox 794 3440 852 3497; x_wconf 88' lang='lat' dir='ltr'><strong>sint</strong></span> <span class='ocrx_word' id='word_1_301' title='bbox 874 3442 1090 3516; x_wconf 88' lang='lat' dir='ltr'><strong>quaestiones.</strong></span> <span class='ocrx_word' id='word_1_302' title='bbox 1114 3439 1143 3513; x_wconf 80' lang='grc'><strong>1)</strong></span> <span class='ocrx_word' id='word_1_303' title='bbox 1173 3460 1209 3500; x_wconf 90' lang='grc' dir='ltr'><strong>ιι</strong></span> <span class='ocrx_word' id='word_1_304' title='bbox 1241 3444 1302 3500; x_wconf 88' lang='lat' dir='ltr'><strong>bini</strong></span> <span class='ocrx_word' id='word_1_305' title='bbox 1325 3450 1355 3501; x_wconf 89' lang='lat' dir='ltr'><strong>et</strong></span> <span class='ocrx_word' id='word_1_306' title='bbox 1377 3443 1437 3500; x_wconf 91' lang='lat' dir='ltr'><strong>blni</strong></span> <span class='ocrx_word' id='word_1_307' title='bbox 1469 3441 1635 3519; x_wconf 85' lang='lat' dir='ltr'><strong>planetas</strong></span> <span class='ocrx_word' id='word_1_308' title='bbox 1627 3459 1656 3498; x_wconf 90' lang='grc' dir='ltr'><strong>ιιι</strong></span> <span class='ocrx_word' id='word_1_309' title='bbox 1679 3422 1768 3500; x_wconf 89' lang='lat' dir='ltr'><strong>rebus</strong></span> 
     </span>
     <span class='ocr_line' id='line_1_33' title="bbox 414 3526 1769 3606; baseline 0.002 -23"><span class='ocrx_word' id='word_1_310' title='bbox 414 3527 486 3601; x_wconf 89' lang='lat' dir='ltr'><strong>ipsis</strong></span> <span class='ocrx_word' id='word_1_311' title='bbox 509 3526 704 3606; x_wconf 85' lang='lat' dir='ltr'><strong>consentiant,</strong></span> <span class='ocrx_word' id='word_1_312' title='bbox 726 3543 802 3584; x_wconf 91' lang='lat' dir='ltr'><strong>anne</strong></span> <span class='ocrx_word' id='word_1_313' title='bbox 826 3530 971 3586; x_wconf 90' lang='lat' dir='ltr'><strong>contraria</strong></span> <span class='ocrx_word' id='word_1_314' title='bbox 994 3527 1187 3604; x_wconf 86' lang='lat' dir='ltr'><strong>polliceantur</strong></span> <span class='ocrx_word' id='word_1_315' title='bbox 1209 3529 1376 3601; x_wconf 78' lang='lat' dir='ltr'><strong>serenatae,</strong></span> <span class='ocrx_word' id='word_1_316' title='bbox 1401 3536 1430 3589; x_wconf 93' lang='lat' dir='ltr'><strong>et</strong></span> <span class='ocrx_word' id='word_1_317' title='bbox 1453 3529 1526 3588; x_wconf 88' lang='lat' dir='ltr'><strong>alter</strong></span> <span class='ocrx_word' id='word_1_318' title='bbox 1549 3528 1668 3588; x_wconf 88' lang='lat' dir='ltr'><strong>alterius</strong></span> <span class='ocrx_word' id='word_1_319' title='bbox 1692 3546 1769 3605; x_wconf 89' lang='lat' dir='ltr'><strong>opus</strong></span> 
     </span>
     <span class='ocr_line' id='line_1_34' title="bbox 415 3609 1767 3693; baseline 0.004 -23"><span class='ocrx_word' id='word_1_320' title='bbox 415 3611 570 3671; x_wconf 72' lang='lat' dir='ltr'><strong>destruat?</strong></span> <span class='ocrx_word' id='word_1_321' title='bbox 592 3609 624 3691; x_wconf 75' lang='lat'><strong>2)</strong></span> <span class='ocrx_word' id='word_1_322' title='bbox 647 3631 693 3687; x_wconf 89' lang='lat' dir='ltr'><strong>an,</strong></span> <span class='ocrx_word' id='word_1_323' title='bbox 716 3616 741 3671; x_wconf 89' lang='lat' dir='ltr'><strong>si</strong></span> <span class='ocrx_word' id='word_1_324' title='bbox 765 3615 793 3670; x_wconf 93' lang='lat' dir='ltr'><strong>in</strong></span> <span class='ocrx_word' id='word_1_325' title='bbox 818 3631 847 3674; x_wconf 92' lang='lat' dir='ltr'><strong>re</strong></span> <span class='ocrx_word' id='word_1_326' title='bbox 871 3617 1064 3689; x_wconf 88' lang='lat' dir='ltr'><strong>consentiant,</strong></span> <span class='ocrx_word' id='word_1_327' title='bbox 1087 3620 1175 3675; x_wconf 86' lang='lat' dir='ltr'><strong>etiarn</strong></span> <span class='ocrx_word' id='word_1_328' title='bbox 1203 3619 1371 3693; x_wconf 87' lang='lat' dir='ltr'><strong>conspirent</strong></span> <span class='ocrx_word' id='word_1_329' title='bbox 1391 3619 1487 3692; x_wconf 91' lang='lat' dir='ltr'><strong>operis</strong></span> <span class='ocrx_word' id='word_1_330' title='bbox 1510 3618 1618 3674; x_wconf 88' lang='lat' dir='ltr'><strong>mutuis</strong></span> <span class='ocrx_word' id='word_1_331' title='bbox 1641 3614 1678 3675; x_wconf 96' lang='lat' dir='ltr'><strong>ad</strong></span> <span class='ocrx_word' id='word_1_332' title='bbox 1701 3634 1767 3675; x_wconf 89' lang='lat' dir='ltr'><strong>ma-</strong></span> 
     </span>
     <span class='ocr_line' id='line_1_35' title="bbox 414 3698 1767 3780; baseline 0.003 -22"><span class='ocrx_word' id='word_1_333' title='bbox 414 3698 539 3760; x_wconf 86' lang='lat' dir='ltr'><strong>turanda</strong></span> <span class='ocrx_word' id='word_1_334' title='bbox 555 3699 679 3773; x_wconf 90' lang='lat' dir='ltr'><strong>decreta,</strong></span> <span class='ocrx_word' id='word_1_335' title='bbox 703 3709 755 3760; x_wconf 91' lang='lat' dir='ltr'><strong>aut</strong></span> <span class='ocrx_word' id='word_1_336' title='bbox 776 3703 800 3758; x_wconf 91' lang='lat' dir='ltr'><strong>si</strong></span> <span class='ocrx_word' id='word_1_337' title='bbox 824 3700 957 3760; x_wconf 86' lang='lat' dir='ltr'><strong>diversae</strong></span> <span class='ocrx_word' id='word_1_338' title='bbox 980 3711 1102 3762; x_wconf 88' lang='lat' dir='ltr'><strong>naturae</strong></span> <span class='ocrx_word' id='word_1_339' title='bbox 1126 3705 1192 3776; x_wconf 91' lang='lat' dir='ltr'><strong>sint,</strong></span> <span class='ocrx_word' id='word_1_340' title='bbox 1216 3712 1314 3762; x_wconf 89' lang='lat' dir='ltr'><strong>tamon</strong></span> <span class='ocrx_word' id='word_1_341' title='bbox 1338 3701 1412 3763; x_wconf 91' lang='lat' dir='ltr'><strong>alter</strong></span> <span class='ocrx_word' id='word_1_342' title='bbox 1434 3703 1555 3764; x_wconf 90' lang='lat' dir='ltr'><strong>alterins</strong></span> <span class='ocrx_word' id='word_1_343' title='bbox 1579 3721 1653 3780; x_wconf 90' lang='lat' dir='ltr'><strong>opus</strong></span> <span class='ocrx_word' id='word_1_344' title='bbox 1676 3720 1767 3762; x_wconf 89' lang='lat' dir='ltr'><strong>eausa</strong></span> 
     </span>
     <span class='ocr_line' id='line_1_36' title="bbox 415 3784 1766 3868; baseline 0.004 -23"><span class='ocrx_word' id='word_1_345' title='bbox 415 3789 557 3866; x_wconf 89' lang='lat' dir='ltr'><strong>temporis</strong></span> <span class='ocrx_word' id='word_1_346' title='bbox 581 3796 762 3865; x_wconf 84' lang='lat' dir='ltr'><strong>promoveat,</strong></span> <span class='ocrx_word' id='word_1_347' title='bbox 786 3806 822 3846; x_wconf 92' lang='lat' dir='ltr'><strong>an</strong></span> <span class='ocrx_word' id='word_1_348' title='bbox 848 3806 927 3863; x_wconf 86' lang='lat' dir='ltr'><strong>vero,</strong></span> <span class='ocrx_word' id='word_1_349' title='bbox 951 3806 1042 3850; x_wconf 89' lang='lat' dir='ltr'><strong>causa</strong></span> <span class='ocrx_word' id='word_1_350' title='bbox 1064 3793 1153 3868; x_wconf 90' lang='lat' dir='ltr'><strong>inepti</strong></span> <span class='ocrx_word' id='word_1_351' title='bbox 1171 3807 1336 3864; x_wconf 87' lang='lat' dir='ltr'><strong>concursus,</strong></span> <span class='ocrx_word' id='word_1_352' title='bbox 1361 3790 1517 3867; x_wconf 88' lang='lat' dir='ltr'><strong>plurimum</strong></span> <span class='ocrx_word' id='word_1_353' title='bbox 1542 3784 1683 3867; x_wconf 83' lang='lat' dir='ltr'><strong>inipediat</strong></span> <span class='ocrx_word' id='word_1_354' title='bbox 1706 3799 1766 3851; x_wconf 90' lang='lat' dir='ltr'><strong>tam</strong></span> 
     </span>
     <span class='ocr_line' id='line_1_37' title="bbox 416 3875 1766 3952; baseline 0.001 -18"><span class='ocrx_word' id='word_1_355' title='bbox 416 3876 639 3949; x_wconf 79' lang='lat' dir='ltr'><strong>consentientia,</strong></span> <span class='ocrx_word' id='word_1_356' title='bbox 663 3892 751 3951; x_wconf 89' lang='lat' dir='ltr'><strong>quam</strong></span> <span class='ocrx_word' id='word_1_357' title='bbox 776 3875 896 3935; x_wconf 89' lang='lat' dir='ltr'><strong>alterius</strong></span> <span class='ocrx_word' id='word_1_358' title='bbox 919 3880 1064 3937; x_wconf 87' lang='lat' dir='ltr'><strong>contraria</strong></span> <span class='ocrx_word' id='word_1_359' title='bbox 1087 3877 1227 3938; x_wconf 81' lang='lat' dir='ltr'><strong>decretal</strong></span> <span class='ocrx_word' id='word_1_360' title='bbox 1264 3879 1312 3938; x_wconf 88' lang='lat' dir='ltr'><strong>lta</strong></span> <span class='ocrx_word' id='word_1_361' title='bbox 1334 3886 1391 3939; x_wconf 91' lang='lat' dir='ltr'><strong>tres</strong></span> <span class='ocrx_word' id='word_1_362' title='bbox 1414 3877 1484 3937; x_wconf 89' lang='lat' dir='ltr'><strong>fient</strong></span> <span class='ocrx_word' id='word_1_363' title='bbox 1505 3877 1613 3952; x_wconf 85' lang='lat' dir='ltr'><strong>gradus</strong></span> <span class='ocrx_word' id='word_1_364' title='bbox 1636 3878 1766 3938; x_wconf 89' lang='lat' dir='ltr'><strong>familia-</strong></span> 
     </span>
     <span class='ocr_line' id='line_1_38' title="bbox 413 3963 1764 4043; baseline 0.004 -22"><span class='ocrx_word' id='word_1_365' title='bbox 413 3964 525 4022; x_wconf 85' lang='lat' dir='ltr'><strong>ritatis:</strong></span> <span class='ocrx_word' id='word_1_366' title='bbox 549 3972 601 4023; x_wconf 93' lang='lat' dir='ltr'><strong>aut</strong></span> <span class='ocrx_word' id='word_1_367' title='bbox 625 3963 702 4022; x_wconf 88' lang='lat' dir='ltr'><strong>enirn</strong></span> <span class='ocrx_word' id='word_1_368' title='bbox 725 3966 753 4031; x_wconf 91' lang='lat' dir='ltr'><strong>ip</strong></span> <span class='ocrx_word' id='word_1_369' title='bbox 777 3981 806 4022; x_wconf 91' lang='lat' dir='ltr'><strong>re</strong></span> <span class='ocrx_word' id='word_1_370' title='bbox 830 3971 860 4023; x_wconf 86' lang='lat' dir='ltr'><strong>at</strong></span> <span class='ocrx_word' id='word_1_371' title='bbox 882 3963 969 4024; x_wconf 80' lang='lat' dir='ltr'><strong>niodo</strong></span> <span class='ocrx_word' id='word_1_372' title='bbox 986 3968 1175 4039; x_wconf 89' lang='lat' dir='ltr'><strong>consentient,</strong></span> <span class='ocrx_word' id='word_1_373' title='bbox 1200 3985 1276 4043; x_wconf 92' lang='lat' dir='ltr'><strong>quae</strong></span> <span class='ocrx_word' id='word_1_374' title='bbox 1291 3984 1405 4025; x_wconf 89' lang='lat' dir='ltr'><strong>summa</strong></span> <span class='ocrx_word' id='word_1_375' title='bbox 1428 3981 1473 4026; x_wconf 86' lang='lat' dir='ltr'><strong>est</strong></span> <span class='ocrx_word' id='word_1_376' title='bbox 1494 3965 1688 4038; x_wconf 87' lang='lat' dir='ltr'><strong>familiaritas,</strong></span> <span class='ocrx_word' id='word_1_377' title='bbox 1712 3975 1764 4026; x_wconf 89' lang='lat' dir='ltr'><strong>aut</strong></span> 
     </span>
     <span class='ocr_line' id='line_1_39' title="bbox 413 4049 1764 4220; baseline 0.005 -114"><span class='ocrx_word' id='word_1_378' title='bbox 413 4051 442 4107; x_wconf 91' lang='lat' dir='ltr'><strong>in</strong></span> <span class='ocrx_word' id='word_1_379' title='bbox 466 4049 691 4220; x_wconf 74' lang='lat' dir='ltr'><strong>altero)solum,</strong></span> <span class='ocrx_word' id='word_1_380' title='bbox 722 4069 798 4127; x_wconf 88' lang='lat' dir='ltr'><strong>quaa</strong></span> <span class='ocrx_word' id='word_1_381' title='bbox 821 4051 991 4126; x_wconf 87' lang='lat' dir='ltr'><strong>mediocris,</strong></span> <span class='ocrx_word' id='word_1_382' title='bbox 1023 4061 1075 4113; x_wconf 88' lang='lat' dir='ltr'><strong>ant</strong></span> <span class='ocrx_word' id='word_1_383' title='bbox 1103 4056 1132 4112; x_wconf 93' lang='lat' dir='ltr'><strong>in</strong></span> <span class='ocrx_word' id='word_1_384' title='bbox 1155 4054 1254 4127; x_wconf 88' lang='lat' dir='ltr'><strong>nullo,</strong></span> <span class='ocrx_word' id='word_1_385' title='bbox 1283 4071 1359 4129; x_wconf 87' lang='lat' dir='ltr'><strong>quae</strong></span> <span class='ocrx_word' id='word_1_386' title='bbox 1388 4054 1516 4130; x_wconf 88' lang='lat' dir='ltr'><strong>perfecta</strong></span> <span class='ocrx_word' id='word_1_387' title='bbox 1538 4053 1686 4114; x_wconf 88' lang='lat' dir='ltr'><strong>hostilitas</strong></span> <span class='ocrx_word' id='word_1_388' title='bbox 1707 4053 1764 4113; x_wconf 90' lang='lat' dir='ltr'><strong>ha·</strong></span> 
     </span>
     <span class='ocr_line' id='line_1_40' title="bbox 413 4134 592 4198; baseline -0.011 -2"><span class='ocrx_word' id='word_1_389' title='bbox 413 4137 531 4198; x_wconf 85' lang='lat' dir='ltr'><strong>habitur</strong></span> <span class='ocrx_word' id='word_1_390' title='bbox 544 4134 592 4195; x_wconf 87' lang='lat'><strong>¹¹.</strong></span> 
     </span>
    </p>

    <p class='ocr_par' dir='ltr' id='par_1_8' title="bbox 500 4222 1765 4305">
     <span class='ocr_line' id='line_1_41' title="bbox 500 4222 1765 4305; baseline 0.002 -20"><span class='ocrx_word' id='word_1_391' title='bbox 500 4222 587 4299; x_wconf 83' lang='lat' dir='ltr'><strong>Quod</strong></span> <span class='ocrx_word' id='word_1_392' title='bbox 610 4227 696 4301; x_wconf 88' lang='lat' dir='ltr'><strong>igitur</strong></span> <span class='ocrx_word' id='word_1_393' title='bbox 718 4224 908 4301; x_wconf 88' lang='lat' dir='ltr'><strong>sphaerarum</strong></span> <span class='ocrx_word' id='word_1_394' title='bbox 930 4228 1147 4305; x_wconf 82' lang='lat' dir='ltr'><strong>magnitudines</strong></span> <span class='ocrx_word' id='word_1_395' title='bbox 1170 4230 1290 4303; x_wconf 88' lang='lat' dir='ltr'><strong>attinet,</strong></span> <span class='ocrx_word' id='word_1_396' title='bbox 1314 4245 1380 4288; x_wconf 89' lang='lat' dir='ltr'><strong>cum</strong></span> <span class='ocrx_word' id='word_1_397' title='bbox 1403 4227 1483 4285; x_wconf 90' lang='lat' dir='ltr'><strong>sonis</strong></span> <span class='ocrx_word' id='word_1_398' title='bbox 1505 4227 1660 4287; x_wconf 87' lang='lat' dir='ltr'><strong>stabilibus</strong></span> <span class='ocrx_word' id='word_1_399' title='bbox 1682 4245 1765 4288; x_wconf 92' lang='lat' dir='ltr'><strong>corn-</strong></span> 
     </span>
    </p>
   </div>
   <div class='ocr_carea' id='block_1_8' title="bbox 338 4311 1766 4920">
    <p class='ocr_par' dir='ltr' id='par_1_9' title="bbox 338 4311 1766 4920">
     <span class='ocr_line' id='line_1_42' title="bbox 338 4311 1766 4392; baseline 0.004 -22"><span class='ocrx_word' id='word_1_400' title='bbox 338 4328 343 4335; x_wconf 75' lang='grc'>’</span> <span class='ocrx_word' id='word_1_401' title='bbox 412 4319 546 4388; x_wconf 90' lang='lat' dir='ltr'><strong>paratas,</strong></span> <span class='ocrx_word' id='word_1_402' title='bbox 577 4311 614 4372; x_wconf 87' lang='lat' dir='ltr'><strong>ad</strong></span> <span class='ocrx_word' id='word_1_403' title='bbox 638 4330 688 4371; x_wconf 91' lang='lat' dir='ltr'><strong>eas</strong></span> <span class='ocrx_word' id='word_1_404' title='bbox 707 4313 771 4388; x_wconf 86' lang='lat' dir='ltr'><strong>jam</strong></span> <span class='ocrx_word' id='word_1_405' title='bbox 794 4313 1044 4389; x_wconf 89' lang='lat' dir='ltr'><strong>deprehendemus</strong></span> <span class='ocrx_word' id='word_1_406' title='bbox 1067 4318 1206 4392; x_wconf 88' lang='lat' dir='ltr'><strong>consequi</strong></span> <span class='ocrx_word' id='word_1_407' title='bbox 1235 4315 1408 4376; x_wconf 87' lang='lat' dir='ltr'><strong>facultatum</strong></span> <span class='ocrx_word' id='word_1_408' title='bbox 1431 4316 1460 4370; x_wconf 93' lang='lat' dir='ltr'><strong>in</strong></span> <span class='ocrx_word' id='word_1_409' title='bbox 1482 4313 1609 4389; x_wconf 89' lang='lat' dir='ltr'><strong>planatis</strong></span> <span class='ocrx_word' id='word_1_410' title='bbox 1631 4314 1766 4375; x_wconf 90' lang='lat' dir='ltr'><strong>celebra-</strong></span> 
     </span>
     <span class='ocr_line' id='line_1_43' title="bbox 412 4400 1766 4480; baseline 0.001 -21"><span class='ocrx_word' id='word_1_411' title='bbox 412 4408 507 4459; x_wconf 88' lang='lat' dir='ltr'><strong>tarum</strong></span> <span class='ocrx_word' id='word_1_412' title='bbox 531 4402 763 4476; x_wconf 86' lang='lat' dir='ltr'><strong>comparationes</strong></span> <span class='ocrx_word' id='word_1_413' title='bbox 786 4400 943 4461; x_wconf 87' lang='lat' dir='ltr'><strong>nonnullas</strong></span> <span class='ocrx_word' id='word_1_414' title='bbox 966 4421 1024 4463; x_wconf 92' lang='lat' dir='ltr'><strong>non</strong></span> <span class='ocrx_word' id='word_1_415' title='bbox 1041 4405 1147 4480; x_wconf 91' lang='lat' dir='ltr'><strong>inepta.</strong></span> <span class='ocrx_word' id='word_1_416' title='bbox 1191 4403 1330 4475; x_wconf 90' lang='lat' dir='ltr'><strong>Primum,</strong></span> <span class='ocrx_word' id='word_1_417' title='bbox 1354 4400 1601 4478; x_wconf 88' lang='lat' dir='ltr'><strong>quemadmodum</strong></span> <span class='ocrx_word' id='word_1_418' title='bbox 1625 4404 1699 4462; x_wconf 89' lang='lat' dir='ltr'><strong>iuter</strong></span> <span class='ocrx_word' id='word_1_419' title='bbox 1720 4407 1766 4461; x_wconf 89' lang='lat' dir='ltr'><strong>si-</strong></span> 
     </span>
     <span class='ocr_line' id='line_1_44' title="bbox 412 4485 1765 4566; baseline 0.004 -22"><span class='ocrx_word' id='word_1_420' title='bbox 412 4485 483 4547; x_wconf 86' lang='lat' dir='ltr'><strong>dera</strong></span> <span class='ocrx_word' id='word_1_421' title='bbox 506 4485 568 4546; x_wconf 86' lang='lat' dir='ltr'><strong>Soli</strong></span> <span class='ocrx_word' id='word_1_422' title='bbox 592 4486 688 4560; x_wconf 89' lang='lat' dir='ltr'><strong>calor,</strong></span> <span class='ocrx_word' id='word_1_423' title='bbox 713 4487 814 4548; x_wconf 78' lang='lat' dir='ltr'><strong>Lunae</strong></span> <span class='ocrx_word' id='word_1_424' title='bbox 837 4487 955 4562; x_wconf 84' lang='lat' dir='ltr'><strong>humor,</strong></span> <span class='ocrx_word' id='word_1_425' title='bbox 979 4490 1102 4565; x_wconf 89' lang='lat' dir='ltr'><strong>singulis</strong></span> <span class='ocrx_word' id='word_1_426' title='bbox 1126 4488 1281 4549; x_wconf 90' lang='lat' dir='ltr'><strong>facultates</strong></span> <span class='ocrx_word' id='word_1_427' title='bbox 1304 4488 1439 4564; x_wconf 87' lang='lat' dir='ltr'><strong>singulae</strong></span> <span class='ocrx_word' id='word_1_428' title='bbox 1462 4489 1628 4547; x_wconf 89' lang='lat' dir='ltr'><strong>tribuuntur</strong></span> <span class='ocrx_word' id='word_1_429' title='bbox 1652 4505 1765 4566; x_wconf 83' lang='lat' dir='ltr'><strong>eaeque</strong></span> 
     </span>
     <span class='ocr_line' id='line_1_45' title="bbox 410 4575 1764 4654; baseline 0.003 -22"><span class='ocrx_word' id='word_1_430' title='bbox 410 4578 485 4635; x_wconf 90' lang='lat' dir='ltr'><strong>inter</strong></span> <span class='ocrx_word' id='word_1_431' title='bbox 507 4590 540 4633; x_wconf 91' lang='grc' dir='ltr'><strong>ιι</strong></span> <span class='ocrx_word' id='word_1_432' title='bbox 563 4576 606 4634; x_wconf 88' lang='grc' dir='ltr'><strong>ιιι</strong></span> <span class='ocrx_word' id='word_1_433' title='bbox 629 4578 792 4652; x_wconf 89' lang='lat' dir='ltr'><strong>oppositae,</strong></span> <span class='ocrx_word' id='word_1_434' title='bbox 818 4583 849 4635; x_wconf 91' lang='lat' dir='ltr'><strong>ut</strong></span> <span class='ocrx_word' id='word_1_435' title='bbox 872 4593 964 4653; x_wconf 90' lang='lat' dir='ltr'><strong>agens</strong></span> <span class='ocrx_word' id='word_1_436' title='bbox 988 4579 1145 4654; x_wconf 87' lang='lat' dir='ltr'><strong>opponitur</strong></span> <span class='ocrx_word' id='word_1_437' title='bbox 1167 4580 1290 4652; x_wconf 90' lang='lat' dir='ltr'><strong>patienti</strong></span> <span class='ocrx_word' id='word_1_438' title='bbox 1322 4575 1418 4650; x_wconf 85' lang='lat' dir='ltr'><strong>(calor</strong></span> <span class='ocrx_word' id='word_1_439' title='bbox 1448 4577 1524 4634; x_wconf 89' lang='lat' dir='ltr'><strong>enim</strong></span> <span class='ocrx_word' id='word_1_440' title='bbox 1549 4576 1682 4653; x_wconf 84' lang='lat' dir='ltr'><strong>depascit</strong></span> <span class='ocrx_word' id='word_1_441' title='bbox 1705 4577 1764 4636; x_wconf 90' lang='lat' dir='ltr'><strong>hu·</strong></span> 
     </span>
     <span class='ocr_line' id='line_1_46' title="bbox 410 4661 1764 4742; baseline 0.001 -21"><span class='ocrx_word' id='word_1_442' title='bbox 410 4661 529 4733; x_wconf 84' lang='lat' dir='ltr'><strong>midam,</strong></span> <span class='ocrx_word' id='word_1_443' title='bbox 553 4662 659 4721; x_wconf 89' lang='lat' dir='ltr'><strong>humor</strong></span> <span class='ocrx_word' id='word_1_444' title='bbox 682 4679 750 4722; x_wconf 83' lang='lat' dir='ltr'><strong>vero</strong></span> <span class='ocrx_word' id='word_1_445' title='bbox 764 4665 855 4723; x_wconf 88' lang='lat' dir='ltr'><strong>nutrit</strong></span> <span class='ocrx_word' id='word_1_446' title='bbox 878 4662 1027 4742; x_wconf 90' lang='lat' dir='ltr'><strong>calorem),</strong></span> <span class='ocrx_word' id='word_1_447' title='bbox 1050 4663 1177 4724; x_wconf 84' lang='lat' dir='ltr'><strong>Saturno</strong></span> <span class='ocrx_word' id='word_1_448' title='bbox 1200 4664 1370 4724; x_wconf 63' lang='lat' dir='ltr'><strong>aerorduae</strong></span> <span class='ocrx_word' id='word_1_449' title='bbox 1392 4661 1479 4721; x_wconf 89' lang='lat' dir='ltr'><strong>simul</strong></span> <span class='ocrx_word' id='word_1_450' title='bbox 1501 4663 1655 4723; x_wconf 87' lang='lat' dir='ltr'><strong>facultates</strong></span> <span class='ocrx_word' id='word_1_451' title='bbox 1678 4664 1764 4724; x_wconf 88' lang='lat' dir='ltr'><strong>dictis</strong></span> 
     </span>
     <span class='ocr_line' id='line_1_47' title="bbox 410 4747 1763 4828; baseline 0.002 -20"><span class='ocrx_word' id='word_1_452' title='bbox 410 4750 573 4809; x_wconf 80' lang='grc' dir='ltr'>ιιιιιιιιιι</span> <span class='ocrx_word' id='word_1_453' title='bbox 595 4752 691 4809; x_wconf 86' lang='grc' dir='ltr'>ιιιιιι</span> <span class='ocrx_word' id='word_1_454' title='bbox 713 4748 978 4828; x_wconf 89' lang='lat' dir='ltr'><strong>deprehenduntur,</strong></span> <span class='ocrx_word' id='word_1_455' title='bbox 1002 4750 1093 4810; x_wconf 89' lang='lat' dir='ltr'><strong>calori</strong></span> <span class='ocrx_word' id='word_1_456' title='bbox 1116 4751 1233 4826; x_wconf 89' lang='lat' dir='ltr'><strong>quidem</strong></span> <span class='ocrx_word' id='word_1_457' title='bbox 1255 4752 1363 4825; x_wconf 87' lang='lat' dir='ltr'><strong>frigus,</strong></span> <span class='ocrx_word' id='word_1_458' title='bbox 1387 4747 1508 4808; x_wconf 87' lang='lat' dir='ltr'><strong>humido</strong></span> <span class='ocrx_word' id='word_1_459' title='bbox 1532 4768 1601 4812; x_wconf 82' lang='lat' dir='ltr'><strong>aero</strong></span> <span class='ocrx_word' id='word_1_460' title='bbox 1624 4754 1763 4812; x_wconf 81' lang='lat' dir='ltr'><strong>siccitas:</strong></span> 
     </span>
     <span class='ocr_line' id='line_1_48' title="bbox 410 4835 1764 4920; baseline 0 -19"><span class='ocrx_word' id='word_1_461' title='bbox 410 4837 454 4901; x_wconf 84' lang='lat' dir='ltr'><strong>aie</strong></span> <span class='ocrx_word' id='word_1_462' title='bbox 475 4838 564 4898; x_wconf 83' lang='lat' dir='ltr'><strong>attam</strong></span> <span class='ocrx_word' id='word_1_463' title='bbox 586 4838 662 4899; x_wconf 87' lang='lat' dir='ltr'><strong>inter</strong></span> <span class='ocrx_word' id='word_1_464' title='bbox 683 4846 783 4899; x_wconf 85' lang='lat' dir='ltr'><strong>mesen</strong></span> <span class='ocrx_word' id='word_1_465' title='bbox 806 4836 924 4920; x_wconf 87' lang='lat' dir='ltr'><strong>quidam</strong></span> <span class='ocrx_word' id='word_1_466' title='bbox 947 4835 1010 4900; x_wconf 81' lang='lat' dir='ltr'><strong>Soli</strong></span> <span class='ocrx_word' id='word_1_467' title='bbox 1032 4847 1063 4901; x_wconf 90' lang='grc' dir='ltr'><strong>ιι</strong></span> <span class='ocrx_word' id='word_1_468' title='bbox 1084 4845 1172 4900; x_wconf 86' lang='lat' dir='ltr'><strong>natan</strong></span> <span class='ocrx_word' id='word_1_469' title='bbox 1194 4836 1414 4919; x_wconf 84' lang='lat' dir='ltr'><strong>hyperbolaeon</strong></span> <span class='ocrx_word' id='word_1_470' title='bbox 1429 4836 1533 4901; x_wconf 84' lang='lat' dir='ltr'><strong>Lunae</strong></span> <span class='ocrx_word' id='word_1_471' title='bbox 1554 4840 1695 4901; x_wconf 78' lang='lat' dir='ltr'><strong>annuum</strong></span> <span class='ocrx_word' id='word_1_472' title='bbox 1718 4849 1764 4901; x_wconf 86' lang='lat' dir='ltr'><strong>est</strong></span> 
     </span>
    </p>
   </div>
   <div class='ocr_carea' id='block_1_9' title="bbox 0 0 1946 5862">
    <p class='ocr_par' dir='ltr' id='par_1_10' title="bbox 0 0 1946 5862">
     <span class='ocr_line' id='line_1_49' title="bbox 0 0 1946 5862; baseline 0 1"><span class='ocrx_word' id='word_1_473' title='bbox 0 0 1946 5862; x_wconf 95' lang='lat' dir='ltr'><strong> </strong></span> 
     </span>
    </p>
   </div>
  </div>
 </body>
</html>
