3940 5856
402 385 465 446 ddi
914 379 1066 437 Ptolemuei
1082 379 1238 437 Harmonia

400 555 552 628 sonantius)
570 570 644 627 esse,
670 559 699 611 et
715 557 861 613 coelestem
879 558 1010 626 mimum,
1036 572 1091 625 qua
1108 557 1243 613 animatur
1260 555 1434 627 universitas,
1453 556 1583 626 originem
1601 572 1636 613 ex
1653 555 1757 613 musica

398 638 536 694 sumsisse.

486 718 530 774 lta
549 720 631 773 etiam
649 718 759 773 Timaeo
777 717 934 772 harmoniae
952 726 980 772 et
997 718 1086 772 anima
1105 717 1198 771 mundi
1216 730 1250 769 ex
1269 716 1364 770 eadem
1377 730 1551 772 numerorum
1563 715 1666 784 origiue
1685 724 1755 772 sunt

399 798 441 853 De
465 798 560 854 animis
583 815 646 853 vero
665 797 763 852 ceteris
782 797 909 852 Timaeus
932 798 984 852 iste
1003 813 1057 851 non
1076 796 1165 851 minus
1184 811 1245 849 cnm
1264 795 1391 850 Hermete
1416 795 1523 850 ridetur
1540 796 1656 864 sentire,
1682 794 1756 863 quod

399 884 547 932 creatorem
565 877 652 931 Deum
670 875 833 945 introduxit,
860 876 982 933 infinitos
1001 877 1151 932 animarum
1169 874 1317 941 exercitus,
1340 890 1374 930 ex
1392 875 1441 930 illa
1459 891 1632 931 numerorum
1649 875 1755 930 harmo-

398 955 521 1010 nicorum
538 970 628 1011 massa
645 953 747 1022 factos,
772 954 978 1011 distribuentem
996 956 1067 1009 inter
1085 954 1210 1023 planetas
1236 963 1264 1009 et
1281 953 1376 1010 stelles
1393 956 1477 1029 fixas,
1500 955 1619 1011 velutin
1638 952 1755 1025 quodam

396 1033 592 1102 reconditorio,
621 1034 693 1089 unde
710 1032 773 1086 illae
801 1032 858 1088 suis
877 1032 1001 1104 singulae
1020 1033 1189 1102 temporibus
1207 1032 1235 1087 in
1254 1049 1369 1102 corpora
1388 1036 1564 1091 animantium
1583 1036 1754 1091 demitteren-

398 1123 449 1170 tur.
487 1117 541 1170 Cur
557 1115 598 1168 ita
616 1128 749 1180 censeam,
767 1112 836 1166 haec
854 1129 917 1168 cum
934 1113 1096 1168 Hermeticis
1115 1114 1269 1181 convenire,
1288 1127 1371 1169 causa
1389 1122 1439 1182 est,
1457 1115 1609 1183 quodcum
1627 1114 1755 1184 planetae

398 1200 503 1263 septem
521 1193 738 1263 celebrarentur,
764 1193 880 1247 lixarum
899 1193 1016 1262 sphaera
1034 1198 1144 1251 octava,
1166 1190 1294 1245 Timaeus
1316 1192 1399 1260 igitur
1424 1193 1592 1247 octonarium
1612 1191 1754 1259 quendam,

397 1287 452 1327 non
470 1273 647 1342 abstractum,
666 1272 715 1328 sed
733 1278 891 1327 concretum
908 1272 1033 1342 sphaeris
1055 1271 1198 1326 mundanis
1218 1268 1342 1339 designat
1354 1271 1504 1324 animarum
1515 1270 1678 1325 habitaculis
1691 1276 1755 1324 aute

397 1352 595 1406 immersionem
614 1367 706 1407 earum
723 1352 751 1404 in
771 1364 901 1419 corporu3
918 1352 975 1419 jam
993 1367 1057 1405 vero
1077 1357 1105 1404 et
1122 1348 1258 1402 Hermetis
1277 1346 1427 1416 haemulus
1445 1347 1602 1417 profitetur,
1620 1362 1650 1401 se
1667 1348 1755 1416 prius·

402 1444 482 1497 quam
509 1437 670 1485 nasceretur
695 1430 779 1486 fuisse
807 1435 834 1487 in
861 1430 1008 1484 octonario.
1045 1428 1203 1483 Macrobius
1229 1427 1352 1495 quidem,
1380 1428 1519 1496 explicans
1537 1427 1604 1482 illud
1623 1426 1755 1496 Scipionis

399 1509 567 1564 ciceroniani
593 1510 673 1565 »hinc
697 1512 828 1581 proiecti,
854 1510 910 1564 huc
933 1513 1138 1575 revertuntur«,
1165 1506 1235 1560 haec
1260 1505 1350 1560 omnia
1374 1506 1473 1561 clarius
1503 1514 1531 1561 et
1554 1506 1643 1561 fusius
1669 1504 1755 1574 expli·

397 1595 450 1642 cat.
484 1588 524 1642 Et
545 1589 639 1643 mnudi
663 1590 772 1658 quidem
797 1592 914 1648 animam
936 1588 1040 1644 iontem
1064 1585 1186 1656 appellat
1211 1584 1361 1639 animarum
1386 1591 1413 1638 et
1438 1585 1574 1654 quomodo
1600 1585 1636 1638 sit
1658 1582 1754 1636 animis

372 1667 582 1723 'habitaculum
604 1670 631 1722 in
650 1670 694 1724 via
712 1670 813 1740 lactea,
836 1677 982 1737 antequam
1008 1666 1035 1720 in
1060 1681 1177 1734 corpora
1201 1662 1271 1719 velle
1294 1663 1394 1718 reverti
1412 1664 1558 1734 incipiant,
1582 1664 1702 1732 explicat
1719 1677 1754 1716 ex

397 1746 565 1816 Pythagora,
580 1756 611 1802 et
628 1764 699 1816 quac
717 1750 802 1805 series
822 1749 858 1803 sit
879 1747 1030 1801 descensus
1049 1759 1142 1801 earnm
1160 1758 1210 1812 per
1229 1740 1317 1809 signa,
1335 1740 1412 1795 initio
1429 1741 1503 1797 iacto
1521 1758 1539 1798 a
1556 1743 1674 1811 Cancro,
1693 1756 1754 1811 per·

398 1838 450 1891 que
475 1825 607 1892 sphaeras
632 1841 738 1896 omnes,
764 1835 792 1882 et
815 1823 951 1896 quomodo
974 1839 1024 1892 per
1046 1838 1172 1877 numeros
1196 1818 1369 1875 harmonicos
1390 1821 1507 1897 innexae
1525 1822 1699 1889 corporibus,
1721 1822 1755 1876 iis

397 1903 517 1957 numeris
540 1904 699 1962 disturbatis
725 1909 864 1962 solventur
887 1903 1038 1970 eodemque
1055 1902 1180 1969 redeant,
1203 1899 1275 1953 unde
1298 1898 1438 1967 proiectae
1456 1906 1528 1955 suut.
1564 1900 1641 1954 Idem
1663 1907 1756 1954 tamen

396 1979 533 2037 Hermetis
551 1995 606 2037 nou
624 1985 752 2053 meminit,
772 2002 833 2041 cum
851 1982 952 2038 Plotini
971 1989 998 2036 ct
1016 1981 1143 2037 Numenii
1160 1988 1189 2034 ct
1204 1979 1348 2048 Porphyrii
1367 1987 1574 2048 ceterorumque
1592 1978 1755 2044 meminerim

397 2057 525 2116 videntur
542 2061 624 2129 igitur
641 2064 782 2119 coaetanei
800 2064 894 2119 inisse.
930 2063 991 2130 Ego
1004 2062 1056 2116 nisi
1067 2068 1163 2116 auctor
1181 2075 1270 2116 essem
1287 2059 1347 2129 ipse
1360 2060 1457 2128 capitis
1470 2061 1512 2126 to,
1532 2059 1605 2128 quod
1618 2060 1754 2130 epilogum

396 2137 462 2195 iacit
479 2140 541 2195 libri
559 2143 612 2196 mei
629 2143 662 2198 V.
681 2145 915 2209 Harmonicorum,
935 2150 963 2194 et
979 2140 1033 2193 nisi
1051 2155 1094 2194 me
1113 2140 1189 2208 prius
1202 2137 1270 2194 illud
1282 2137 1424 2206 scripsisse
1434 2138 1537 2207 liquido
1551 2138 1656 2207 scirem,
1674 2156 1756 2208 quam

396 2217 476 2273 istam
494 2218 720 2290 philosophorum
737 2222 808 2277 inter
827 2238 856 2276 se
875 2217 1049 2275 collationem
1066 2217 1245 2283 instituerem,
1261 2217 1399 2286 jurasaim,
1418 2218 1457 2275 ibi
1469 2217 1567 2285 corrigi
1584 2217 1655 2271 hauc
1668 2216 1754 2285 philo·

396 2297 520 2366 sophiam
545 2300 703 2370 animasque
726 2298 781 2356 nori
799 2298 1014 2356 disseminandas
1039 2300 1110 2352 iuter
1133 2297 1259 2366 planetas
1282 2302 1310 2350 et
1328 2296 1422 2353 stellas
1444 2298 1526 2365 fixas,
1549 2295 1599 2352 sed
1618 2298 1754 2364 cogendas

396 2376 424 2430 in
442 2375 527 2431 fixum
545 2380 572 2432 in
591 2380 693 2447 gremio
706 2381 804 2436 mundi
823 2380 893 2436 Solis
913 2377 1037 2446 globum,
1061 2375 1223 2445 interimque
1242 2375 1305 2430 dum
1324 2384 1504 2446 corporentur
1521 2375 1672 2447 pascendas
1691 2375 1754 2431 har·

396 2454 493 2508 moniis
510 2463 640 2527 motuum,
665 2474 699 2512 ex
724 2459 841 2528 planetis
867 2457 990 2513 omnibus
1014 2456 1042 2511 in
1061 2456 1151 2511 Solem
1174 2454 1358 2523 illabentium,
1386 2457 1492 2511 occulte
1515 2453 1654 2513 insinuari.
1692 2454 1754 2513 Huc

397 2533 468 2586 enim
486 2534 565 2589 valde
582 2537 764 2605 plausibiliter
781 2538 936 2593 traheretur
953 2536 1069 2606 hymnus
1087 2535 1134 2589 ille
1151 2535 1249 2599 Procli,
1270 2549 1304 2588 ex
1323 2534 1418 2590 eodem
1438 2551 1475 2591 sc.
1495 2553 1568 2606 penu
1586 2541 1754 2611 depromens,

398 2629 469 2673 eum
477 2612 633 2669 Platonicus
658 2623 686 2669 et
703 2616 901 2685 Pythagoricus
919 2615 1003 2671 inerit
1020 2614 1214 2683 philosophus,
1239 2613 1267 2666 in
1286 2629 1340 2682 quo
1359 2614 1471 2683 hymno,
1499 2626 1644 2688 postquam
1664 2618 1753 2674 Solem

328 2740 332 2747 ,
397 2691 577 2761 philosophus
596 2693 744 2749 salutasset
761 2711 854 2766 regem
871 2697 943 2768 iguis
961 2696 1087 2750 mortuiis
1105 2701 1132 2748 et
1151 2691 1289 2749 domiuum
1307 2695 1408 2762 deifici
1423 2695 1522 2764 scutis,
1542 2697 1683 2769 eidemque
1701 2698 1754 2753 cla·

398 2787 445 2826 ves
463 2770 499 2826 ad
516 2770 632 2827 mundos
650 2774 818 2843 materiales,
846 2774 918 2829 vitae
937 2792 974 2830 sc.
993 2775 1109 2843 indigos,
1128 2772 1304 2837 credidisset,
1331 2771 1423 2827 subdit
1442 2772 1515 2828 hunc
1537 2792 1657 2831 vorsum:
1680 2778 1755 2843 Tpo-

396 2852 585 2918 duodenorum
603 2851 673 2923 ῥυμα
685 2854 810 2909 devoror
827 2855 995 2924 ἐξοχιτιυωι,
1014 2853 1179 2922 intelligens,
1197 2852 1226 2905 ui
1240 2852 1336 2920 fallor,
1355 2853 1506 2908 animarum
1518 2855 1620 2910 rivulos
1633 2872 1681 2926 per
1693 2857 1755 2911 har·

398 2932 515 2986 moniam
540 2931 568 2985 in
592 2932 751 2987 sublimaria
774 2932 940 3001 defluentes,
967 2934 1001 2989 de
1024 2933 1122 3003 quibus
1141 2931 1286 3000 Virgilius,
1315 2947 1350 2986 ex
1375 2933 1470 2987 eadem
1493 2949 1530 2988 sc.
1549 2935 1645 2991 Italica
1666 2937 1753 3006 philo·

398 3009 507 3081 sophia,
526 3018 557 3065 ut
574 3010 737 3131 Aristoteles
755 3013 891 3082 appellat,

962 3132 1145 3146 .....
1181 3108 1257 3147 uacua
1274 3092 1363 3163 agitat
1380 3091 1477 3146 ιιιοιιιι

639 3170 711 3225 Inde
728 3172 869 3226 miluum
882 3172 1071 3243 pecudumque
1086 3172 1328 3243 peccantesque
1345 3171 1486 3225 ιιοῑιιιιιιι

639 3248 743 3318 Ipueua
761 3255 801 3304 est
818 3250 874 3305 illia
890 3251 969 3322 uigor
986 3256 1012 3305 et
1029 3251 1152 3305 coelectis
1170 3250 1248 3319 oripo

642 3325 807 3382 Seminibus.

484 3420 590 3475 Eodem
608 3421 709 3476 referet
726 3416 887 3492 Apollinem,
905 3423 1019 3492 cythara
1036 3421 1201 3478 mulcentem
1219 3423 1371 3478 saevientes
1389 3429 1593 3493 tempestuosae
1614 3428 1754 3494 geniturae

397 3497 509 3567 fluctum
526 3507 554 3555 et
566 3517 670 3570 paeana
683 3517 718 3557 ex
731 3501 825 3557 eodem
837 3502 942 3557 Titanis
956 3510 984 3557 et
995 3502 1099 3557 Phoebi
1112 3503 1248 3571 sodalitio,
1262 3503 1308 3572 qui
1320 3502 1421 3558 viribus
1439 3512 1467 3559 et
1478 3504 1593 3560 victoria
1603 3505 1753 3573 exsultans,

397 3579 510 3647 inspicat
526 3580 687 3636 harmonice
704 3587 812 3637 uastum
830 3582 972 3637 dulcedine
990 3583 1136 3651 muudum,
1156 3599 1235 3652 quae,
1255 3584 1377 3652 quemvis
1395 3585 1511 3652 poetica,
1532 3584 1646 3640 Procius
1664 3593 1756 3640 tamen

398 3656 577 3728 philosophus
601 3661 636 3716 ad
654 3660 795 3716 victoriam
812 3661 984 3715 animationis
1008 3661 1106 3729 trahit,
1133 3677 1189 3730 qua
1205 3662 1320 3731 factum,
1345 3670 1375 3716 ut
1399 3664 1551 3717 contumaci
1574 3665 1686 3718 materia
1704 3664 1755 3720 sub

394 3737 492 3808 jugum
509 3738 681 3795 informantis
698 3740 805 3795 animae
822 3740 917 3809 missa,
936 3751 1084 3797 concentus
1103 3742 1235 3797 existeret
1250 3741 1392 3797 suavitatis
1409 3741 1566 3807 ineffabilis,
1591 3759 1624 3797 ex
1644 3750 1756 3800 naturae

398 3818 503 3875 scilicet
519 3836 601 3874 cursu
618 3837 673 3879 nou
690 3819 829 3889 impedito.
867 3820 937 3876 Sunt
955 3828 1046 3876 autem
1064 3821 1155 3876 omnia
1171 3821 1333 3876 Hermetica
1369 3821 1438 3875 Nam
1451 3821 1623 3876 Poemander
1643 3824 1756 3879 eandem

399 3899 562 3953 suavitatem
579 3899 797 3967 repraesentavit
813 3898 930 3966 imagmc
949 3898 1038 3954 coitus
1057 3900 1156 3955 meritis
1175 3917 1236 3956 cum
1248 3908 1355 3955 nutura.
1391 3900 1457 3955 Fuit
1476 3908 1504 3954 et
1517 3902 1672 3959 Aristotelis
1691 3913 1758 3961 tem·

398 3992 465 4045 pore
482 3985 559 4031 secta
576 3977 818 4048 philosophorum,
843 3974 914 4046 quae
933 3977 1050 4032 ιιιιιιιιιιι
1069 3978 1137 4033 dixit
1154 3994 1215 4034 esse
1234 3980 1409 4049 harmoniam,
1436 3980 1567 4037 definiens
1590 3981 1756 4040 harmoniam

401 4057 678 4125 contemperationem
697 4064 725 4111 et
743 4058 968 4126 compositionem
987 4056 1199 4125 contrariorum,
1218 4065 1250 4112 ut
1268 4066 1311 4113 est
1328 4058 1398 4114 libro
1416 4060 1437 4114 l.
1457 4059 1490 4113 de
1508 4060 1613 4116 Anima.

471 4133 562 4190 ·Haec
585 4134 669 4202 igitur
694 4136 877 4205 Pythagorica
900 4133 1077 4205 philosophia
1101 4135 1135 4189 de
1160 4138 1250 4191 anima
1273 4154 1335 4192 cum
1357 4154 1412 4192 non
1438 4137 1577 4194 videretur
1599 4139 1757 4197 Ptolemaeo

398 4211 527 4282 causalis,
555 4212 705 4268 absurdum
727 4213 780 4268 hoc
798 4213 916 4281 hahens,
944 4213 1017 4281 quod
1040 4213 1145 4267 numeri
1167 4215 1350 4271 abstracti-et
1376 4215 1534 4271 harmoniae
1560 4217 1759 4287 subjicerentur

400 4293 507 4347 animm
524 4309 575 4362 pro
594 4293 725 4360 essentia,
744 4309 805 4347 cum
823 4300 916 4348 tamen
934 4292 1076 4346 harmonia
1093 4292 1130 4347 sit
1146 4293 1208 4363 ipsa
1225 4295 1339 4351 aliorum
1357 4288 1521 4364 alibuorum,
1546 4304 1614 4365 puta
1632 4300 1758 4354 termino·

398 4388 459 4427 rum
476 4366 630 4442 quantitate
654 4371 849 4440 inaequalium,
881 4386 974 4424 eorum
993 4386 1029 4425 sc.
1049 4370 1120 4425 inter
1137 4387 1166 4425 ee
1184 4374 1394 4442 compositorum
1418 4373 1514 4429 relatio
1541 4391 1590 4431 seu
1609 4378 1758 4448 proportio,

398 4450 489 4505 amma
515 4466 579 4505 sero
602 4466 691 4520 neque
712 4450 774 4518 ipsa
802 4449 978 4505 terminorum
1003 4447 1208 4541 (elementorum
1232 4454 1370 4522 corporis)
1395 4454 1554 4521 compositio
1577 4457 1665 4524 possit
1689 4472 1758 4532 esse,

398 4543 487 4597 neque
504 4528 615 4583 illorum
632 4528 781 4598 proportio,
801 4527 1018 4593 essentialiter,
1009 4544 1130 4597 inquam,
1149 4530 1188 4586 sic
1206 4540 1238 4586 ut
1255 4531 1411 4586 differentes
1424 4546 1468 4585 res
1486 4532 1541 4588 sint
1560 4534 1652 4589 etab'
1643 4536 1758 4591 mricem

399 4607 545 4675 discretae,
567 4608 632 4664 hinc
649 4607 756 4663 termini
775 4607 934 4698 comparati,
951 4604 1015 4661 iude
1033 4605 1131 4662 anima.
1167 4609 1340 4665 Ptolemaeus
1359 4611 1443 4678 igitur
1468 4611 1623 4670 harmonias
1642 4631 1692 4683 per
1709 4632 1758 4671 nu.

401 4703 490 4743 meros
510 4688 620 4755 quidem
639 4694 667 4742 et
684 4688 744 4756 ipsc
763 4687 870 4755 format,
889 4686 929 4740 sic
947 4702 1010 4739 vero
1029 4684 1159 4742 tornatas
1178 4703 1232 4742 non
1251 4688 1396 4743 essentiam
1414 4689 1482 4744 iacit
1499 4693 1617 4763 animae,
1636 4692 1686 4749 sed
1704 4693 1758 4749 sal·

404 4776 459 4823 tem
478 4765 680 4823 similitudinem
701 4774 728 4819 et
746 4762 966 4821 conformationis
984 4766 1104 4820 rationes
1124 4766 1249 4837 utrinque
1268 4776 1404 4838 cognatas

485 4843 556 4899 Mihi
574 4859 659 4900 cansa
676 4842 809 4900 vdentior
826 4851 869 4899 est
887 4841 1072 4913 distinguendi
1088 4844 1160 4902 iuter
1176 4846 1357 4903 harmonias
1350 4863 1424 4917 ipsas
1433 4863 1525 4909 rerum
1543 4849 1658 4907 sensiles
1676 4849 1758 4907 iuter·
