3872 5846
735 367 820 437 una
835 374 883 435 rr.
903 379 992 449 cese
1007 368 1068 434 ιιι.
1368 336 1371 349 '
1511 374 1574 442 nse

222 554 347 614 animae.
393 553 431 614 Ει
454 555 600 629 vicissim,
636 572 703 617 cunr
725 558 824 618 anima
854 558 884 616 in
914 561 1012 619 omnia
1043 555 1207 636 superficiei
1235 555 1365 631 corporis
1393 555 1440 615 sui
1467 559 1578 633 puncta

221 639 307 701 lineis
329 639 450 701 infinitis
473 652 559 702 exem
582 644 687 725 (instar
708 643 857 704 radiorum
879 645 972 720 Solis,
1002 647 1073 722 quia
1095 654 1125 704 et
1149 645 1216 720 ipsa
1236 642 1288 700 lux
1312 641 1458 718 quaedam
1481 649 1526 702 est
1548 647 1578 700 et

223 730 342 805 spiritus
364 728 455 806 vulgo
478 729 619 793 celebrati
642 730 778 791 videntur
798 730 871 791 nibil
893 732 974 792 aliud
997 750 1075 807 esse,
1109 749 1197 809 quam
1223 729 1254 787 hi
1282 728 1356 789 radii
1383 728 1526 790 rectilinei
1549 735 1579 788 et

223 816 279 875 bae
301 817 417 876 animae
439 812 584 898 speeies):
619 833 679 877 una
700 826 798 878 umen
821 818 885 879 sola
906 819 986 880 linea
1009 837 1045 879 ex
1068 818 1203 879 omnibus
1226 825 1289 891 est,
1321 834 1397 893 quae
1420 835 1457 878 ex
1479 823 1579 889 centro

223 905 253 963 in
277 902 349 962 illud
371 903 536 983 superficiei
557 913 698 983 puuctum
720 906 837 977 tendat,
870 907 949 984 quod
978 908 1079 967 feritur
1101 924 1120 966 a
1141 905 1280 982 planetae
1302 903 1354 964 illo
1376 906 1463 964 unico
1485 902 1580 982 radio,

224 992 274 1066 qui
299 1007 402 1051 versus
423 991 522 1052 sedem
546 994 661 1052 animae
684 992 785 1053 tendit.
830 993 980 1056 Ponamus
1002 997 1106 1071 igitur,
1138 995 1167 1052 in
1190 992 1247 1054 hoc
1277 992 1434 1053 consistere
1456 1007 1580 1070 percep·

224 1081 333 1137 tionem
356 1080 442 1137 unius
464 1078 601 1157 planetae
623 1079 787 1157 radiorum,
818 1081 938 1158 quando
969 1082 1059 1160 hujus
1080 1083 1214 1141 incursus
1236 1087 1266 1140 et
1288 1078 1367 1139 illius
1390 1095 1528 1140 occursus
1549 1080 1578 1136 in

224 1182 313 1225 unam
334 1163 441 1225 lineam
464 1162 572 1228 rectam
594 1171 802 1244 geometricam
825 1178 1005 1246 congruunt,
1029 1167 1163 1247 exemplo
1186 1168 1306 1228 visionis
1321 1166 1479 1239 simillimo,
1503 1182 1580 1242 quae

224 1254 255 1310 iu
276 1252 341 1314 solo
365 1242 504 1314 et'unico
526 1255 778 1333 perpendiculari,
802 1255 899 1317 medio
922 1259 1013 1318 totins
1036 1257 1113 1317 onuli
1135 1255 1235 1330 radio,
1259 1262 1305 1317 eet
1326 1254 1454 1331 perfecta
1477 1260 1507 1313 ct
1528 1269 1580 1313 ac·

226 1349 335 1403 curata
377 1339 527 1400 Ponamns
551 1350 580 1402 et
601 1343 665 1417 hoc,
700 1343 780 1419 quod
802 1346 832 1402 in
857 1344 1017 1422 Dioptriois
1038 1362 1121 1423 prop.
1144 1345 1195 1403 45.
1219 1350 1251 1402 ut
1273 1339 1420 1418 singulare
1443 1357 1582 1401 arcanum

225 1429 395 1488 sensionem
417 1431 547 1488 omnium
569 1429 860 1504 inculcari,·nullam
882 1431 944 1492 fleri
966 1435 1133 1493 sensionem
1155 1434 1199 1490 rei
1220 1438 1383 1504 enternne,⁴
1396 1430 1453 1488 nisi
1474 1433 1581 1505 quate-

226 1533 281 1575 nus
304 1533 340 1576 ea
363 1532 393 1576 re
415 1518 579 1576 sensorium
601 1519 824 1578 instrumentum
847 1519 1001 1580 afficiatur.
1047 1520 1155 1580 Anima
1179 1520 1257 1579 enim
1279 1534 1331 1593 per
1352 1516 1420 1576 illos
1443 1532 1582 1576 excursum

226 1605 388 1679 specierum
410 1605 455 1662 sui
478 1604 566 1663 fidam
589 1605 680 1665 babet
709 1608 844 1666 notitiam
867 1611 996 1667 omnium
1027 1607 1223 1667 membrorum
1246 1605 1374 1683 corporis
1395 1604 1441 1664 sui
1464 1619 1582 1664 eorum·

228 1706 293 1767 que,
317 1707 393 1766 qnae
417 1694 447 1749 iu
468 1690 586 1752 illorum
608 1710 788 1770 unoquoque
817 1711 896 1754 nore
925 1695 998 1755 fiunt
1021 1697 1127 1771 quovis
1157 1701 1296 1771 tempore.
1342 1690 1456 1769 Quibus
1478 1691 1583 1769 positis

227 1781 375 1853 sequitur,
398 1788 431 1837 ut
452 1780 478 1837 si
499 1778 552 1838 fiat
574 1797 592 1839 a
614 1780 736 1859 planeta
757 1779 825 1841 talis
847 1784 1000 1860 impressio
1023 1784 1052 1841 in
1075 1781 1197 1859 aliquod
1219 1788 1360 1860 punctum
1381 1781 1473 1854 aeris,
1506 1795 1582 1854 quoe

228 1882 286 1924 non
310 1864 411 1925 tendat
434 1882 535 1925 versus
558 1866 658 1927 sedem
679 1870 809 1943 animae,
840 1869 892 1929 sed
921 1878 1035 1948 praeter
1064 1870 1161 1946 illam,
1192 1868 1231 1929 ad
1260 1868 1356 1943 latus,
1384 1868 1490 1927 anime
1505 1863 1584 1923 illius

229 1952 346 2029 quidem
368 1955 470 2029 puncti
491 1954 534 2012 sic
556 1955 651 2015 effecti
674 1958 800 2033 speciem
822 1974 874 2035 per
895 1973 967 2017 suae
996 1960 1104 2035 speciei
1132 1973 1281 2018 recursum
1303 1955 1446 2031 excipiat,
1477 1951 1529 2014 sed
1552 1958 1586 2011 ut

231 2056 292 2099 rem
312 2039 397 2101 nihili
419 2040 596 2119 vilipendatr
625 2044 670 2101 siu
692 2052 792 2102 autem
814 2045 843 2101 in
867 2042 987 2121 aliquod
1008 2044 1172 2122 superficiei
1195 2046 1270 2104 aliris
1293 2048 1432 2121 punctum
1454 2041 1507 2102 fiat
1528 2040 1585 2099 im·

231 2130 343 2204 pressio
366 2127 443 2203 telis,
466 2145 542 2204 quae
565 2128 665 2190 tendat
689 2147 790 2190 rusus
813 2133 928 2193 animae
944 2131 1054 2206 sedem,
1077 2135 1167 2193 etiam
1188 2130 1246 2192 boc
1267 2136 1407 2209 punctum
1430 2130 1472 2190 sic
1494 2127 1585 2188 affec·

233 2223 296 2275 tum
318 2217 433 2275 animae
456 2216 609 2277 nunciatur
631 2223 661 2277 et
682 2217 756 2277 haec
777 2221 877 2279 sensio
903 2226 937 2278 ut
965 2220 1003 2279 ad
1025 2221 1153 2281 animam
1178 2221 1325 2296 pertinens
1348 2216 1533 2290 aestimetur,
1565 2233 1585 2275 a

233 2303 337 2363 ceteris
360 2300 569 2379 distinguatur,
599 2320 694 2380 eoque
716 2306 745 2363 in
768 2304 820 2365 iilo
843 2306 907 2367 solo
930 2314 1038 2384 puncto
1061 2310 1161 2367 anima
1182 2306 1298 2366 stellam
1320 2304 1384 2365 sibi.
1399 2305 1583 2380 imaginetur,

234 2392 263 2447 in
287 2392 391 2450 ceteris
408 2390 472 2468 jam
494 2390 579 2451 dictis
601 2384 728 2452 minime.
765 2394 909 2454 dotantur
930 2411 959 2453 n.
983 2402 1013 2455 et
1035 2394 1127 2455 veluti
1149 2394 1328 2453 illumiuatm
1349 2391 1448 2452 radius
1470 2392 1586 2451 animae

234 2475 358 2537 aredio
380 2474 493 2553 s'tellae,
516 2479 546 2536 in
569 2479 692 2539 eandem
714 2488 824 2541 rectam
846 2490 1034 2562 congruente,
1055 2485 1142 2542 sicuti
1163 2489 1298 2543 actuetur
1319 2479 1399 2541 color
1420 2496 1515 2539 rerum
1538 2479 1587 2538 ri·

235 2564 368 2624 sibilium
389 2582 408 2625 a
429 2563 505 2626 lucis
526 2566 665 2640 adventu,
690 2575 720 2627 et
740 2570 818 2629 sieut
839 2577 974 2630 emuattu
995 2572 1089 2645 uuio,
1113 2587 1179 2630 eum
1200 2586 1255 2629 nos
1277 2567 1443 2645 colligimus
1466 2573 1496 2626 et
1517 2580 1586 2642 per-

235 2651 391 2729 pendimus
421 2669 476 2712 nos
498 2652 607 2714 videre.
653 2653 719 2713 Hoc
741 2672 807 2716 cum
829 2658 873 2717 sic
894 2657 1005 2718 babeat
1026 2674 1085 2718 uon
1107 2660 1137 2715 in
1160 2673 1220 2718 uno
1242 2664 1375 2730 mutum,
1410 2652 1463 2714 sed
1494 2660 1524 2713 et
1556 2653 1587 2710 in

236 2739 352 2800 duobus
373 2739 510 2816 planetis,
533 2740 594 2801 duo
617 2743 706 2802 etiam
727 2745 812 2819 signa
833 2746 962 2805 inveniet
984 2747 1083 2805 anima
1106 2745 1135 2803 in
1159 2744 1275 2805 duabus
1297 2743 1429 2821 partibus
1452 2741 1499 2799 sui
1521 2755 1587 2799 cor·

236 2829 337 2904 peris,
360 2829 424 2887 sire
442 2828 507 2902 jam
529 2828 685 2891 rotundum
708 2832 747 2889 sit
769 2831 833 2906 ejus
856 2847 970 2908 eorpus,
994 2834 1057 2893 sire
1080 2831 1236 2908 inaequale
1259 2837 1289 2891 et
1310 2844 1466 2906 asperum,
1489 2827 1588 2886 anima

236 2913 310 2973 illud
332 2916 363 2972 in
386 2915 529 2991 sphaerae
552 2916 672 2976 modum
700 2916 757 2978 sibi
778 2921 808 2976 iu
831 2935 890 2978 uno
920 2925 1029 2996 puncto
1052 2919 1164 2979 sedenti
1187 2918 1403 2994 circumiectum
1427 2913 1517 2975 habet
1537 2929 1588 2972 ra·

239 3000 353 3077 diisque
384 3018 437 3061 seu
464 3004 619 3079 speciebus
646 3007 692 3065 sui
720 3006 935 3081 immateriatis,
967 3014 1020 3066 aut
1041 3014 1074 3066 ιιι
1104 3006 1165 3080 ulii,
1196 3007 1310 3067 actibus
1339 3002 1475 3065 secundis
1498 3000 1535 3059 de
1555 3014 1588 3059 so

239 3091 346 3148 circum
374 3091 488 3149 emissis
522 3093 651 3167 exspirat
679 3091 771 3152 veluti
797 3092 957 3171 perlectum
986 3093 1189 3170 sphaericum,
1220 3109 1374 3169 quousque
1388 3106 1494 3166 eorpus
1524 3085 1589 3162 ejus

239 3183 332 3255 patet,
354 3192 448 3253 eoque
471 3176 544 3235 illud
567 3177 604 3239 ad
621 3178 716 3238 ideam
738 3178 838 3240 circuli
853 3181 1016 3257 etquidem
1031 3182 1145 3244 zodiaci
1160 3180 1268 3257 circuli,
1292 3182 1369 3240 circa
1383 3195 1467 3238 suam
1490 3172 1589 3235 eedem

240 3270 272 3322 ιιι
294 3272 424 3323 ιιιιιιιιιιι
447 3263 592 3342 descripti,
617 3264 764 3327 examinat
786 3277 815 3327 et
834 3276 933 3345 partes
956 3269 1020 3348 ejus
1042 3270 1240 3331 interstinctus
1263 3267 1422 3328 dimetitur.
1467 3263 1515 3323 lta
1535 3278 1589 3321 ue·

241 3367 297 3426 qne
319 3350 440 3411 Terram
462 3369 537 3429 opus
559 3360 604 3413 est
625 3354 784 3414 concedere
805 3355 983 3431 pellucidam
1006 3374 1099 3435 usqne
1122 3356 1160 3417 ad
1182 3364 1321 3433 centrum,
1343 3370 1439 3430 neque
1462 3352 1589 3410 animam

184 3476 189 3483 -
242 3439 319 3497 exire
341 3455 434 3515 usque
456 3439 495 3499 ad
517 3441 630 3517 sidera,
652 3441 745 3502 nihilo
767 3450 865 3504 tamen
887 3446 984 3505 minus
1005 3445 1111 3505 modus
1133 3452 1305 3524 patetque
1328 3440 1590 3518 configuratiouum

242 3523 342 3602 anguli
363 3529 525 3587 sentiantur
546 3529 584 3587 ab
607 3531 714 3590 anima.
1438 3604 1444 3615 Ι

327 3611 392 3672 Han
414 3614 532 3690 quidem
554 3620 756 3693 suppositione
779 3616 980 3678 dissolvuntur
1002 3621 1100 3679 omnia
1122 3627 1304 3695 argumenta,
1327 3636 1404 3696 quae
1419 3617 1508 3678 Picus
1530 3614 1590 3674 Mi-

241 3697 420 3760 randulenus
442 3701 481 3761 ed
502 3704 689 3764 evadendam
712 3704 872 3767 doctrinam
896 3707 931 3767 de
954 3708 1209 3784 conjunctionibus
1231 3709 1345 3785 mugnis
1369 3706 1463 3782 deque
1485 3720 1591 3781 aspec-

243 3788 321 3846 tibus
343 3789 450 3849 attulit.
473 3789 548 3849 Nem
571 3794 641 3867 quia
663 3795 760 3852 anima
782 3796 881 3854 omnia
894 3793 995 3854 mundi
1012 3810 1135 3881 corpora
1156 3797 1234 3855 circe
1255 3811 1328 3855 suae
1349 3791 1429 3853 sadis
1451 3799 1591 3870 punctum

244 3872 371 3951 disponit
393 3871 614 3960 (imaginando)
636 3880 668 3937 iu
689 3880 811 3941 sormam
832 3881 996 3963 sphaerici,
1028 3898 1129 3942 omnes
1152 3881 1285 3960 planetes
1312 3884 1342 3941 in
1365 3882 1461 3950 forma
1481 3876 1590 3952 circuli,

188 3970 191 3977 '
243 3959 330 4038 idque
352 3962 418 4039 lege
440 3972 592 4041 rectarum,
621 3983 657 4026 ex
680 3984 739 4027 uno
760 3977 869 4045 puncto
895 3969 1073 4044 educturum,
1103 3969 1177 4053 nibil
1204 3970 1293 4046 igitur
1319 3971 1454 4042 interest,
1485 3981 1593 4042 magua

243 4047 330 4110 stella
350 4052 389 4110 sit
410 4068 448 4110 an
470 4048 724 4129 parqa‚'multum
745 4073 783 4114 au
806 4074 908 4133 pamm
930 4059 1040 4118 itineris
1062 4059 1092 4116 in
1116 4055 1198 4117 coelo
1221 4056 1381 4136 conficiat,*
1400 4054 1462 4114 alta
1484 4071 1523 4113 au
1545 4054 1593 4112 ri·

244 4137 311 4196 eina
331 4137 429 4197 Terris
450 4141 497 4199 sit.
541 4140 624 4201 Haec
646 4143 724 4201 euim
746 4145 844 4203 omnia
866 4146 909 4204 sic
930 4153 1051 4206 merent
1066 4146 1203 4220 animam,
1226 4146 1270 4204 uti
1291 4145 1502 4221 percipiuntur;
1524 4156 1594 4219 per·

245 4226 390 4302 cipiantur
418 4234 517 4289 autem
544 4228 647 4290 iisdem
677 4229 807 4306 legibus,
837 4232 945 4308 quibus
973 4241 1003 4293 et
1031 4250 1050 4292 a
1076 4233 1162 4292 nobis
1185 4231 1337 4306 ridentur,
1367 4248 1408 4292 sc.
1432 4244 1533 4289 omnes
1560 4232 1593 4288 ιιι

245 4312 393 4389 aequeslti
415 4322 445 4374 et
465 4325 498 4374 ut
518 4324 601 4375 mota
624 4317 752 4378 secundo
775 4326 916 4393 carentes,
939 4329 1022 4379 motu
1044 4336 1114 4380 rere
1135 4320 1229 4397 primo
1252 4318 1355 4379 diemo
1377 4315 1591 4394 aequeoeleres,

243 4416 298 4460 nec
319 4418 426 4478 magno
449 4407 622 4478 quantitatis
649 4404 838 4483 aspectabilis
869 4408 1042 4468 discrimine.
1088 4406 1207 4481 Cetera,
1243 4423 1320 4483 quae
1349 4405 1388 4465 ad
1410 4404 1474 4464 Pici
1503 4419 1593 4479 ergu-

243 4494 343 4548 menta
363 4490 532 4568 responderi
546 4499 678 4569 possunt,
700 4494 814 4569 require
835 4493 902 4555 loco
923 4512 1013 4572 saepe
1029 4493 1156 4571 allegato
1171 4494 1238 4554 libri
1259 4496 1317 4553 mei
1339 4492 1376 4554 de
1391 4490 1484 4553 Stella
1497 4489 1594 4550 Nova.

245 4574 324 4636 Satis
345 4578 375 4634 in
396 4594 535 4655 praeseus
557 4580 593 4639 de
616 4583 714 4640 anima
736 4580 852 4655 Tenue,
877 4600 965 4659 quam
987 4588 1122 4641 naturam
1144 4581 1333 4642 sublunarem
1354 4581 1462 4641 dicunt.

333 4662 480 4742 Quicquid
502 4665 642 4727 hactenus
666 4668 702 4729 de
729 4670 827 4729 anima
849 4668 975 4730 Telluris
998 4676 1043 4730 est
1065 4668 1191 4745 dietum,
1224 4667 1254 4727 id
1284 4668 1417 4728 similiter
1445 4667 1533 4737 etiam
1556 4660 1595 4723 ad

245 4751 400 4812 facultates
423 4754 538 4813 animae
560 4754 705 4815 humanae
728 4756 870 4835 applicari
891 4764 1005 4834 potest3
1032 4756 1173 4833 pleraque
1197 4758 1347 4816 tamenin
1370 4756 1416 4814 bis
1439 4759 1508 4812 sunt
1529 4751 1596 4811 eui·
1630 4782 1634 4791 .

247 4837 380 4900 dentiora
401 4846 543 4917 tantoque
567 4844 660 4919 magis
682 4842 870 4923 multiplicia,
900 4850 1011 4921 quanto
1040 4861 1128 4919 quarn
1157 4842 1210 4905 illa
1238 4842 1371 4920 pluribus
1391 4842 1499 4901 muniis
1520 4841 1596 4901 istae
1629 4842 1634 4853 '

600 4966 603 4973 ,
1370 4947 1439 5006 Πθ
