3792 5860
643 436 850 535 ³‹ineu-um
885 394 1021 495 einen
1098 511 1101 517 ¹
1457 446 1518 509 tri

162 617 338 692 muparads
360 613 518 692 unumne
536 613 766 692 proprietatibus
785 631 849 679 σιω
863 615 1039 694 &pleian
1058 616 1175 683 illorum
1189 635 1344 696 corporum
1355 621 1520 683 merconi-

163 705 227 763 tins.
270 700 347 763 iiam
358 705 400 761 -in
423 719 466 761 cu
476 702 522 763 be
542 700 688 767 rectitudo
700 718 789 778 rupes
803 703 869 765 beai
891 703 1036 780 quadrata
1050 704 1220 769 stabilitatis
1242 707 1391 783 qtuadun
1413 708 1520 773 adnm-

162 791 324 851 hrationem
346 789 452 864 hahet,
480 807 557 865 quae
579 789 684 851 aedera
704 792 867 869 proprietas
890 799 936 851 ast
958 799 989 851 ot
1009 794 1151 855 necerim
1173 796 1335 870 musonis,
1365 799 1520 874 mastusia

161 880 317 936 momentis
338 879 399 937 ima
420 883 472 952 pet
490 879 562 949 nih,
586 893 655 939 cum
674 877 762 937 etiam
784 884 866 939 totns
886 886 980 939 terrae
1002 879 1110 955 qlehus
1133 879 1223 956 vulgo
1246 881 1382 943 medetur
1402 885 1433 942 in
1455 903 1520 945 nra·

162 963 211 1022 dio
232 963 336 1024 mundi
358 893 516 1041 quinaria

248 1051 387 1112 Vicissim
410 1048 581 1113 octaedri
603 1067 751 1127 congrum
771 1061 817 1117 eet
830 1053 913 1111 situs
934 1056 1075 1130 aspectui,
1099 1056 1125 1113 si
1147 1056 1174 1115 is
1194 1073 1214 1115 a
1236 1054 1352 1117 dnobus
1375 1058 1519 1134 oppositis

162 1138 283 1214 augulis
303 1138 385 1199 velut
407 1141 439 1196 iu
461 1147 546 1198 torno
569 1136 774 1215 suspendetur,
798 1142 874 1199 inter
896 1158 972 1216 quos
993 1141 1091 1201 medio
1113 1144 1246 1219 praecisa
1268 1142 1335 1203 loco
1359 1144 1519 1217 estlatens

164 1225 405 1303 quadrilaterum,
427 1225 563 1286 dividens
586 1242 691 1303 eorpus
713 1226 824 1302 ligem
846 1229 875 1285 in
900 1227 959 1289 duo
980 1229 1137 1305 aequalia,
1159 1232 1237 1290 sicut
1257 1230 1379 1307 globum
1402 1249 1421 1291 a
1443 1231 1519 1291 duo·
1542 1238 1564 1279 ·‘

161 1314 218 1374 hus
230 1312 310 1391 polis
323 1330 498 1391 supeream
521 1313 627 1373 disicit
640 1314 785 1377 maximus
806 1313 946 1375 circulus:
969 1315 1042 1377 haec
1060 1324 1105 1377 est
1120 1317 1266 1393 quasdam
1280 1320 1378 1395 imago
1399 1318 1518 1379 mobili·

160 1404 240 1475 tatis,
262 1403 307 1461 uti
329 1405 379 1461 adr
402 1408 448 1460 est
469 1401 678 1461 clementorum
700 1400 925 1483 mobilissimum
940 1408 970 1462 et
986 1403 1133 1464 celeritate
1154 1413 1184 1464 ct
1198 1407 1341 1466 venerate
1355 1405 1519 1482 plagarum.

246 1488 285 1546 lu
304 1487 499 1548 tetraddro
528 1491 662 1566 pancitas
691 1487 844 1567 planorum
874 1493 990 1565 emere
1020 1490 1136 1551 ridetur
1157 1494 1320 1553 siccitatem
1340 1494 1427 1570 iguis,
1452 1510 1518 1553 cum

159 1575 291 1636 dsdnhio
305 1577 345 1635 sit
358 1577 510 1648 siccomm,
533 1574 595 1635 suis
610 1576 750 1637 contineri
768 1578 915 1651 terudnis3
937 1579 967 1637 iu
991 1578 1203 1639 ieosaiidro
1221 1581 1349 1641 neusin
1361 1579 1519 1643 multitudo

159 1664 313 1740 planorum
334 1665 453 1740 signare
474 1661 590 1725 videtur
613 1661 942 1740 inuictumque,
966 1682 1034 1725 cun
1056 1665 1209 1726 deiciatur
1224 1667 1394 1742 humiditas,
1416 1668 1520 1729 alicnis

159 1753 302 1821 contineri
323 1751 472 1825 terminis3
501 1758 546 1813 cst
575 1753 683 1828 qnippe
706 1753 840 1828 paucitas
870 1753 1069 1830 propriorem,
1102 1752 1260 1815 multitado
1290 1754 1468 1819 adscitomu
1491 1765 1519 1815 et
1586 1825 1594 1843 I

159 1838 324 1921 adenem
345 1837 495 1899 iudicium.
539 1838 577 1897 Et
600 1837 685 1899 aliter
706 1839 814 1911 etiam,
845 1842 977 1915 trigonus
999 1838 1106 1918 pinus
1135 1847 1181 1901 est
1194 1841 1347 1903 *trement
1375 1846 1519 1921 proprius,

159 1927 229 2001 qnia
243 1932 308 1985 tota
322 1925 496 1986 tetraddrica
517 1924 611 2000 figure
634 1933 678 1985 est
698 1926 831 2000 trigonus
853 1924 981 1986 solidus:
1004 1927 1084 1988 ide·
1106 1944 1175 1989 vero
1198 1932 1331 2005 trigonus
1353 1936 1399 1990 ost
1420 1932 1519 1990 icosa-

159 2013 221 2072 idri
243 2029 304 2072 uua
325 2015 477 2091 pmprias‚
499 2012 553 2073 sed
574 2014 773 2085 numenius,
797 2015 870 2090 quie
891 2013 1035 2075 icosei'dri
1067 2015 1202 2077 soliditas
1234 2018 1393 2099 pentagoni
1415 2017 1519 2077 similis

159 2108 212 2175 est,
234 2116 295 2160 uon
318 2102 432 2179 tipum
463 2099 592 2161 Renum
613 2104 642 2161 in
666 2098 804 2160 tetraddri
824 2104 959 2161 acumine
980 2103 1019 2165 ab
1041 2119 1101 2163 uae
1123 2104 1187 2163 basi
1215 2111 1353 2181 surgente
1375 2105 1426 2171 ris¹
1442 2105 1519 2181 ipnu

158 2188 343 2263 penetrativa
364 2195 395 2249 et
416 2186 557 2248 divisoria
570 2187 686 2249 videtur
707 2186 883 2249 adumbrata
904 2206 978 2262 essa,
1001 2191 1032 2249 in
1046 2190 1189 2252 maerin
1204 2191 1312 2252 obtuso
1327 2198 1358 2252 et
1372 2193 1519 2268 quinque·

160 2276 261 2336 lineari
282 2276 393 2353 munio
416 2278 462 2335 ria
482 2274 648 2353 impletorie
670 2274 840 2350 humorum,
871 2276 927 2336 hoc
955 2287 1000 2335 est
1028 2281 1073 2337 vis
1097 2278 1302 2354 humectandi;
1330 2281 1361 2338 iu
1381 2279 1519 2340 uuaidri

160 2365 305 2440 parvitate
328 2369 360 2423 et
380 2363 551 2424 macilentia
564 2369 669 2422 nature
685 2364 775 2439 ignis,
797 2365 828 2422 in
850 2362 993 2425 icosaiidri
1016 2365 1274 2442 moleglobiiormi
1296 2374 1519 2443 naturamque

160 2460 189 2511 et
210 2448 357 2527 quaedam
380 2450 463 2511 velut
476 2450 570 2527 figura
591 2456 711 2526 guttee3
733 2451 764 2509 in
781 2449 926 2511 tetraddro
940 2450 1097 2529 plurimum
1112 2461 1157 2513 est
1172 2454 1344 2533 superficiei,
1367 2456 1519 2514 minimum

159 2539 301 2616 eorporis,
326 2541 355 2596 iu
377 2535 535 2599 icosaiidro·
551 2538 645 2600 moles
667 2554 805 2616 corporee
828 2539 921 2599 multo
944 2539 1038 2617 major
1060 2558 1149 2619 qnam
1170 2541 1352 2620 superficies:
1375 2543 1520 2619 quemad·

159 2625 276 2684 modum
302 2627 333 2683 in
353 2627 421 2701 igne
444 2625 538 2685 sonna
558 2623 717 2704 praecellit,
742 2627 770 2683 in
791 2628 872 2704 'equa
895 2630 1026 2687 materia.

246 2711 519 2774 Dodscaiidron
542 2729 613 2773 vero
635 2711 808 2788 relinquitur
829 2718 943 2792 corpori
965 2715 1101 2787 coelesti,
1129 2715 1242 2775 hahens
1266 2714 1390 2776 eundem
1412 2716 1519 2794 plano·

24 2814 27 2819 ·
159 2819 221 2861 rum
243 2818 407 2881 nnmerum,
428 2817 517 2878 quem
538 2798 676 2861 zodiacus
699 2800 835 2861 coelestis
856 2804 1023 2879 siguomm3
1047 2802 1320 2880 demonstraturque
1341 2803 1519 2880 reliquarum

159 2888 318 2964 figurarum
339 2888 540 2966 capacissima,
564 2886 813 2964 quemadmodum
834 2897 864 2949 et
886 2888 1001 2957 coelum
1022 2893 1103 2969 capti
1123 2892 1232 2950 omnia

243 2975 329 3036 Haec
349 2976 490 3053 analogia
510 2978 566 3036 etsi
588 2975 754 3054 plausibilis
777 2982 836 3050 est,
864 2993 924 3037 nou
946 2976 1065 3053 quidem
1088 2976 1239 3039 Anatotali
1259 2975 1323 3057 (qui
1345 2994 1414 3037 curu
1435 2993 1519 3041 mtu-

159 3070 218 3121 tnrn
242 3079 310 3123 esse
331 3062 472 3123 mnndum
493 3071 622 3139 negaret,
646 3065 706 3121 viru
729 3064 760 3121 in
781 3062 883 3140 figens
898 3067 1106 3140 quantitadvia
1118 3063 1337 3143 archetypalem
1358 3080 1518 3140 agnoscere

159 3167 214 3209 non
238 3152 348 3227 potuit,
373 3153 482 3227 quippe
505 3167 582 3227 qnae
604 3154 667 3209 sine
690 3150 849 3210 architecto
873 3151 955 3211 nulla
976 3150 1034 3211 tilis
1056 3154 1134 3211 inest
1155 3150 1195 3211 ad
1217 3150 1385 3212 iaciendum
1406 3150 1518 3229 aliquid

158 3232 353 3319 corporeum),
376 3236 429 3297 sed
448 3236 520 3295 mihi
536 3236 768 3314 christianisque
791 3240 935 3311 omnibus,
959 3238 1089 3314 quidde
1112 3245 1254 3316 tenemus,
1277 3238 1427 3314 mnndum,
1451 3256 1516 3300 cnm
1546 3308 1549 3317 ⁴

158 3334 244 3385 anua
265 3341 324 3384 non
348 3331 434 3398 esset,
456 3343 475 3384 e
498 3325 563 3384 Deo
587 3332 715 3385 creatum
738 3341 812 3400 esse,
836 3328 866 3384 in
880 3325 1019 3407 pondere,
1041 3343 1178 3387 mensura
1200 3334 1230 3387 et
1251 3344 1382 3401 numero,
1406 3326 1517 3389 scillcet

156 3412 229 3473 ideis
251 3413 309 3490 ipsi
332 3413 509 3472 coaeternis:
533 3413 597 3487 etsi,
619 3414 748 3489 inquam,
772 3412 938 3496 plausibilis
954 3420 999 3473 cst
1020 3415 1052 3472 in
1071 3431 1178 3491 genere
1201 3415 1276 3476 haec
1298 3414 1445 3493 analogia,
1469 3423 1516 3476 ta·
1599 3452 1601 3465 ι

157 3501 287 3561 mensio
310 3501 339 3559 in
362 3500 461 3577 specie
484 3499 640 3560 informata
660 3498 744 3559 nulla
765 3500 940 3563 necessitate
963 3503 1141 3574 continetur,
1166 3510 1195 3561 et
1218 3505 1515 3583 patientissimus,

156 3604 213 3646 non
236 3593 350 3647 mutum
373 3587 412 3646 ob
435 3585 618 3663 quarundam
638 3589 847 3665 proprietatnm
864 3588 1090 3668 discrepantiam
1113 3590 1142 3647 in
1165 3588 1269 3650 eadem
1292 3589 1441 3668 analogia,
1463 3589 1515 3652 sed
1617 3616 1621 3627 ·

157 3677 244 3736 etium
269 3675 307 3733 oh
330 3673 472 3751 maJorem
494 3676 729 3735 convenientium
752 3674 926 3735 dodecaddri
956 3684 986 3738 et
1006 3675 1151 3739 icosaddri
1180 3694 1245 3737 curu
1273 3678 1359 3755 igne,
1389 3678 1515 3754 denique

155 3766 225 3838 qnia
252 3761 290 3822 de
316 3758 525 3823 elementorum
553 3779 674 3823 numero
704 3769 735 3825 et
761 3765 861 3839 quiete
884 3762 1010 3825 Tellrrris
1038 3762 1198 3842 disputatio
1227 3764 1320 3826 multo
1342 3765 1438 3842 major
1460 3774 1514 3839 est,
1541 3800 1549 3809 ι
1652 3834 1655 3843 p
1685 3770 1689 3783 '

155 3866 243 3925 quam
266 3848 303 3910 de
325 3849 430 3910 harum
450 3849 609 3925 figurarum
631 3867 762 3910 numere.
1303 3888 1306 3893 «

242 3934 357 4011 Quodsi
378 3936 641 4018 hieu'substitsrunt
655 3936 844 4015 Pythagorei,
866 3953 926 3997 non
947 3937 1128 4017 reprehendo
1151 3938 1181 3995 in
1204 3936 1514 4016 inquisiturum,

155 4040 212 4084 uon
236 4023 441 4097 Aristotelem,
471 4022 550 4100 quod
580 4023 657 4086 hanc
684 4023 854 4101 analogiam
876 4024 1124 4103 disputationibus
1146 4021 1319 4084 convulsam
1340 4025 1513 4101 reiecerunt.
1598 4076 1601 4083 .

155 4111 193 4171 tt
214 4128 272 4188 ego
296 4120 364 4172 anto
386 4112 606 4187 annosviginti
638 4118 765 4188 quatuor
792 4110 880 4191 longe
911 4113 998 4172 aliter
1020 4113 1094 4173 haec
1116 4115 1246 4189 quinque
1269 4129 1392 4191 corpora
1415 4114 1444 4171 in
1467 4115 1514 4173 ie-

152 4200 232 4259 hrica
255 4197 354 4258 mundi
377 4199 525 4277 indagavi,
550 4198 669 4275 dixique
684 4202 714 4257 in
737 4200 927 4278 praeambulo
951 4200 1018 4261 libri
1033 4200 1057 4273 I,
1080 4200 1152 4260 mihi
1167 4198 1260 4262 rideri
1276 4207 1513 4276 consentancum,

153 4285 276 4347 eandem
300 4285 461 4347 doctrinam
483 4287 571 4347 ctiam
596 4283 727 4347 vete'rum
751 4287 861 4357 inisse*
887 4286 939 4347 sed
966 4286 1145 4348 occultatam
1176 4303 1256 4347 more
1285 4298 1394 4348 sectae.
1439 4287 1514 4348 (ium

153 4376 228 4434 enim
252 4373 362 4435 habeat
392 4377 572 4434 astronomia
594 4374 795 4453 Oopernicana
816 4392 870 4435 seu
892 4377 1001 4435 veteris
1025 4374 1185 4436 Aristarchi
1208 4373 1299 4435 Samii
1321 4374 1513 4454 Pythagorici

152 4461 374 4539 dispositionem
396 4461 497 4522 muudi
526 4460 644 4522 mobilis
672 4461 776 4537 talem,
805 4469 838 4522 ut
865 4463 924 4521 sint
952 4464 981 4521 in
1011 4482 1046 4522 eo
1075 4480 1126 4523 sex
1156 4461 1242 4523 orhcs
1271 4479 1323 4525 sen
1353 4463 1511 4532 articula.

150 4552 227 4610 eirca
250 4566 357 4626 corpus
379 4547 457 4609 Solis
485 4551 515 4607 in
543 4555 643 4609 centro
673 4549 826 4613 immobile
847 4549 1045 4611 circumducta
1065 4552 1241 4627 magnisque
1263 4557 1293 4610 et
1314 4550 1388 4611 iuter
1410 4568 1442 4612 se
1465 4554 1511 4610 iu-

150 4635 325 4714 aequalibus
347 4636 510 4697 intervallis
533 4636 664 4715 nirenta,
687 4637 805 4699 suum
829 4638 938 4710 extimi,
961 4636 1068 4707 deinde
1088 4636 1192 4716 doris,
1215 4635 1281 4697 deiu
1305 4637 1421 4717 Maru,
1443 4639 1510 4699 inde

149 4723 277 4784 Telluris
299 4740 366 4784 enm
390 4723 491 4797 Luna,
513 4731 577 4783 tum
598 4722 737 4797 Veneris,
760 4723 887 4801 dmiqne
908 4724 1046 4785 Mmeaffl
1067 4724 1176 4785 intimi:
1195 4722 1330 4801 'cumque
1351 4724 1509 4803 dgurmnm

148 4810 251 4872 harma
272 4813 405 4891 quinque
425 4812 544 4889 propria
566 4819 597 4872 et
618 4812 785 4873 semuduiis
810 4814 850 4872 eit
877 4812 1028 4890 inscriptio
1057 4814 1087 4870 iu
1114 4811 1297 4889 spirensem
1327 4812 1510 4889 superficiem

149 4914 214 4961 cnm
236 4898 374 4977 aegalim
402 4906 433 4958 et
455 4900 682 4977 ctreamsctptio
710 4902 790 4962 ehoe
809 4898 993 4978 sphaericam
1020 4899 1203 4978 superiorem
1226 4917 1292 4962 cnm
1315 4903 1421 4962 matris
1441 4898 1511 4980 pia:
