3940 5856
388 386 451 445 Μ
772 378 814 434 Dc
831 377 954 435 Motibus
971 377 1147 437 Plancianum
1165 377 1345 434 Harmonicis.

386 560 544 618 mabuutm
573 557 613 617 ab
635 558 673 616 iis
695 557 851 619 interualla
864 573 916 636 per
929 555 1154 634 adscriptionem
1169 555 1349 638 enatorum,
1373 555 1424 616 sed
1440 556 1537 616 adhuc
1556 555 1638 616 nullo
1661 563 1738 615 certo

387 656 518 705 numero.
550 644 679 704 Ventum
701 644 739 704 ad
762 646 891 721 quinque
913 636 1108 720 aolidas3¹hie
1130 652 1160 703 et
1181 660 1318 703 numeres
1339 660 1492 722 oorporurn
1515 651 1543 703 et
1565 644 1740 725 intervallo-

387 751 453 793 rum
471 732 642 809 magnitudo
672 748 763 810 prope
792 734 862 791 vera
888 732 1036 809 patebat,
1055 730 1132 791 adeo
1159 743 1191 790 ut
1219 750 1307 809 super
1335 733 1450 807 relique
1477 730 1673 809 discrepantia
1700 730 1738 789 ad
1803 764 1806 773 ‹

388 821 583 881 astronomiae
606 821 814 897 perfectionum
836 818 1023 897 appellarem.
1070 817 1205 878 Misera
1227 820 1282 878 luit
1304 819 1350 879 his
1373 821 1414 877 20
1438 821 1521 878 annis
1544 821 1738 892 astronomie3

389 914 418 968 et
440 924 507 969 ecce
530 906 627 967 adhuc
641 906 798 968 intervalla
812 905 1050 985 discrepabauta
1071 904 1172 982 liguris
1194 905 1306 978 solidis,
1322 906 1452 967 ‘necdum
1468 923 1575 976 causae
1598 907 1740 984 patebant

389 996 636 1063 eweutrinitaurm
666 992 903 1071 inaequalissime
934 992 1153 1056 distributorem
1187 995 1262 1055 inter
1289 994 1431 1072 planetas.
1476 992 1595 1054 Scilicet
1623 997 1652 1052 ln
1682 994 1742 1052 bae

390 1082 491 1151 muudi
513 1080 600 1147 domo
622 1083 800 1158 quaerebam
822 1081 864 1138 nil
892 1082 948 1139 nisi
975 1098 1064 1154 saxa,
1087 1076 1206 1141 ‘tonnae
1236 1082 1438 1156 elegantioris,
1467 1080 1520 1142 sed
1553 1074 1631 1158 quae
1660 1082 1739 1139 saxis

391 1172 570 1242 convemret,
594 1171 722 1245 ignarus,
746 1167 944 1243 Architectnm
967 1168 1018 1227 illa
1041 1167 1160 1227 finxisse
1183 1171 1212 1226 iu
1234 1169 1502 1229 articulatissimem
1524 1167 1650 1245 effigiem
1673 1170 1740 1226 ani·

388 1259 460 1317 mati
482 1258 621 1335 eorporis.
664 1256 713 1315 Ita
734 1256 896 1334 paulatim,
910 1255 957 1315 his
979 1258 1149 1333 praesertim
1173 1257 1283 1316 ultimis
1305 1259 1324 1316 3
1348 1258 1441 1329 annu,
1464 1262 1585 1315 ventum
1608 1252 1647 1315 ad
1668 1254 1740 1315 har·

388 1346 519 1416 monins,
550 1342 674 1403 desertis
694 1344 772 1404 eirea
793 1345 913 1402 minime
934 1343 1035 1419 liguris
1066 1341 1183 1414 solidis,
1215 1360 1282 1402 cnm
1304 1346 1373 1421 quia
1396 1343 1465 1403 illae
1487 1345 1606 1403 stabant
1629 1360 1647 1402 a
1669 1360 1740 1419 par·

389 1433 468 1491 tibus
494 1432 619 1504 formae,
653 1447 741 1507 quem
771 1430 876 1495 ultima
903 1448 1007 1490 manus
1034 1432 1211 1506 imponeret,
1240 1430 1351 1508 figurae
1382 1450 1400 1489 a
1431 1433 1675 1507 materia,rquae
1710 1432 1738 1487 in

390 1517 501 1579 mundo
524 1527 569 1578 cst
590 1534 726 1581 numerus
749 1535 902 1594 corporum
924 1525 954 1576 et
975 1519 1137 1592 spatiorum
1160 1519 1240 1577 rudis
1263 1518 1441 1595 amplitudo,
1472 1525 1534 1577 turn
1558 1514 1645 1577 eliam
1669 1519 1740 1593 quia

390 1606 460 1667 illae
483 1606 594 1665 dabam
616 1607 860 1693 emenuicitates,
890 1622 963 1681 quas
987 1605 1042 1665 hae
1065 1622 1102 1664 ue
1129 1604 1345 1681 pollicebantur
1366 1605 1501 1683 quidem;
1532 1604 1601 1664 illae
1628 1605 1741 1664 seilicet

390 1711 511 1766 nasum,
540 1692 642 1753 oculos
672 1701 701 1754 et
730 1692 843 1768 reliqua
871 1693 1001 1752 membre
1024 1690 1222 1752 conciliabant
1243 1701 1373 1768 statuae,
1404 1695 1451 1753 cni
1473 1695 1546 1752 istae
1569 1691 1663 1753 solam
1686 1709 1740 1752 ex-

392 1789 506 1841 ternam
526 1780 609 1839 rudis
629 1797 745 1841 messae
769 1780 966 1855 quantitatem
986 1780 1241 1857 praescripserant.
1322 1804 1325 1813 ⁴

478 1868 577 1942 Quare
598 1869 675 1927 sicut
696 1883 793 1942 neque
815 1876 937 1942 corpore
958 1870 1139 1933 animantum
1160 1875 1229 1929 sunt
1250 1867 1337 1941 lacta,
1360 1884 1456 1942 neque
1476 1869 1539 1925 sexi
1562 1865 1656 1926 moles
1677 1865 1741 1924 herl

391 1955 467 2017 solet
488 1952 527 2015 ad
550 1971 682 2014 normam
703 1970 807 2031 puram
827 1954 953 2031 alicujus
973 1953 1085 2031 Quies
1105 1956 1317 2030 geometricae,
1349 1953 1401 2014 sed
1425 1954 1581 2030 derogetur
1603 1960 1740 2014 externae

390 2043 501 2120 figurae
532 2041 677 2102 rotundae
707 2042 897 2118 quantumvis
923 2041 1050 2118 eleganti
1077 2044 1225 2122 (manente
1258 2049 1354 2101 tamen
1381 2041 1462 2119 justa
1484 2040 1569 2102 molis
1591 2041 1740 2118 maguitu-

367 2202 372 2209 .
395 2129 489 2209 dine),
511 2136 544 2189 ut
566 2146 670 2208 corpus
692 2145 803 2204 orgum
826 2130 905 2188 ritae
927 2130 1101 2201 necessarie,
1125 2146 1228 2191 sexum
1244 2146 1313 2189 vero
1337 2130 1462 2205 effigiem
1484 2131 1643 2189 animantis
1665 2144 1741 2187 nan-

393 2220 462 2277 cisci
496 2220 604 2294 possit:
646 2217 689 2276 sic
719 2217 808 2276 etiam
837 2218 1000 2293 proportio,
1020 2232 1123 2291 -quam
1156 2217 1276 2276 orbibus
1309 2216 1479 2292 planetariis
1509 2219 1741 2294 praescripturus

394 2312 477 2365 eram
498 2304 609 2381 ligures
631 2302 755 2377 solidae,
779 2313 811 2362 ut
833 2304 951 2362 inierim
974 2310 1003 2362 et
1026 2311 1139 2362 tantum
1161 2319 1267 2381 corpus
1289 2307 1500 2380 materiamque
1523 2312 1667 2381 spectans,
1692 2320 1741 2362 cc-

393 2392 462 2452 dere
485 2390 588 2451 debuit
609 2390 777 2466 harmoniis,
800 2401 941 2467 quantum
964 2390 1031 2465 ejus
1052 2399 1115 2450 erat
1129 2407 1248 2453 necem
1263 2390 1301 2453 ed
1321 2391 1389 2465 hoc,
1413 2400 1447 2450 ut
1468 2398 1545 2452 stare
1567 2391 1638 2451 illae
1656 2391 1743 2469 juxta

393 2486 564 2554 motumque
585 2479 741 2555 globorum
762 2495 902 2538 exornem
924 2484 1054 2553 possent.
1610 2538 1613 2543 ,

482 2565 616 2625 Alterum
637 2565 871 2642 epiphonematis
893 2565 1071 2638 membrum,
1095 2563 1132 2624 de
1154 2564 1313 2625 harmoniis
1335 2563 1563 2640 universalibus,
1586 2572 1761 2642 cognatam·

393 2653 483 2731 pr'iofi
503 2653 706 2729 probationem
721 2652 819 2713 hebet.
865 2660 959 2724 (Supra
976 2670 1043 2707 nuru⁴
1057 2657 1089 2713 18
1107 2662 1173 2709 luter
1190 2662 1317 2710 moneta
1333 2666 1473 2710 assumtum
1495 2675 1526 2711 ex
1543 2662 1631 2723 parte.)
1666 2652 1742 2711 Nem

393 2739 439 2798 illi
466 2743 566 2817 potius
593 2739 715 2801 debetur
739 2757 877 2816 suprema
902 2739 993 2799 veluti
1022 2741 1208 2817 porrectionis
1234 2759 1353 2816 manus,
1391 2742 1469 2818 quod
1507 2743 1601 2817 magis
1631 2737 1743 2818 perficit

393 2826 549 2903 mnndum3
582 2827 625 2889 illi
646 2830 711 2888 vice
734 2844 820 2886 versa
841 2826 1041 2904 derogandum
1063 2825 1101 2908 (sl
1124 2828 1322 2905 derogandum
1346 2827 1505 2908 alterutri),
1537 2827 1616 2907 quod
1638 2833 1742 2906 poste·

342 2924 349 2999 ζ
388 2916 485 2975 ¹riores
506 2914 556 2974 hie
577 2922 676 2991 partes
697 2922 785 2985 tenet.
830 2915 871 2974 At
891 2918 985 2992 magis
1006 2914 1147 2974 mundum
1169 2917 1281 2993 perlicit
1303 2915 1479 2977 universalis
1501 2916 1654 2975 harmonia
1677 2930 1742 2974 om·

393 3004 497 3076 mum,
521 3019 610 3077 qnam
640 3002 804 3079 singulares
833 3002 967 3063 binorum
997 3010 1027 3063 et
1056 3004 1188 3062 binorum
1211 3006 1373 3064 vicinorum
1402 3006 1545 3081 geminae.
1589 3004 1644 3063 Est
1665 3003 1743 3063 enim

394 3089 549 3149 hemonia
566 3089 713 3165 quaedam
737 3091 858 3149 unitatis
879 3091 971 3165 ratim
998 3092 1093 3167 magis
1115 3092 1206 3167 igitur
1226 3093 1299 3151 uniti
1323 3098 1406 3165 sunt,
1430 3094 1456 3150 si
1479 3107 1581 3151 omnes
1601 3089 1690 3150 simul
1712 3090 1743 3146 in

394 3194 493 3250 unam
516 3193 605 3253 quun
627 3180 653 3236 si
675 3178 737 3237 bini
758 3179 868 3253 quique
889 3177 1011 3239 seorsim
1034 3180 1065 3236 in
1087 3177 1172 3237 binas
1195 3182 1362 3257 conspirent
1384 3178 1560 3238 harmonias.
1592 3176 1690 3253 Quare
1712 3176 1742 3233 ln

283 3318 287 3323 .
395 3264 532 3325 conflictu
553 3273 742 3342 utrammqua
764 3265 866 3324 nederc
889 3263 1052 3324 debuerunt
1074 3282 1109 3324 ex
1134 3266 1210 3327 binis
1225 3268 1357 3327 binorum
1379 3266 1562 3343 planetarum
1584 3266 1743 3325 alterutrae

339 3378 351 3431 Ιι
395 3347 581 3429 s'ngnlares,
604 3358 638 3411 ut
658 3360 736 3413 stare
758 3358 878 3431 possent
900 3351 1080 3415 uniuersales
1102 3354 1240 3413 omnium.
1284 3354 1389 3414 Potius
1412 3362 1510 3413 eutem
1533 3353 1673 3429 majores,
1696 3350 1743 3409 di·

395 3441 579 3515 serentium
609 3447 755 3513 maurum,
785 3438 888 3499 oedem
918 3438 1095 3512 debuerunt,
1125 3457 1213 3516 mam
1242 3444 1384 3519 minores,
1416 3442 1666 3516 convergeutinm.
1712 3437 1743 3499 st

396 3528 475 3587 enirn
504 3525 660 3603 dirergunt
689 3527 749 3605 illi,
775 3533 912 3602 spectent
942 3528 1031 3602 igitur
1058 3525 1099 3588 ad
1126 3527 1261 3604 planetas
1283 3547 1341 3589 non
1364 3529 1450 3605 bigae
1477 3529 1660 3606 propositae,
1692 3525 1745 3585 sed

396 3613 472 3674 alies
493 3614 625 3687 ricinos,
655 3622 686 3674 et
704 3616 730 3673 si
753 3621 933 3690 emungunt
956 3613 1004 3688 hl,
1036 3621 1160 3691 vergunt
1183 3618 1270 3692 igitur
1291 3617 1460 3677 alterutrius
1485 3615 1623 3692 planetae
1645 3621 1744 3674 motus

396 3700 436 3761 ed
456 3699 563 3778 reliqui
583 3709 704 3775 notu,
726 3704 927 3777 permutatim:
958 3708 992 3767 et
1013 3703 1043 3767 ln
1067 3702 1137 3778 biga
1158 3700 1245 3785 doris
1269 3711 1299 3764 et
1321 3704 1424 3775 Martis
1447 3702 1527 3763 illius
1549 3702 1685 3780 aphellns
1706 3699 1744 3760 ad

398 3787 573 3863 Satamum,
596 3788 683 3865 hujus
705 3787 862 3865 perihelius
885 3789 922 3850 ad
945 3788 1093 3850 Tellurem
1116 3792 1226 3867 rorglt3
1256 3799 1288 3855 et
1309 3791 1389 3851 illius
1409 3790 1569 3870 perihelius
1590 3790 1688 3867 vergit
1709 3786 1748 3848 ad

397 3875 539 3949 Mutum,
567 3875 656 3953 hujus
682 3875 819 3953 epheliue
847 3875 885 3936 ad
915 3875 1032 3937 Jovem.
1078 3876 1190 3936 Horum
1220 3879 1309 3955 igitur
1338 3880 1491 3938 harmonia
1512 3877 1585 3938 dori
1606 3884 1637 3938 et
1658 3876 1748 3935 Marti

397 3965 493 4040 magis
514 3969 561 4022 est
581 3964 715 4042 propria3
738 3963 864 4037 illorum,
887 3963 1108 4040 diversantium,
1131 3965 1285 4026 harmonia
1306 3965 1419 4026 aJore
1441 3972 1471 4026 et
1485 3965 1580 4024 Marte
1602 3964 1747 4042 quodam·

398 4050 488 4111 modu
508 4057 554 4111 est
575 4050 706 4110 alierrior.
730 4050 830 4111 llinus
844 4054 943 4111 autem
965 4051 1137 4112 laedebatur
1158 4055 1275 4113 unionis
1296 4056 1381 4127 ratio,
1405 4070 1481 4129 quae
1504 4053 1589 4112 binos
1612 4058 1642 4111 et
1661 4052 1748 4109 binos

399 4140 512 4199 ricinos
535 4136 672 4215 colliga,
701 4141 727 4199 si
749 4139 870 4199 alienor
892 4147 923 4199 et
942 4140 1142 4199 remotiores
1165 4142 1203 4199 iis
1222 4141 1377 4201 harmonia
1397 4141 1634 4213 fermentaretur,
1658 4155 1748 4215 quam

398 4227 425 4286 si
446 4227 574 4303 propria,
597 4242 674 4302 quae
697 4241 737 4285 rc.
761 4234 806 4287 est
828 4228 903 4286 inter
917 4229 1078 4286 vicinmutn
1102 4227 1283 4303 planetarum
1298 4237 1396 4288 motus
1419 4230 1514 4303 mapa
1535 4230 1656 4286 vicinos.
1687 4226 1750 4286 Ne·

400 4331 459 4390 que
479 4320 577 4374 tamen
600 4312 690 4372 ualde
711 4330 818 4391 magite
839 4314 989 4374 iuit'haec
1015 4314 1208 4377 fermentatio.
1254 4316 1379 4375 Inventa
1402 4316 1479 4374 enim
1500 4322 1546 4376 est
1567 4316 1659 4387 ratio,
1690 4330 1750 4389 qua

400 4408 431 4462 et
451 4408 564 4461 starem
584 4400 755 4461 nummus
778 4401 959 4461 universales
975 4403 1104 4460 omniurn
1125 4401 1310 4479 planetarum
1326 4419 1440 4479 eaeque
1455 4402 1657 4461 distinctomm
1673 4398 1749 4460 duo-

400 4505 464 4547 nm
485 4505 633 4566 generun,
657 4494 687 4553 et
708 4505 777 4548 cum
791 4488 893 4566 aliqua
913 4490 1055 4549 munionis
1070 4488 1234 4559 latitudine,
1250 4508 1326 4569 quae
1344 4490 1448 4549 saltem
1463 4506 1578 4549 comma
1599 4494 1749 4565 aequaret,

400 4583 431 4636 et
452 4575 617 4652 singulam
638 4578 726 4636 etiam
748 4577 882 4636 binorum
898 4577 1060 4637 vicinorum
1084 4575 1170 4637 binae
1185 4583 1398 4654 assumentum
1420 4577 1659 4653 convergentlnm
1681 4575 1750 4652 qui·

402 4662 468 4722 dem
489 4673 622 4722 motuum
643 4665 673 4722 in
695 4669 823 4740 quatuor
844 4664 929 4740 bigis,
951 4663 1113 4740 perlectae,
1137 4664 1320 4742 apheliorum
1340 4667 1370 4722 in
1393 4682 1469 4739 una,
1490 4662 1697 4742 periheliornm
1719 4664 1751 4722 in

402 4749 527 4824 habes,
550 4750 651 4811 itidem
673 4752 833 4830 penectaeq
855 4751 1070 4827 diversantium
1092 4768 1162 4813 vero
1185 4754 1215 4812 in
1228 4760 1355 4830 quatuor
1377 4752 1463 4829 bigis,
1485 4751 1560 4821 inira
1580 4751 1751 4829 discrepan-

402 4838 474 4897 tiam
496 4838 583 4901 nnius
606 4837 730 4915 dieseos,
753 4837 901 4925 intervalli
922 4838 1043 4915 minimi,
1066 4846 1208 4916 quantum
1229 4839 1359 4901 humana
1382 4857 1439 4900 rer
1461 4840 1494 4900 in
1514 4846 1603 4901 cantu
1624 4837 1750 4917 figurato
