3792 5860
603 440 850 498 Demonstratione.
883 441 968 498 Liber
985 441 1006 497 Ι.
1253 448 1267 471 “’
1422 453 1483 514 iit

136 630 161 681 et
180 621 324 697 trigonus,
349 621 420 698 quia
441 619 536 681 latera
556 619 666 680 bebe'nt
689 619 819 681 effabilia
841 619 906 681 oola
927 624 1068 698 petentia
1115 608 1258 697 Quartum
1281 631 1380 685 tenent
1402 624 1484 685 ordi-

134 726 194 768 nem
214 708 308 769 latera
331 707 522 786 dodecegoni‚
547 707 689 785 decagoni
713 725 871 784 eorumque
894 711 976 769 socia
997 708 1149 771 etellerum
1170 710 1282 789 iatere3
1304 721 1374 773 eunt
1395 726 1424 773 n.
1448 730 1484 773 er

135 794 325 857 nembiltbnr
346 798 480 874 potentia
502 805 531 855 et
546 798 716 874 componitis
739 798 849 873 primae
872 799 990 874 speciei,
1013 805 1082 857 eunt
1104 816 1145 858 ee.
1169 800 1334 860 binomiuee
1357 807 1386 861 et
1408 818 1484 878 upe-

22 902 23 949 i
135 892 234 957 tomee,
258 882 443 963 dodecegoni
465 882 583 960 quidem
606 886 735 961 primae,
760 883 904 960 decagoni
926 901 998 946 vere
1020 894 1152 962 quartae.
1191 884 1301 962 Quinto
1323 886 1391 948 loco
1414 904 1483 948 eue-

135 973 234 1032 cedunt
255 971 351 1033 latera
372 974 532 1049 pentagoni
555 979 585 1031 et
605 971 709 1032 stellae
733 972 812 1048 ejde,
835 974 879 1031 eie
901 980 931 1031 et
952 972 1047 1034 intere
1070 976 1208 1051 octogoni
1230 983 1261 1036 et
1282 974 1387 1037 stellae
1410 976 1485 1051 ejur,

22 1110 23 1131 p
136 1068 197 1119 eunt
218 1076 248 1119 n.
275 1078 311 1120 ex
333 1067 439 1136 quarte
461 1061 689 1136 compositorum
712 1060 820 1136 specie,
842 1061 939 1119 mizon
962 1068 992 1120 et
1014 1061 1131 1121 elaeeon
1156 1061 1261 1123 dictae.

211 1147 258 1206 Ne
284 1163 343 1223 qua
368 1164 435 1207 vero
458 1147 537 1206 bone
558 1153 629 1207 neta
657 1150 686 1205 in
710 1146 873 1224 decangulo
901 1146 1083 1224 praejudicet
1105 1148 1341 1226 quinquengnlo,
1375 1157 1427 1208 eut
1448 1162 1486 1208 ne

134 1235 237 1311 epeciee
262 1234 366 1294 eadem
389 1233 489 1293 lateris
511 1232 711 1311 oetangularie
734 1242 841 1310 nequet
862 1250 948 1295 enam
969 1234 1093 1313 figuram
1115 1236 1338 1315 quinquanguie
1361 1236 1408 1295 uei
1432 1235 1486 1296 de·

136 1320 265 1397 cingulo,
288 1338 367 1381 nove
382 1321 604 1403 quinquvgule
618 1320 732 1382 occcidit
747 1320 841 1381 virtum
863 1320 892 1379 in
916 1326 982 1381 ortu
997 1325 1076 1401 ipe03
1100 1323 1179 1401 quod
1201 1342 1252 1402 per
1267 1325 1343 1384 beno
1366 1331 1485 1397 nectem,

136 1408 248 1468 denario
268 1412 540 1484 communicantem,
564 1416 668 1486 regnat
683 1410 814 1486 undique
834 1411 987 1487 proportio
1002 1409 1112 1485 divina,
1134 1429 1212 1488 quoe
1227 1411 1395 1477 immediate
1411 1413 1488 1471 ineet

135 1498 198 1573 ipeie
220 1496 364 1557 interibne
388 1494 634 1574 qrtinquanguieri
657 1497 780 1574 ejusque
803 1497 924 1573 eteliae3
952 1502 983 1557 at
1013 1497 1201 1575 decaoguIeri
1231 1517 1297 1561 cum
1324 1516 1380 1559 eun
1401 1497 1488 1558 eteila

136 1601 187 1642 non
208 1587 360 1661 competit,
383 1587 439 1643 nini
462 1584 609 1645 mediante
632 1585 724 1646 latere
746 1584 916 1661 eenenguli'3
941 1587 1124 1664 octangnlari
1145 1587 1234 1664 plene
1256 1604 1315 1648 nen
1339 1588 1486 1663 competit

213 1671 338 1732 Praetor
360 1672 416 1732 bea
436 1672 562 1732 lemnum
584 1675 778 1749 proprietates
802 1671 877 1732 aliun
899 1675 1018 1750 iuenper
1031 1691 1137 1735 censue
1153 1682 1198 1734 eet
1212 1675 1386 1748 nobilitatis,
1409 1673 1488 1750 quod

135 1758 237 1835 iignree
270 1760 488 1838 distinguuntur
515 1778 552 1821 ex
582 1761 745 1837 aptitudine
773 1768 803 1818 et
831 1760 1009 1836 perfectione
1036 1779 1137 1834 areae,
1172 1779 1261 1838 quam
1283 1764 1360 1840 sepit
1384 1761 1488 1837 figura.
1523 1774 1528 1785 ·

135 1846 187 1906 Hic
207 1855 279 1926 poet
301 1847 474 1907 dlametrnm
504 1848 604 1926 (cujue
626 1866 696 1909 area
717 1847 800 1907 nulle
822 1855 853 1907 et
875 1865 951 1924 quae
974 1848 1039 1918 epla
1061 1848 1161 1909 circuli
1184 1867 1299 1921 aream,
1330 1856 1364 1908 ut
1385 1848 1488 1909 Ptole-

135 1953 229 1995 maeus
255 1943 366 2009 monet,
383 1938 418 1993 in
443 1935 501 1994 duo
525 1936 661 2012 aequeiia
681 1944 777 2009 tecet,
801 1952 859 1994 uon
883 1937 1089 2013 minuendam
1113 1933 1385 2015 circumferentiam)
1407 1938 1490 2014 prin·

137 2025 224 2100 cipem
248 2022 350 2082 loenm
374 2023 507 2082 obtinent
529 2030 700 2101 tetragonus
723 2030 751 2082 et
774 2021 992 2099 dodecagonue,
1016 2026 1066 2101 qui
1090 2042 1188 2085 areem
1203 2024 1314 2086 babent
1335 2024 1490 2099 effabilem,

136 2117 162 2169 et
181 2118 355 2187 tetragonus
379 2109 497 2186 quidem
521 2112 628 2173 eximia
650 2112 874 2188 praerogativa,
898 2113 970 2188 quie
992 2111 1094 2171 eedem
1117 2111 1228 2173 illicet
1251 2129 1335 2186 eree,
1359 2130 1437 2188 qnae
1461 2119 1490 2173 et

136 2196 226 2257 lateris
274 2196 443 2271 deductum,
478 2200 587 2276 quippo
610 2215 698 2259 areae
719 2200 832 2275 epeciee
856 2205 900 2257 eet
923 2198 1082 2275 quadrata:
1115 2201 1216 2277 itaque
1238 2202 1317 2278 eepit
1338 2196 1490 2259 dimidium

136 2284 168 2343 de
187 2300 226 2363 qu
272 2292 336 2346 rato
359 2283 510 2362 dtameui3
532 2284 742 2363 undecagonus
759 2292 902 2345 vernent
917 2293 985 2363 pont
999 2287 1150 2363 principie,
1176 2288 1293 2365 sepiens
1317 2282 1491 2347 domaritem

136 2372 168 2432 de
188 2372 338 2450 qnadreto
360 2372 504 2435 diametri.
538 2372 675 2433 Proximo
698 2373 765 2434 loco
789 2373 948 2433 succedunt
970 2374 1112 2451 trigonus,
1136 2375 1330 2452 sexangulum
1354 2380 1384 2434 et
1406 2385 1490 2434 octo·

136 2476 232 2535 genna,
259 2463 369 2537 quibu
381 2470 429 2521 eet
451 2476 520 2521 area
541 2476 578 2521 ex
593 2465 691 2537 opecie
706 2476 816 2536 menon,
839 2463 997 2539 pentagoni
1022 2468 1051 2522 et
1067 2460 1210 2540 decagoni
1225 2474 1313 2524 oreae
1326 2461 1409 2525 nain
1425 2462 1493 2522 dum

136 2547 240 2609 hebent
266 2552 387 2608 nomine
409 2552 569 2609 notionum.

561 2908 566 2927 ,
673 2863 783 2927 Finit
811 2862 902 2924 iibri
933 2862 958 2924 i.
1063 2934 1067 2941 Ι
