3872 5846
354 423 418 482 ato
767 382 1290 483 necomgnauomusmmoms.

354 593 700 673 diapente,·sesquadrus
722 601 823 654 sextae
846 593 937 666 molli,
960 590 1124 668 biquintilis
1137 597 1238 649 sextae
1255 590 1355 665 durae,
1379 595 1530 668 oppositus
1547 592 1706 670 diapason3

354 687 424 760 qnia
446 686 472 743 si
494 684 610 743 auferas
633 700 651 741 a
674 681 783 741 chorda
806 690 868 741 tota
891 689 1003 740 tantam
1024 681 1207 756 portionem,
1237 688 1378 753 quautam
1401 683 1566 755 portionem
1589 681 1626 740 de
1649 684 1708 741 cir-

354 772 420 831 culo
443 770 538 830 aufert
561 770 684 846 quilibet
706 777 860 846 aspectus,
890 768 1040 829 residuum
1064 765 1190 826 chordae
1219 764 1289 824 facit
1312 782 1377 825 cum
1401 776 1465 825 tota
1495 766 1577 827 illurn
1600 786 1707 828 conso·
1746 768 1749 773 ’

354 860 499 931 nantium,
530 875 605 934 quae
628 857 676 915 lrie
698 856 819 916 cuilibet
842 860 974 933 aspectui
997 864 1042 913 cst
1064 854 1222 929 adscripta.
1269 850 1343 914 Cum
1372 856 1462 929 igitur
1492 873 1629 914 numerus
1653 859 1707 916 iste

352 948 534 1023 septenarius
558 942 847 1017 concordantium,
879 962 932 1004 scu
955 945 1054 1020 potius
1078 943 1242 999 sectionum
1265 940 1516 1016 harmonicorum,
1547 961 1621 1031 quas
1644 946 1707 1003 siu-

353 1034 438 1111 gulas
460 1030 593 1109 singulae
617 1032 842 1091 concordantiae
865 1031 939 1090 infra
962 1031 1105 1107 diapason
1131 1029 1334 1130 insequuntur,
1358 1038 1452 1088 cemus
1470 1032 1509 1088 sit
1531 1039 1560 1089 et
1583 1032 1706 1121 demon-

354 1122 503 1194 strativus,
526 1138 585 1179 non
609 1122 705 1177 minus
728 1137 817 1195 quam
840 1122 908 1178 est
901 1137 929 1176 nr
947 1118 1107 1193 geometria
1123 1132 1262 1173 numerus
1280 1117 1432 1190 qrriuarius
1449 1134 1601 1193 corporum
1618 1138 1706 1195 regu-

353 1209 467 1281 larium,
491 1216 523 1266 ut
544 1207 619 1265 libro
641 1207 696 1264 lll.
721 1224 784 1282 cap.
810 1210 839 1264 2.
863 1209 973 1282 patuit:
1002 1210 1080 1264 esset
1102 1204 1192 1278 igitur
1214 1204 1289 1260 ratio
1314 1202 1531 1262 demonstrandi
1555 1223 1707 1266 numerum
1737 1277 1740 1283 ¹

333 1302 524 1379 ,aspectuum
553 1294 648 1354 facilis
680 1301 710 1353 et
739 1292 876 1371 expedita
903 1302 956 1371 pei
977 1298 1144 1369 susceptum
1174 1290 1231 1348 hoc
1258 1291 1391 1363 axioma,
1424 1308 1478 1349 nec
1508 1293 1610 1354 fuisset
1632 1313 1707 1372 opus

354 1380 478 1459 operoso
500 1385 558 1441 isto
581 1398 724 1440 uovorum
746 1383 926 1440 axiomatum
949 1380 1015 1440 libri
1037 1378 1091 1437 lV.
1114 1384 1268 1453 apparatu.
1327 1396 1331 1411 ·

440 1469 478 1529 Et
499 1487 570 1529 sane
593 1472 658 1527 sio
641 1470 861 1528 observationes
884 1467 1129 1567 meteorologicae
1152 1466 1221 1522 huic
1243 1465 1408 1540 septenario
1437 1475 1608 1541 aspectuum
1630 1469 1706 1528 fuis·
1787 1530 1792 1544 ,

353 1563 418 1615 sent
441 1556 617 1633 astipulatae
641 1575 676 1615 ex
699 1573 780 1627 asse,
805 1557 1019 1630 acquievissem
1042 1569 1097 1629 ego
1121 1554 1151 1609 in
1173 1554 1381 1628 supraposito
1405 1555 1565 1628 axiomata,
1592 1574 1646 1615 nec
1669 1557 1706 1616 de
1791 1572 1798 1585 ’

355 1646 405 1715 iis,
438 1661 513 1719 quae
545 1646 749 1703 curationum
775 1643 1009 1702 harmonicorum
1039 1648 1105 1699 artu
1136 1656 1231 1715 exque
1261 1640 1480 1715 ructaplrysicae
1504 1660 1611 1702 causae
1634 1661 1707 1703 ccu-

355 1730 532 1790 sideratione
555 1737 691 1807 poterant
714 1731 816 1806 objici,
849 1729 935 1790 valde
958 1730 1078 1788 inissem
1100 1725 1253 1813 sollicitus.
1299 1724 1358 1785 Sed
1382 1730 1452 1803 quia
1475 1731 1574 1789 crebro
1602 1731 1707 1808 depre-

355 1819 479 1877 hensum
502 1826 555 1891 est,
579 1827 711 1877 naturam
735 1818 923 1891 sublunarem
946 1816 1090 1876 stimulari
1113 1815 1411 1885 etiamascmisexto,
1437 1819 1487 1891 qui
1503 1817 1706 1879 duodecimam

355 1913 467 1981 partem
499 1905 598 1965 circuli
626 1908 785 1981 intercipit,
819 1922 886 1964 curn
908 1914 1016 1978 tamen,
1040 1901 1141 1961 ablata
1162 1903 1296 1976 portione
1321 1901 1494 1961 duodecima
1526 1904 1562 1963 dc
1586 1907 1705 1980 chorda,

355 1990 501 2051 residuum
533 1995 659 2069 partium
689 1992 825 2051 undecim
852 2009 911 2053 non
944 1997 1085 2051 consonet
1113 2005 1180 2047 cum
1212 1995 1291 2059 tota,
1322 1998 1352 2047 et
1375 1992 1446 2064 quia
1468 1991 1575 2052 infidae
1598 1994 1705 2069 depre-

354 2079 463 2143 hensae
486 2090 553 2138 sunt
577 2079 827 2139 exstimulationes
850 2088 1070 2157 tempestatum·
1085 2086 1135 2153 per
1157 2073 1365 2151 sesquadrum,
1398 2079 1449 2153 qui
1472 2078 1623 2155 dispungit
1646 2089 1706 2140 tres

356 2175 476 2226 octavas
500 2167 613 2238 circuli,
638 2184 703 2225 cunr
728 2175 833 2236 tamen,
857 2167 965 2226 ablatis
987 2167 1081 2224 tribus
1105 2165 1218 2221 octavis
1242 2161 1278 2221 de
1301 2162 1418 2235 chorda,
1441 2165 1588 2243 residuum
1614 2169 1631 2226 5
1655 2185 1707 2228 oe-

274 2288 280 2301 ·
353 2263 487 2313 tavarum
512 2257 629 2314 omnino
654 2265 792 2314 consonet
816 2271 882 2313 curu
902 2262 968 2312 tota
992 2255 1026 2325 8,
1052 2252 1120 2308 hinc
1143 2255 1208 2307 orta
1229 2248 1301 2307 mihi
1322 2250 1378 2308 fuit
1400 2256 1576 2324 necessitas,
1601 2271 1706 2314 causas

356 2341 504 2400 dissensus
528 2350 558 2400 et
581 2341 758 2400 diversitatis
788 2340 876 2418 hujus
904 2341 962 2400 hoc
984 2340 1037 2398 IV.
1062 2338 1136 2395 libro
1159 2337 1284 2395 rimandi
1315 2339 1495 2413 profundius.
1543 2340 1628 2415 Quod
1652 2346 1707 2402 etsi

355 2435 432 2487 recte
459 2436 609 2505 peractum
640 2434 670 2487 et
701 2445 806 2488 causas
837 2428 1014 2487 clarissimas
1043 2432 1140 2484 erutas
1164 2426 1313 2495 existimo,
1346 2436 1488 2485 sumniam
1511 2436 1609 2487 tamen
1643 2428 1719 2488 dis·'

355 2516 516 2592 putationis
540 2517 630 2574 totins
652 2517 756 2574 iterato
780 2508 927 2576 inculcare
951 2532 1009 2573 uon
1032 2512 1179 2583 nocuerit,
1202 2528 1268 2569 cum
1290 2511 1319 2569 id
1343 2517 1472 2590 requirat
1494 2516 1627 2575 instituta
1651 2517 1708 2578 hoc
1787 2577 1796 2585 ,

356 2602 423 2662 loco
447 2602 604 2678 explicatio
628 2619 743 2676 eorum,
767 2621 843 2679 quae
866 2605 896 2660 in
918 2599 1109 2680 praeambulo
1134 2597 1335 2674 Ephemeridis
1358 2592 1504 2660 concisius
1526 2611 1593 2661 sunt
1618 2604 1705 2666 dicta.

444 2690 542 2749 Causa
564 2690 662 2766 igitur,
686 2707 736 2749 cur
750 2707 818 2765 non,
843 2698 915 2767 quot
938 2696 1006 2750 sunt
1028 2692 1057 2746 in
1072 2688 1185 2745 musica
1199 2688 1344 2746 sectiones
1366 2688 1561 2760 harmonicae,
1586 2691 1706 2750 totidem

357 2777 447 2835 etiam
470 2780 527 2836 siut
550 2784 701 2855 aspectus,
734 2781 776 2837 uti
800 2795 894 2854 usque
917 2778 955 2837 ad
970 2792 1087 2839 ‚sannam
1114 2774 1206 2832 1608.
1231 2773 1424 2847 credideram,
1448 2786 1493 2835 est
1515 2777 1603 2856 haec,
1625 2781 1708 2854 'quia

355 2867 474 2923 musica
496 2867 661 2940 septenarii
681 2867 731 2924 sai
749 2869 910 2943 principia
931 2862 1086 2925 carnalia
1108 2878 1144 2919 ec
1166 2863 1234 2935 ipsa
1255 2863 1433 2921 rectitudine
1455 2863 1583 2924 chordae
1604 2866 1707 2939 trahit,

357 2964 426 3009 cum
448 2953 593 3024 arcadas,
623 2955 657 3009 iu
680 2971 739 3028 quo
761 2962 904 3014 notamus
927 2959 1076 3029 aspectus,
1103 2952 1138 3007 in
1165 2963 1195 3005 se
1216 2951 1318 3023 ipsum
1340 2950 1455 3024 redeat,
1485 2968 1540 3009 uec
1560 2956 1654 3047 possit
1673 2960 1709 3011 at

357 3054 394 3097 ex
419 3028 549 3099 chordae
576 3041 618 3097 sic
649 3041 741 3098 etiam
771 3059 807 3100 ea
837 3041 954 3101 zodiaci
982 3038 1103 3097 'residuo
1131 3035 1198 3112 fieri
1226 3036 1357 3094 circulus
1386 3039 1472 3097 alias
1520 3038 1618 3097 lerba
1639 3016 1708 3098 arsut

358 3123 500 3184 dictorum
523 3126 749 3202 prolegomenon
777 3127 828 3187 fol.
854 3130 913 3208 35,
943 3143 1018 3204 quae
1047 3126 1090 3184 sic
1113 3121 1287 3199 explicanda
1314 3130 1390 3182 sunt.
1435 3125 1509 3184 Nam
1533 3134 1565 3184 ut
1587 3143 1651 3202 cap
1676 3129 1706 3187 4.

358 3212 445 3287 hujus
468 3213 594 3286 dictum,
626 3213 711 3272 aliter
734 3216 865 3274 criuntur
888 3219 1033 3276 sectiones
1055 3212 1257 3283 harmonicae,
1289 3210 1372 3269 aliter
1400 3220 1550 3287 aspectus,
1580 3214 1648 3272 licet
1671 3231 1707 3273 ex

358 3298 462 3360 eodem
485 3301 594 3360 circulo
618 3302 748 3360 oriantur
770 3305 894 3378 utrique.
939 3302 1016 3362 Nam
1036 3300 1112 3358 libro
1126 3296 1182 3356 ΙΙΙ.
1205 3301 1247 3357 sic
1270 3307 1437 3375 comparata
1459 3309 1528 3359 suut
1550 3304 1706 3375 axiomata,

358 3395 392 3446 ut
413 3387 563 3463 quaelibet
586 3388 694 3448 chorda
716 3388 900 3465 chordasque
924 3408 999 3466 pars,
1024 3404 1077 3447 seu
1090 3388 1181 3460 longa
1195 3403 1247 3445 seu
1263 3386 1369 3458 brevis,
1392 3389 1485 3463 possit
1500 3391 1602 3447 iterum
1627 3405 1709 3447 com-

357 3477 454 3550 parari
477 3478 531 3535 toti
555 3475 671 3549 circulo,
695 3494 754 3535 non
776 3480 871 3537 minus
896 3495 983 3554 quam
1007 3485 1071 3535 tota
1093 3474 1339 3548 seulongissima
1357 3473 1581 3535 chorda·eidem
1599 3476 1708 3535 circulo

358 3564 599 3639 comparabatur;
622 3572 653 3622 at
674 3562 731 3644 froc
753 3563 827 3624 libro
850 3564 904 3623 IV.
927 3583 986 3625 non
1010 3561 1107 3639 potuit
1129 3578 1213 3620 arcus
1236 3561 1353 3632 circuli,
1385 3578 1437 3620 seu
1459 3563 1553 3638 major
1576 3566 1709 3623 semicir-

358 3648 426 3708 culo
448 3667 502 3708 seu
524 3652 634 3729 minor,
666 3654 828 3728 comparari
855 3655 919 3711 toti.
964 3653 1073 3710 Dicam
1100 3647 1223 3708 clarius:
1247 3654 1433 3724 quotcunque
1460 3650 1555 3709 modis
1583 3649 1709 3710 circulus

359 3734 501 3795 dividitur
523 3737 766 3811 demonstrative,
797 3757 898 3798 ornnes
920 3739 965 3797 illi
988 3737 1067 3796 modi
1088 3743 1214 3814 possunt
1235 3736 1381 3820 mansioni
1410 3738 1438 3793 in
1461 3736 1568 3797 lineam
1590 3746 1708 3810 rectam,

361 3822 417 3883 lroc
447 3832 493 3883 est
507 3824 658 3885 'chordam
689 3824 814 3903 ejusque
844 3834 958 3903 partem
990 3839 1205 3901 quamcunque·
1251 3824 1291 3880 At
1318 3839 1377 3882 non
1406 3826 1449 3883 sic
1471 3825 1577 3884 divisio
1601 3826 1709 3887 circuli

359 3912 451 3970 totius
474 3910 718 3987 demonstrativa,
752 3914 834 3972 verbi
857 3930 948 3973 causa
970 3916 999 3970 in
1023 3914 1079 3971 tria
1108 3913 1210 3969 autin
1233 3912 1380 3985 quinque,
1411 3906 1509 3987 potest
1531 3912 1596 3971 ideo
1620 3914 1709 3973 etiam

361 4000 391 4054 in
413 4015 512 4057 arcum
540 3999 605 4074 ejus
629 4017 831 4076 quemcunque
861 4003 1024 4073 transferri,
1053 3998 1131 4073 quod
1159 4000 1230 4056 satis
1260 4004 1304 4056 est
1327 3998 1555 4059 demonstratum
1585 4001 1613 4057 in
1638 4016 1709 4075 pro·

360 4087 557 4162 positionibus
581 4087 690 4146 ultimis
713 4084 780 4146 libri
803 4090 896 4165 primi.
943 4088 1040 4148 Causa
1062 4094 1107 4147 est
1128 4086 1158 4142 in
1181 4084 1287 4160 figura:
1311 4094 1390 4144 recta
1406 4090 1482 4145 enim
1505 4096 1604 4146 manet
1619 4095 1707 4162 recta,

358 4177 422 4233 sive
454 4181 602 4233 truncetur
628 4177 691 4234 sive
720 4175 928 4254 prolongetur,
961 4186 992 4237 at
1023 4174 1146 4235 circulus
1175 4180 1325 4231 truncatus
1357 4190 1414 4231 non
1445 4184 1544 4232 manet
1574 4174 1708 4233 circulus.

316 4316 322 4332 ,
358 4258 454 4320 Datur
476 4262 564 4338 igitur
585 4263 676 4321 sectio
699 4265 925 4339 proportionalis
955 4265 1090 4324 binarum
1119 4277 1356 4337 quarumcunque
1386 4267 1543 4330 rectarum,
1573 4262 1657 4320 datur
1679 4268 1709 4321 et

360 4348 494 4409 binorum
516 4365 757 4451 quorumcunque
780 4349 963 4427 circulorum,
986 4349 1037 4410 sed
1061 4366 1118 4409 nou
1134 4347 1220 4407 datur
1242 4350 1373 4405 binomm
1397 4365 1636 4425 quorumcunque
1659 4366 1708 4408 ar-

360 4452 447 4495 cuum
476 4438 561 4496 unius
591 4437 699 4497 circuli
744 4437 828 4498 Haec
855 4441 898 4500 sio
929 4441 967 4499 ad
996 4439 1178 4516 propositum
1206 4435 1476 4523 accommodantur:
1508 4438 1533 4495 si
1561 4436 1708 4495 dividatur

360 4521 522 4582 chordam
544 4532 643 4601 partes
666 4531 742 4598 octo,
767 4526 911 4587 divisione
934 4544 974 4587 sc
990 4526 1091 4586 circuli
1108 4523 1345 4592 demonstrativa,
1370 4540 1429 4582 nna
1443 4530 1550 4583 octava
1567 4531 1709 4583 consonat

361 4626 427 4670 eum
451 4618 526 4680 tota,
558 4619 721 4671 consonant
743 4619 773 4671 et
794 4621 852 4673 tres
875 4622 1007 4685 octavae,
1030 4620 1197 4689 propterea,
1227 4612 1297 4684 quia
1319 4626 1378 4668 una
1401 4618 1507 4670 octava
1534 4611 1632 4670 circuli
1655 4610 1709 4671 de·

360 4698 553 4756 monstrativa
575 4698 700 4759 rescindi
722 4707 835 4776 potest,
858 4708 891 4760 ut
914 4710 944 4761 et
966 4712 1025 4759 tres
1048 4707 1181 4759 octavae.
1226 4695 1335 4754 Eadem
1359 4697 1588 4758 demonstrativa
1611 4697 1709 4756 deter-

361 4785 482 4842 minatio
505 4794 549 4843 est
572 4789 660 4846 ctiam
683 4788 758 4846 inter
780 4803 895 4861 causas,
928 4804 979 4848 cur
1002 4787 1098 4846 octilis
1122 4793 1150 4843 et
1173 4784 1305 4843 trioctilis
1328 4787 1387 4843 sint
1402 4787 1544 4845 efficaces.
1591 4786 1630 4843 At
1651 4785 1709 4844 hoc

362 4879 408 4934 est
429 4868 599 4948 tumen,
630 4872 709 4951 quod
732 4874 792 4937 illic
813 4875 942 4936 nondum
965 4882 1012 4937 est
1034 4874 1193 4935 constituta
1213 4874 1305 4933 sectio
1328 4872 1510 4947 harmonica,
1540 4873 1596 4931 ufsi
1619 4874 1708 4931 etiam
