3792 5860
872 1304 874 1309 ’
912 1291 977 1371 J0.
1003 1277 1243 1385 uterino]

693 1452 1001 1612 ιιιιιιιιιι
1035 1452 1188 1567 ιιιιι
1225 1451 1373 1566 ιιιιι
1407 1453 1458 1566 ιι.

505 1652 516 1671 ’
626 1658 676 1731 De
713 1658 949 1748 congruentia
986 1657 1195 1746 Figurarum
1226 1659 1521 1733 Harmonicarum.

973 1912 1181 1923 -—-—-—

912 2093 1234 2219 ιιιιιιιιιιιιι.

486 2274 653 2338 Essentiam
667 2266 848 2353 singularum
861 2273 1020 2351 figurarum
1035 2275 1215 2352 regularium
1233 2272 1393 2336 mentalem
1416 2289 1470 2333 seu
1490 2294 1593 2351 sospes
1614 2270 1758 2333 hactenus

352 2412 355 2417 ,
403 2363 567 2442 explicavi:
589 2364 722 2440 sequitur
743 2380 843 2423 earum
861 2362 1029 2439 junctarum
1044 2365 1218 2440 proprietas,
1241 2371 1271 2423 et
1293 2360 1385 2422 veluti
1401 2361 1521 2422 effectus
1537 2363 1615 2420 intra
1634 2377 1759 2437 geome-

402 2453 498 2527 triam,
521 2453 572 2528 qui
596 2458 652 2531 ests
663 2453 854 2527 congruentia
876 2449 925 2510 rel
946 2452 1181 2539 insociabilitas.j
1215 2449 1283 2510 Nou
1305 2456 1375 2509 sunt
1396 2451 1475 2510 enirn
1496 2446 1630 2525 ejusdem
1652 2447 1756 2509 latitu-

403 2537 479 2599 dinis
509 2538 777 2600 demonstrabilitas
806 2545 836 2598 et
866 2541 1070 2615 congruentia,
1098 2555 1163 2599 cum
1192 2537 1244 2597 illa
1271 2536 1453 2612 singularum
1482 2538 1522 2595 sit
1550 2544 1580 2597 et
1602 2553 1670 2596 cum
1693 2538 1759 2611 ipsa

354 2628 359 2634 '
403 2626 603 2704 duplicatione
626 2628 765 2686 continua
786 2622 911 2685 laterum
941 2628 1028 2686 unius
1057 2626 1168 2703 ligurae
1195 2627 1225 2683 in
1248 2625 1392 2684 inlinitum
1415 2631 1563 2698 excurrat,
1593 2626 1651 2683 ista
1673 2624 1759 2683 certis

353 2734 355 2739 ·
403 2722 536 2799 coartata
556 2712 688 2791 legibus,
713 2714 821 2790 quibua
843 2713 943 2790 plures
964 2714 1075 2790 ligatae
1098 2716 1128 2771 iu
1151 2731 1240 2773 unam
1261 2715 1433 2773 societatem
1456 2710 1612 2785 vocantur,
1642 2711 1680 2771 ob
1704 2727 1760 2769 an·

402 2802 539 2880 gulosam
561 2804 739 2862 incrementa
760 2818 792 2862 se
816 2802 910 2877 ipsam
933 2801 1134 2878 praepediens,
1159 2801 1218 2861 cito
1241 2798 1365 2861 desinat
1410 2800 1448 2859 Et
1471 2800 1607 2876 quamvis
1629 2796 1760 2858 delectus

403 2892 443 2950 eit
464 2888 607 2967 graduum
629 2890 769 2950 scientiae
792 2886 1106 2965 demonstrationisque
1128 2896 1159 2948 et
1178 2887 1334 2966 plurimum
1349 2887 1483 2948 different
1505 2887 1658 2947 nobilitate
1680 2884 1759 2959 illae,

404 2994 479 3054 ques
503 2995 558 3037 noe
580 2970 801 3054 explicavimus,
818 2976 855 3035 ab
870 2978 916 3049 iis,
939 2992 1014 3053 quas
1029 2976 1191 3036 dimisimus
1213 2977 1278 3036 sine
1300 2977 1431 3035 nominc:
1454 2992 1513 3034 non
1528 2981 1625 3035 umen
1640 2990 1679 3033 ne
1693 2989 1760 3032 cum

406 3065 463 3125 bac
485 3065 604 3141 quidem
628 3063 884 3125 demonstrationis
906 3064 1061 3125 nobilitate
1083 3067 1275 3142 congruentia
1303 3062 1391 3141 plane
1413 3064 1478 3140 pari
1499 3079 1590 3139 passu
1612 3060 1760 3135 ambulet,

406 3151 542 3229 adeoque
564 3171 654 3213 unum
678 3152 800 3212 alterius
822 3168 913 3211 causa
934 3159 1062 3228 nonest,
1084 3150 1138 3213 scd
1152 3159 1308 3228 utrumque
1330 3168 1366 3211 ex
1382 3149 1487 3210 eadem
1509 3152 1656 3210 communi
1670 3165 1762 3209 causa

405 3235 500 3323 (quae
522 3248 568 3300 eet
584 3240 764 3318 ‘angulorum
785 3234 896 3316 ligbrae
912 3237 1070 3323 aptitudo),
1094 3237 1232 3316 quodque
1252 3247 1350 3298 tamen
1373 3240 1435 3298 suis
1457 3237 1582 3314 legibus,
1605 3235 1761 3315 dependet

407 3327 596 3405 Quantopere
619 3345 689 3388 vero
711 3330 878 3387 necessarie
899 3330 939 3386 sit
960 3328 1046 3389 nobie
1067 3327 1141 3388 baec
1163 3344 1282 3404 quoque
1303 3325 1513 3403 speculationis
1534 3343 1613 3404 pars,
1637 3342 1677 3404 cx¹
1695 3326 1760 3401 ipso

276 3424 283 3433 ’
408 3416 499 3475 totius
522 3417 619 3492 operis
641 3415 775 3475 instituto
798 3412 898 3474 videre
922 3422 975 3474 est.
1010 3414 1085 3475 Cum
1106 3417 1184 3475 enim
1200 3416 1341 3491 originem
1363 3414 1546 3474 harmonices
1569 3413 1693 3491 ejusque
1715 3412 1761 3472 ei·

406 3503 503 3565 lectus
525 3506 555 3561 ln
586 3509 649 3563 toto
671 3501 781 3563 mundo
810 3504 1078 3579 praestantissimos
1105 3500 1294 3578 explicandos
1316 3505 1523 3576 sumserimus,
1551 3499 1700 3578 quomodo
1724 3498 1762 3559 da

372 3604 375 3615 ·
407 3592 598 3668 congruentia
627 3590 803 3668 figurarum,
838 3607 915 3666 quae
945 3597 1013 3650 eunt
1041 3591 1264 3668 proportionum
1290 3589 1525 3650 harmonicorum
1555 3589 1761 3665 scaturigines,
1888 3650 1889 3669 ,

406 3679 499 3740 verbe
519 3676 603 3741 nulla
623 3678 788 3739 iaciamus?
811 3694 878 3738 cum
899 3676 976 3738 idem
991 3686 1077 3739 sonet
1091 3676 1205 3738 Latinis
1227 3693 1386 3755 congruere
1402 3684 1433 3737 et
1450 3679 1655 3753 congruentia,
1680 3673 1762 3752 quod

409 3764 530 3827 Graecis
551 3761 707 3845 apponas
728 3773 757 3826 et
779 3761 920 3844 ἁρμοιια,
955 3783 1021 3826 eum
1050 3765 1099 3825 bic
1127 3764 1286 3843 figuram
1315 3764 1436 3825 effectus
1465 3765 1541 3824 intra
1569 3766 1762 3842 geometriam

407 3856 542 3931 musque
564 3854 804 3917 architectonicas
825 3862 938 3931 partem
953 3852 1043 3926 illem,
1066 3871 1142 3930 quae
1158 3856 1236 3914 circa
1250 3851 1426 3930 archetypos
1441 3859 1582 3927 versetur,
1606 3854 1644 3912 sit
1666 3868 1762 3928 quae·

408 3942 477 4004 daur
499 3943 581 4005 velut
603 3944 702 4019 imago
730 3948 760 4003 et
781 3940 965 4019 praeludium
988 3936 1146 4002 effectuum
1175 3949 1258 4001 extra
1279 3941 1470 4016 geometriam
1492 3949 1633 4018 armaque
1655 3939 1762 3999 mentis

408 4038 567 4108 conceptus
589 4032 619 4090 in
641 4031 714 4108 ipsis
734 4030 822 4090 rebus
846 4028 1029 4089 naturalibus
1052 4037 1082 4089 et
1104 4028 1295 4102 coelestibus,
1318 4044 1384 4088 cnm
1406 4030 1570 4105 proprietas
1592 4028 1667 4088 haee
1688 4032 1762 4086 cori·

407 4121 568 4198 grucntiac,
593 4135 669 4195 quac
692 4121 920 4177 instructuram
943 4122 973 4177 et
993 4114 1226 4193 corporationem
1249 4115 1377 4192 aliquem
1400 4118 1473 4190 crit,
1496 4115 1565 4176 talis
1587 4118 1635 4191 sit,
1658 4122 1691 4174 ut
1714 4112 1764 4174 vel

409 4210 475 4286 ipsa
496 4213 624 4268 mentem
645 4204 868 4283 speculatricem
889 4204 996 4263 invitet
1017 4203 1056 4265 ad
1078 4202 1191 4280 aliquid
1208 4206 1297 4265 etiam
1311 4203 1382 4263 ioris
1395 4203 1570 4278 laciendum,
1594 4200 1762 4277 creandum,

408 4293 636 4373 corporandum,
666 4301 758 4369 utque
783 4292 880 4353 lateus
905 4290 974 4351 inde
1005 4292 1043 4352 ab
1074 4297 1194 4351 aeterno
1222 4293 1254 4350 in
1276 4288 1519 4368 superbenedicta
1540 4297 1636 4351 mente
1661 4289 1765 4352 divine

407 4400 460 4461 per
482 4382 614 4443 idearum
637 4381 753 4441 ordines
775 4386 918 4457 tanquam
939 4379 1050 4440 bonum
1071 4396 1226 4455 summum,
1248 4374 1296 4440 eui
1311 4381 1595 4454 communicativum,
1621 4379 1764 4440 contineri

408 4472 439 4529 in
461 4487 516 4530 sue
538 4471 735 4530 abstractione
755 4485 815 4528 non
837 4468 982 4544 potuerit,
1005 4470 1077 4546 quin
1099 4468 1129 4525 in
1152 4468 1307 4528 creationis
1329 4482 1404 4544 opus
1425 4475 1626 4546 prorumperet
1647 4467 1766 4527 Deum-

408 4574 467 4635 que
496 4565 656 4641 creatorem
684 4556 812 4617 efficeret
842 4571 995 4632 corporum
1023 4556 1079 4615 sub
1106 4552 1211 4616 iisdem
1245 4554 1346 4632 figuris
1374 4553 1585 4616 conclusorum.
1630 4555 1676 4615 De
1706 4554 1765 4616 bac

408 4647 498 4722 igitur
520 4644 677 4721 figurarum
699 4646 889 4722 congruentia
910 4643 1014 4721 paucis
1036 4660 1140 4720 agaim
1172 4659 1238 4704 com
1266 4642 1529 4705 demonstrationes
1552 4642 1685 4704 difficiles
1707 4659 1765 4702 nc·

409 4748 558 4813 quaquam
579 4734 647 4808 sint,
669 4749 725 4795 nec
746 4732 805 4793 alio
826 4748 902 4809 pene
924 4737 1078 4808 apparatu,
1101 4749 1191 4808 quana
1205 4735 1272 4810 ipsa
1285 4730 1445 4813 figuram
1466 4733 1580 4810 pictura
1599 4731 1763 4811 indigeant.
