3872 5846
362 400 426 464 too
453 428 460 435 ·
773 399 816 454 De
834 398 1100 470 GonfigmatIonibus
1120 401 1317 463 Harmoniam..

448 578 570 638 Trinum
600 540 689 641 etlam
717 584 747 637 et
779 577 954 661 quadratum
985 586 1016 640 et
1047 581 1200 657 quintilem
1231 589 1261 641 et
1293 581 1477 658 biquiutilem
1509 580 1719 659 prolegomena

363 667 563 745 Ephemeridis
584 666 696 726 facium
717 667 857 743 aequales
879 670 913 725 in
933 671 1039 743 pruma
1061 676 1089 727 et
1111 669 1300 729 validissimo
1323 686 1439 741 causa,
1458 677 1532 745 puts
1553 687 1719 746 congruen-

362 757 421 815 tiae
444 772 535 831 purae
558 758 588 812 iu
610 751 721 824 solido,
752 752 790 812 ad
823 751 1042 815 constituendas
1069 755 1177 831 figuras
1208 756 1318 816 solidas
1348 756 1512 832 regulares,
1543 760 1661 816 trinum
1691 765 1719 817 et

274 847 275 850 ’
363 842 552 919 quadratum
575 841 634 899 dixi
657 840 768 901 addam
790 859 916 900 musam
930 842 1104 916 secuudum,
1127 861 1192 903 noa
1205 844 1302 905 multo
1317 845 1469 919 leuiorem,
1491 844 1622 920 intelllge
1645 862 1719 905 cou-

362 926 526 1006 grueutiam
558 945 659 1006 puram
686 927 844 1011 figurarum
872 931 902 986 iu
922 928 1023 1005 plano.
1068 930 1152 990 Haec
1175 930 1293 1007 quidem
1324 934 1413 991 etiam
1435 932 1532 991 sextili
1556 935 1719 993 communis

362 1024 416 1090 est,
440 1014 628 1077 rerumeam
652 1013 702 1075 ille
723 1032 782 1074 non
805 1014 888 1075 addit
908 1018 1029 1092 primae,
1053 1016 1105 1078 sed
1127 1027 1293 1094 separatam
1315 1019 1354 1078 ab
1368 1019 1421 1079 illa
1442 1017 1582 1096 possidet.
1607 1018 1719 1094 Quem-

363 1104 520 1164 admodum
543 1103 714 1180 quadrotua
736 1111 765 1162 et
785 1107 907 1163 tertiam
929 1121 1054 1163 causam
1078 1104 1190 1165 addere
1212 1106 1395 1183 perhibetur,
1418 1114 1491 1182 puta
1514 1106 1719 1169 affabilitatem

362 1191 459 1269 plani,
481 1209 540 1251 non
563 1190 642 1267 quod
666 1208 702 1250 ea
723 1207 782 1250 uon
806 1192 893 1249 etiam
917 1193 1090 1251 semisextue
1118 1195 1288 1269 participet,
1317 1192 1369 1261 sed
1397 1196 1475 1268 quia,
1500 1211 1576 1269 quae
1599 1203 1666 1254 sunt
1689 1198 1719 1254 in

363 1281 467 1339 ceteris
489 1277 631 1355 singulae,
657 1277 726 1336 illae
749 1280 778 1336 in
802 1278 945 1353 quadrato
968 1278 1159 1349 cumulantur,
1183 1289 1216 1340 ut
1237 1281 1290 1339 fiat
1312 1282 1442 1339 omnium
1464 1284 1694 1356 potentissimus.

449 1367 499 1426 Sic
521 1369 550 1425 in
573 1365 747 1440 colligendis
779 1367 925 1441 suffragiis
957 1384 1010 1443 pro
1041 1368 1139 1426 sextili
1163 1369 1303 1443 ailquum
1324 1370 1510 1429 nobilitatem
1533 1371 1561 1428 ei
1582 1387 1719 1429 mmmc-

361 1472 432 1515 nem
455 1472 526 1513 cum
547 1458 682 1529 opposito
715 1470 779 1512 esee·
796 1446 871 1524 dixi,
906 1453 1107 1514 effabilitatern
1138 1456 1260 1515 innuens
1292 1456 1392 1515 lateris
1414 1456 1542 1530 figurae,
1572 1459 1644 1532 quia
1675 1464 1720 1517 est

363 1540 515 1602 dimidium
538 1541 671 1600 diametri
694 1539 803 1617 circuli.
835 1540 963 1599 Rursum
985 1540 1079 1601 eidem
1104 1542 1217 1618 alique
1232 1544 1374 1602 nobilitas
1395 1550 1437 1602 eet
1458 1547 1627 1603 mmmuaie
1648 1562 1719 1604 cum

362 1633 445 1691 triam
466 1637 495 1689 et
516 1629 685 1705 quadratu,
719 1630 855 1686 nimirum
878 1632 1068 1704 congruentia
1089 1647 1164 1706 pura
1185 1631 1214 1687 in
1238 1630 1344 1706 plauo,
1368 1629 1404 1689 de
1427 1648 1487 1706 qua
1508 1632 1599 1707 prins.
1643 1632 1720 1697 Nam

362 1720 427 1791 cirre
455 1719 563 1793 aliqua
590 1716 689 1777 solum
721 1717 892 1790 particula,
928 1716 986 1775 hoc
1012 1724 1057 1776 eet
1090 1720 1279 1792 congruentia
1309 1734 1375 1776 cum
1404 1717 1528 1777 aliarum
1556 1720 1720 1800 speqierum

363 1804 473 1881 liguris,
496 1806 636 1880 competit
656 1805 814 1863 semieento
836 1812 865 1862 et
886 1806 987 1863 caes
1009 1804 1245 1879 ignobilioribus.
1274 1804 1315 1864 In
1335 1805 1392 1863 dcc
1413 1822 1485 1866 vero
1509 1808 1719 1882 congruentiae

360 1893 517 1968 portiorda
537 1895 676 1967 primm
698 1890 832 1965 gradum
847 1892 982 1952 obticeat
996 1894 1144 1951 sorbenti
1158 1899 1186 1950 et
1199 1893 1294 1953 ortilis
1307 1892 1427 1967 figurae,
1450 1894 1496 1951 cui
1519 1901 1620 1970 posset
1634 1910 1720 1953 asso-

363 1981 434 2039 ciari
457 1981 544 2038 etiam
568 1980 717 2043 semisextl
740 1977 839 2052 stella,
875 1981 946 2054 quia
968 1981 1172 2053 congruentia,
1205 1997 1295 2055 quam
1323 1979 1478 2052 inchoant,
1512 1981 1719 2059 continuabilie

364 2073 418 2138 est,
441 2070 503 2127 siue
528 2068 654 2126 mixtura
675 2065 832 2125 formarum
855 2066 1053 2139 diuersarum3
1077 2065 1236 2131 secuudum
1259 2065 1381 2142 gradum
1404 2066 1514 2127 habent
1536 2067 1667 2143 quintIlis
1690 2075 1720 2128 et

364 2155 545 2230 biquintilis,
580 2155 637 2213 uisi
660 2152 739 2228 quod
761 2152 850 2212 iidem
872 2153 1046 2212 nobiliorem
1075 2153 1185 2212 habent
1207 2156 1427 2230 congruentiam
1451 2156 1480 2210 in
1502 2154 1615 2230 solido;
1649 2157 1719 2214 item

364 2241 516 2314 trioctilis,
540 2240 640 2302 decilis
663 2249 693 2299 et
715 2240 871 2312 trideoiiis,
907 2243 977 2316 quia
1000 2258 1100 2299 eorum
1118 2240 1233 2317 figurae
1256 2244 1427 2302 continuant
1450 2241 1568 2317 quidem
1592 2259 1719 2317 congru·

365 2321 482 2403 euticam,
507 2328 559 2389 ead
581 2345 640 2388 non
664 2330 727 2387 siue
750 2330 890 2387 mixtione
907 2327 1087 2387 diversarum
1102 2328 1274 2402 formarum
1297 2336 1327 2389 et
1342 2346 1443 2389 omues
1458 2330 1533 2389 istae
1547 2338 1719 2405 congruunt

365 2416 578 2493 quadamtenus
603 2418 691 2475 etiam
713 2417 743 2473 in
766 2414 861 2474 solido
892 2414 1054 2474 seeundum
1081 2418 1175 2491 magle
1205 2422 1234 2475 et
1255 2418 1368 2489 miuus,
1401 2423 1524 2492 excepta
1548 2420 1719 2492 quincuncie

364 2503 450 2563 stella
480 2504 712 2580 dodecagonica,
745 2519 822 2578 quae
849 2501 917 2562 ideo
947 2504 1115 2562 intertium
1142 2502 1265 2578 gradum
1287 2505 1422 2577 refertur,
1458 2507 1504 2563 cui
1534 2506 1623 2563 etiam
1653 2523 1719 2564 ses·

365 2591 505 2671 quadrus,
526 2609 579 2652 seu
602 2592 741 2666 octogoni
762 2589 849 2649 stella
871 2589 993 2664 adjungi
1016 2598 1121 2666 potest,
1146 2597 1263 2666 propter
1285 2589 1493 2651 obscuritatem
1515 2593 1663 2652 scientiae.

374 2675 379 2689 '
450 2679 574 2739 Extendi
589 2676 710 2754 quidem
724 2677 832 2753 gradus
845 2679 933 2737 etlam
949 2677 1079 2749 ulterius,
1103 2675 1141 2735 ad
1157 2677 1318 2753 vigintilem
1335 2688 1365 2737 et
1380 2677 1584 2754 quindecilem,
1600 2679 1658 2738 hoc
1672 2685 1717 2738 est

369 2766 406 2826 ad
422 2766 530 2843 figurae
548 2766 587 2826 15
604 2774 634 2827 et
649 2766 690 2823 20
705 2764 888 2841 angulorum,
913 2765 1020 2839 quibus
1043 2774 1180 2840 quartum
1195 2764 1317 2841 gradmn
1341 2761 1386 2846 (iu
1410 2764 1489 2825 dicta
1512 2769 1720 2841 congruentiae

364 2854 508 2931 particula
530 2849 610 2935 sola)
634 2852 715 2913 dedi:
739 2869 857 2912 causam
882 2855 1011 2911 continet
1032 2860 1132 2912 nostra
1153 2870 1196 2928 pr.
1226 2854 1254 2911 3.
1278 2853 1366 2928 hujus
1395 2850 1471 2911 libri.
1517 2853 1617 2913 Stellio
1648 2872 1718 2913 vero

365 2959 464 3003 aarum
488 2943 607 3018 quintus
630 2939 737 3017 gradus
759 2940 815 2998 luit
837 2942 1019 3015 assignatus,
1052 2942 1122 3015 quia
1143 2939 1300 3000 scibilitate
1323 2957 1409 3017 pares
1437 2948 1507 2999 snut
1534 2941 1634 3018 liguris
1656 2944 1719 3000 suis

364 3031 538 3106 primaevis,
562 3030 753 3105 congruentia
774 3027 944 3103 longissime
966 3028 1155 3102 posteriores,
1180 3034 1212 3086 ut
1235 3045 1311 3103 qnae
1334 3034 1448 3088 tantum
1472 3044 1571 3086 eorum
1595 3028 1719 3103 angulos

364 3116 497 3192 singulos
519 3118 633 3176 attinet.
671 3115 780 3174 Verum
804 3114 832 3173 id
857 3132 915 3174 non
939 3126 1000 3173 erat
1022 3131 1141 3174 necesse
1165 3124 1197 3173 ut
1219 3115 1361 3189 lacerem,
1395 3132 1461 3174 cum
1483 3116 1657 3191 nequidem
1681 3114 1719 3176 ad

364 3207 481 3264 tertium
503 3203 626 3280 gradum
649 3220 742 3277 usque
765 3204 1081 3278 gignanturaspectus
1103 3202 1191 3278 plane
1213 3202 1335 3275 indubii,
1359 3204 1564 3283 possimusque
1586 3205 1719 3280 speciose

364 3300 472 3352 aretam
494 3291 583 3367 figere
605 3290 819 3368 pullulantibus
841 3290 1010 3365 aspectibus
1033 3291 1061 3348 iu
1095 3290 1182 3350 solidi
1206 3293 1394 3366 congruentia
1417 3298 1447 3348 et
1469 3292 1497 3347 in
1520 3290 1651 3366 perlecta
1672 3290 1719 3349 la-

365 3381 435 3440 teris
468 3378 517 3438 vel
549 3377 631 3455 plani
658 3364 839 3438 effabilltate.
887 3376 985 3452 Quare
1015 3379 1113 3453 potius
1141 3394 1177 3437 ex
1200 3377 1307 3437 finibus
1338 3377 1478 3439 librorum
1501 3376 1525 3435 Ι.
1550 3387 1579 3438 et
1602 3378 1641 3436 II.
1663 3395 1718 3455 pe-

303 3546 307 3551 v
365 3473 464 3527 tautur
485 3465 594 3544 gradus
618 3465 781 3526 nobilitatis
803 3465 979 3542 figurarum,
1004 3481 1039 3523 ex
1062 3464 1168 3540 quibus
1191 3464 1247 3525 hoc
1269 3464 1343 3533 libro
1367 3466 1497 3524 distincti
1518 3472 1587 3524 sunt
1609 3464 1718 3540 gradus

365 3562 547 3632 aspectuum.
1333 3583 1334 3586 ¹

802 3779 807 3791 '
918 3801 1059 3873 curor
1086 3800 1151 3872 111,

365 3981 550 4052 Epilogus,
575 3980 617 4035 de
641 3986 766 4036 nature
784 3981 963 4038 sublunari
987 3982 1286 4051 facultatibusque
1309 3982 1450 4049 animae
1473 3982 1718 4051 inferioribus,

624 4069 838 4137 praesertim
856 4069 911 4136 iis,
939 4069 1063 4139 quibus
1081 4068 1287 4138 Astrologia
1311 4070 1457 4125 nititur.

423 4246 546 4307 lltlulta
569 4246 605 4308 de
633 4247 690 4307 hae
712 4249 960 4325 contemplatione
984 4251 1079 4326 capite
1111 4247 1257 4322 secundo,
1289 4247 1383 4307 multa
1404 4254 1467 4307 toto
1489 4246 1546 4307 hoc
1567 4247 1642 4306 libro
1664 4246 1718 4321 IV,
1771 4268 1780 4283 ·

364 4334 506 4397 nonnulla
528 4335 617 4394 etiam
640 4334 715 4395 libro
737 4336 793 4393 III.
816 4345 885 4395 eunt
907 4335 994 4408 dicta,
1018 4345 1046 4395 et
1069 4346 1137 4396 ante
1160 4353 1268 4394 aunum
1290 4337 1320 4393 in
1335 4335 1549 4411 prolegomenis
1565 4334 1714 4412 Epheme·

364 4423 459 4482 ridum
482 4426 569 4498 inque
586 4423 736 4499 Epitomes
753 4424 958 4483 Astrouomiae
974 4424 1191 4499 Copernicauae
1207 4423 1282 4482 libro
1295 4423 1321 4481 1.
1338 4422 1389 4481 lol.
1409 4423 1480 4499 126,
1502 4438 1616 4481 rursum
1639 4438 1717 4482 auuo

369 4512 462 4585 1610,
485 4513 514 4567 in
537 4510 639 4569 Tertio
662 4509 886 4584 interveniente,
910 4514 1038 4570 numeris
1054 4529 1072 4568 a
1086 4512 1128 4569 40
1151 4513 1180 4568 in
1196 4512 1247 4582 43,
1272 4518 1301 4569 et
1322 4527 1341 4568 a
1365 4511 1404 4568 69
1428 4511 1513 4567 11172
1538 4516 1568 4570 et
1587 4512 1645 4568 113
1662 4518 1717 4571 etc.

366 4601 455 4674 inque
478 4600 667 4672 responsione
690 4598 727 4656 ad
759 4598 876 4674 objecta
894 4597 1013 4657 'Rdslini
1036 4603 1064 4669 (1
1084 4602 1196 4668 ostes,
1215 4601 1266 4655 599
1285 4618 1327 4669 se,
1355 4602 1440 4670 ocum
1465 4604 1495 4655 et
1521 4608 1598 4655 anuo
1624 4598 1716 4655 1606.

365 4687 396 4744 iu
418 4684 493 4744 llbro
517 4685 553 4742 de
576 4683 670 4743 Stella
693 4684 793 4760 Nova,
824 4702 889 4761 cap.
915 4685 997 4744 VIII.
1027 4684 1085 4744 IX.
1114 4682 1157 4742 X.
1179 4693 1208 4743 et
1223 4683 1343 4742 XXIV.
1367 4683 1519 4744 XXVIII.
1549 4685 1719 4760 praesertim

366 4770 458 4832 alol.
484 4773 554 4832 111.
579 4773 608 4828 111
635 4772 705 4829 lto.
730 4767 778 4852 (11.
798 4776 849 4830 110
868 4768 918 4854 aa.)
942 4781 971 4832 et
1001 4790 1077 4833 anuo
1104 4774 1196 4830 1604.
1225 4773 1255 4829 in
1279 4772 1484 4831 Astrouomiae
1507 4779 1589 4849 parte
1612 4767 1718 4846 Optica

364 4858 418 4919 iol.
442 4862 493 4933 26,
517 4861 558 4916 21
583 4864 614 4917 et
635 4852 685 4917 sol.
710 4861 782 4918 224.
816 4864 857 4932 (11
878 4867 926 4920 tlt
944 4883 964 4919 s.
981 4865 1050 4935 210.)
1094 4859 1169 4920 Nam
1191 4862 1393 4937 prognostica,
1421 4861 1528 4936 quibus
1551 4857 1588 4919 de
1609 4857 1718 4919 lunda-
