<?xml version="1.0" encoding="UTF-8"?>
<!DOCTYPE html PUBLIC "-//W3C//DTD XHTML 1.0 Transitional//EN"
    "http://www.w3.org/TR/xhtml1/DTD/xhtml1-transitional.dtd">
<html xmlns="http://www.w3.org/1999/xhtml" xml:lang="en" lang="en">
 <head>
  <title>
</title>
<meta http-equiv="Content-Type" content="text/html;charset=utf-8" />
  <meta name='ocr-system' content='tesseract 3.04.00' />
  <meta name='ocr-capabilities' content='ocr_page ocr_carea ocr_par ocr_line ocrx_word'/>
</head>
<body>
  <div class='ocr_page' id='page_1' title='image "./joanniskepleria29frisgoog_0302.png"; bbox 0 0 3940 5856; ppageno 0'>
   <div class='ocr_carea' id='block_1_1' title="bbox 738 400 1571 471">
    <p class='ocr_par' dir='ltr' id='par_1_1' title="bbox 738 400 1571 471">
     <span class='ocr_line' id='line_1_1' title="bbox 738 400 1571 471; baseline -0.002 -14"><span class='ocrx_word' id='word_1_1' title='bbox 738 400 821 457; x_wconf 72' lang='lat' dir='ltr'><strong>hiber</strong></span> <span class='ocrx_word' id='word_1_2' title='bbox 838 400 870 456; x_wconf 82' lang='lat' dir='ltr'><strong>V.</strong></span> <span class='ocrx_word' id='word_1_3' title='bbox 900 400 989 471; x_wconf 78' lang='lat' dir='ltr'><strong>Caput</strong></span> <span class='ocrx_word' id='word_1_4' title='bbox 1006 400 1056 456; x_wconf 89' lang='grc' dir='ltr'><strong>ΙΙΙ.</strong></span> <span class='ocrx_word' id='word_1_5' title='bbox 1510 406 1571 467; x_wconf 60' lang='grc'><strong>181</strong></span> 
     </span>
    </p>
   </div>
   <div class='ocr_carea' id='block_1_2' title="bbox 220 578 1637 1625">
    <p class='ocr_par' dir='ltr' id='par_1_2' title="bbox 220 578 1637 1536">
     <span class='ocr_line' id='line_1_2' title="bbox 298 578 1574 659; baseline 0.004 -21"><span class='ocrx_word' id='word_1_6' title='bbox 298 579 528 641; x_wconf 81' lang='lat' dir='ltr'><strong>‘Decimeteriio</strong></span> <span class='ocrx_word' id='word_1_7' title='bbox 574 582 619 640; x_wconf 82' lang='lat' dir='ltr'><strong>Es</strong></span> <span class='ocrx_word' id='word_1_8' title='bbox 641 582 811 659; x_wconf 70' lang='lat' dir='ltr'>praemissis</span> <span class='ocrx_word' id='word_1_9' title='bbox 833 580 1050 643; x_wconf 87' lang='lat' dir='ltr'><strong>demonstratur</strong></span> <span class='ocrx_word' id='word_1_10' title='bbox 1070 578 1145 640; x_wconf 82' lang='lat' dir='ltr'><strong>haee</strong></span> <span class='ocrx_word' id='word_1_11' title='bbox 1166 581 1345 659; x_wconf 82' lang='lat' dir='ltr'><strong>propositio,</strong></span> <span class='ocrx_word' id='word_1_12' title='bbox 1378 581 1464 642; x_wconf 85' lang='lat' dir='ltr'><strong>nobis</strong></span> <span class='ocrx_word' id='word_1_13' title='bbox 1485 580 1574 643; x_wconf 81' lang='lat' dir='ltr'><strong>vaide</strong></span> 
     </span>
     <span class='ocr_line' id='line_1_3' title="bbox 220 666 1573 748; baseline 0 -21"><span class='ocrx_word' id='word_1_14' title='bbox 220 671 385 728; x_wconf 87' lang='lat' dir='ltr'><strong>neeesssria</strong></span> <span class='ocrx_word' id='word_1_15' title='bbox 406 670 517 741; x_wconf 85' lang='lat' dir='ltr'><strong>intera,</strong></span> <span class='ocrx_word' id='word_1_16' title='bbox 556 668 636 745; x_wconf 85' lang='lat' dir='ltr'><strong>quod</strong></span> <span class='ocrx_word' id='word_1_17' title='bbox 658 669 905 747; x_wconf 85' lang='lat' dir='ltr'><strong>quemadmodum</strong></span> <span class='ocrx_word' id='word_1_18' title='bbox 933 668 1082 748; x_wconf 78' lang='lat' dir='ltr'><strong>proportio</strong></span> <span class='ocrx_word' id='word_1_19' title='bbox 1104 666 1267 728; x_wconf 90' lang='lat' dir='ltr'><strong>mediorum</strong></span> <span class='ocrx_word' id='word_1_20' title='bbox 1288 675 1422 729; x_wconf 90' lang='lat' dir='ltr'><strong>motuum</strong></span> <span class='ocrx_word' id='word_1_21' title='bbox 1442 670 1474 728; x_wconf 92' lang='lat' dir='ltr'><strong>in</strong></span> <span class='ocrx_word' id='word_1_22' title='bbox 1495 670 1573 729; x_wconf 87' lang='lat' dir='ltr'><strong>binis</strong></span> 
     </span>
     <span class='ocr_line' id='line_1_4' title="bbox 220 755 1575 835; baseline 0.001 -21"><span class='ocrx_word' id='word_1_23' title='bbox 220 755 346 834; x_wconf 88' lang='lat' dir='ltr'><strong>planetis</strong></span> <span class='ocrx_word' id='word_1_24' title='bbox 375 763 422 816; x_wconf 89' lang='lat' dir='ltr'><strong>eet</strong></span> <span class='ocrx_word' id='word_1_25' title='bbox 450 756 646 832; x_wconf 75' lang='lat' dir='ltr'><strong>sesquialtera</strong></span> <span class='ocrx_word' id='word_1_26' title='bbox 676 774 780 822; x_wconf 87' lang='lat' dir='ltr'><strong>eversa</strong></span> <span class='ocrx_word' id='word_1_27' title='bbox 806 757 1004 835; x_wconf 78' lang='lat' dir='ltr'><strong>proportionis</strong></span> <span class='ocrx_word' id='word_1_28' title='bbox 1034 756 1164 830; x_wconf 87' lang='lat' dir='ltr'><strong>orbium,</strong></span> <span class='ocrx_word' id='word_1_29' title='bbox 1198 757 1241 816; x_wconf 86' lang='lat' dir='ltr'><strong>eie</strong></span> <span class='ocrx_word' id='word_1_30' title='bbox 1270 759 1420 834; x_wconf 82' lang='lat' dir='ltr'><strong>proportio</strong></span> <span class='ocrx_word' id='word_1_31' title='bbox 1450 756 1575 817; x_wconf 89' lang='lat' dir='ltr'><strong>duorum</strong></span> 
     </span>
     <span class='ocr_line' id='line_1_5' title="bbox 220 843 1573 921; baseline -0.001 -18"><span class='ocrx_word' id='word_1_32' title='bbox 220 845 424 921; x_wconf 89' lang='lat' dir='ltr'><strong>apparentium</strong></span> <span class='ocrx_word' id='word_1_33' title='bbox 458 850 696 920; x_wconf 76' lang='lat' dir='ltr'><strong>eonvergentium</strong></span> <span class='ocrx_word' id='word_1_34' title='bbox 727 851 921 906; x_wconf 85' lang='lat' dir='ltr'><strong>extremorum</strong></span> <span class='ocrx_word' id='word_1_35' title='bbox 951 850 1084 904; x_wconf 90' lang='lat' dir='ltr'><strong>moinum</strong></span> <span class='ocrx_word' id='word_1_36' title='bbox 1112 859 1229 920; x_wconf 88' lang='lat' dir='ltr'><strong>semper</strong></span> <span class='ocrx_word' id='word_1_37' title='bbox 1257 843 1375 905; x_wconf 79' lang='lat' dir='ltr'><strong>definiet</strong></span> <span class='ocrx_word' id='word_1_38' title='bbox 1406 861 1425 903; x_wconf 91' lang='lat' dir='ltr'><strong>a</strong></span> <span class='ocrx_word' id='word_1_39' title='bbox 1456 845 1573 921; x_wconf 85' lang='lat' dir='ltr'><strong>sesqui·</strong></span> 
     </span>
     <span class='ocr_line' id='line_1_6' title="bbox 220 926 1574 1010; baseline 0 -18"><span class='ocrx_word' id='word_1_40' title='bbox 220 932 313 992; x_wconf 75' lang='lat' dir='ltr'><strong>aliua</strong></span> <span class='ocrx_word' id='word_1_41' title='bbox 342 933 539 1009; x_wconf 84' lang='lat' dir='ltr'><strong>proportionis</strong></span> <span class='ocrx_word' id='word_1_42' title='bbox 572 931 812 1008; x_wconf 78' lang='lat' dir='ltr'><strong>intervallorum,</strong></span> <span class='ocrx_word' id='word_1_43' title='bbox 842 932 901 991; x_wconf 92' lang='lat' dir='ltr'><strong>iilis</strong></span> <span class='ocrx_word' id='word_1_44' title='bbox 932 926 1068 993; x_wconf 81' lang='lat' dir='ltr'><strong>extremis</strong></span> <span class='ocrx_word' id='word_1_45' title='bbox 1096 932 1227 995; x_wconf 80' lang='lat' dir='ltr'><strong>motibtu</strong></span> <span class='ocrx_word' id='word_1_46' title='bbox 1258 931 1512 1010; x_wconf 69' lang='lat' dir='ltr'><strong>respondentium</strong></span> <span class='ocrx_word' id='word_1_47' title='bbox 1544 939 1574 995; x_wconf 89' lang='lat' dir='ltr'><strong>et</strong></span> 
     </span>
     <span class='ocr_line' id='line_1_7' title="bbox 221 1018 1574 1098; baseline 0.001 -20"><span class='ocrx_word' id='word_1_48' title='bbox 221 1020 391 1096; x_wconf 73' lang='lat' dir='ltr'><strong>quantisper</strong></span> <span class='ocrx_word' id='word_1_49' title='bbox 413 1018 531 1097; x_wconf 88' lang='lat' dir='ltr'><strong>quidem</strong></span> <span class='ocrx_word' id='word_1_50' title='bbox 563 1018 640 1079; x_wconf 88' lang='lat' dir='ltr'><strong>duae</strong></span> <span class='ocrx_word' id='word_1_51' title='bbox 662 1021 865 1097; x_wconf 81' lang='lat' dir='ltr'><strong>proportiones</strong></span> <span class='ocrx_word' id='word_1_52' title='bbox 888 1019 1012 1081; x_wconf 91' lang='lat' dir='ltr'><strong>duorum</strong></span> <span class='ocrx_word' id='word_1_53' title='bbox 1033 1018 1253 1080; x_wconf 80' lang='lat' dir='ltr'><strong>intervallorum</strong></span> <span class='ocrx_word' id='word_1_54' title='bbox 1274 1020 1513 1098; x_wconf 77' lang='lat' dir='ltr'><strong>respondentium</strong></span> <span class='ocrx_word' id='word_1_55' title='bbox 1535 1020 1574 1080; x_wconf 92' lang='lat' dir='ltr'><strong>ad</strong></span> 
     </span>
     <span class='ocr_line' id='line_1_8' title="bbox 222 1104 1574 1185; baseline 0.004 -21"><span class='ocrx_word' id='word_1_56' title='bbox 222 1106 378 1167; x_wconf 79' lang='lat' dir='ltr'><strong>intervella</strong></span> <span class='ocrx_word' id='word_1_57' title='bbox 405 1105 463 1167; x_wconf 93' lang='lat' dir='ltr'><strong>duo</strong></span> <span class='ocrx_word' id='word_1_58' title='bbox 494 1107 593 1167; x_wconf 90' lang='lat' dir='ltr'><strong>media</strong></span> <span class='ocrx_word' id='word_1_59' title='bbox 613 1124 667 1168; x_wconf 89' lang='lat' dir='ltr'><strong>seu</strong></span> <span class='ocrx_word' id='word_1_60' title='bbox 689 1107 728 1167; x_wconf 88' lang='lat' dir='ltr'><strong>ad</strong></span> <span class='ocrx_word' id='word_1_61' title='bbox 756 1106 988 1169; x_wconf 90' lang='lat' dir='ltr'><strong>semidiametres</strong></span> <span class='ocrx_word' id='word_1_62' title='bbox 1020 1105 1144 1168; x_wconf 91' lang='lat' dir='ltr'><strong>duorum</strong></span> <span class='ocrx_word' id='word_1_63' title='bbox 1173 1108 1288 1167; x_wconf 88' lang='lat' dir='ltr'><strong>urbium</strong></span> <span class='ocrx_word' id='word_1_64' title='bbox 1317 1108 1440 1185; x_wconf 88' lang='lat' dir='ltr'><strong>junetae</strong></span> <span class='ocrx_word' id='word_1_65' title='bbox 1461 1104 1574 1170; x_wconf 77' lang='lat' dir='ltr'><strong>tanum</strong></span> 
     </span>
     <span class='ocr_line' id='line_1_9' title="bbox 221 1193 1573 1275; baseline 0.002 -22"><span class='ocrx_word' id='word_1_66' title='bbox 221 1196 317 1253; x_wconf 89' lang='lat' dir='ltr'><strong>miuus</strong></span> <span class='ocrx_word' id='word_1_67' title='bbox 332 1211 421 1271; x_wconf 85' lang='lat' dir='ltr'><strong>qnam</strong></span> <span class='ocrx_word' id='word_1_68' title='bbox 444 1193 593 1254; x_wconf 89' lang='lat' dir='ltr'><strong>dimidiam</strong></span> <span class='ocrx_word' id='word_1_69' title='bbox 608 1197 802 1273; x_wconf 87' lang='lat' dir='ltr'><strong>proportionis</strong></span> <span class='ocrx_word' id='word_1_70' title='bbox 826 1196 949 1270; x_wconf 90' lang='lat' dir='ltr'><strong>orbium,</strong></span> <span class='ocrx_word' id='word_1_71' title='bbox 970 1197 1115 1275; x_wconf 83' lang='lat' dir='ltr'><strong>tantisper</strong></span> <span class='ocrx_word' id='word_1_72' title='bbox 1129 1197 1277 1273; x_wconf 90' lang='lat' dir='ltr'><strong>proportio</strong></span> <span class='ocrx_word' id='word_1_73' title='bbox 1294 1203 1426 1257; x_wconf 90' lang='lat' dir='ltr'><strong>motuum</strong></span> <span class='ocrx_word' id='word_1_74' title='bbox 1449 1194 1573 1258; x_wconf 90' lang='lat' dir='ltr'><strong>duorum</strong></span> 
     </span>
     <span class='ocr_line' id='line_1_10' title="bbox 222 1280 1573 1362; baseline 0.002 -21"><span class='ocrx_word' id='word_1_75' title='bbox 222 1289 416 1342; x_wconf 84' lang='lat' dir='ltr'><strong>extremorum</strong></span> <span class='ocrx_word' id='word_1_76' title='bbox 438 1284 677 1357; x_wconf 74' lang='lat' dir='ltr'><strong>eonvergentium</strong></span> <span class='ocrx_word' id='word_1_77' title='bbox 699 1290 745 1344; x_wconf 88' lang='lat' dir='ltr'><strong>esi</strong></span> <span class='ocrx_word' id='word_1_78' title='bbox 765 1283 860 1360; x_wconf 83' lang='lat' dir='ltr'><strong>major</strong></span> <span class='ocrx_word' id='word_1_79' title='bbox 874 1280 1062 1362; x_wconf 86' lang='lat' dir='ltr'><strong>proportione</strong></span> <span class='ocrx_word' id='word_1_80' title='bbox 1084 1283 1324 1359; x_wconf 86' lang='lat' dir='ltr'><strong>respondentium</strong></span> <span class='ocrx_word' id='word_1_81' title='bbox 1338 1283 1573 1360; x_wconf 69' lang='lat' dir='ltr'><strong>intervallorum</strong></span> 
     </span>
     <span class='ocr_line' id='line_1_11' title="bbox 221 1368 1637 1447; baseline 0.003 -18"><span class='ocrx_word' id='word_1_82' title='bbox 221 1372 247 1429; x_wconf 92' lang='lat' dir='ltr'><strong>si</strong></span> <span class='ocrx_word' id='word_1_83' title='bbox 269 1387 339 1430; x_wconf 91' lang='lat' dir='ltr'><strong>vero</strong></span> <span class='ocrx_word' id='word_1_84' title='bbox 369 1368 421 1429; x_wconf 87' lang='lat' dir='ltr'><strong>ilie</strong></span> <span class='ocrx_word' id='word_1_85' title='bbox 448 1387 561 1429; x_wconf 88' lang='lat' dir='ltr'><strong>summa</strong></span> <span class='ocrx_word' id='word_1_86' title='bbox 591 1377 742 1447; x_wconf 84' lang='lat' dir='ltr'><strong>superaret</strong></span> <span class='ocrx_word' id='word_1_87' title='bbox 771 1369 921 1431; x_wconf 87' lang='lat' dir='ltr'><strong>dimidiam</strong></span> <span class='ocrx_word' id='word_1_88' title='bbox 953 1372 1151 1447; x_wconf 87' lang='lat' dir='ltr'><strong>proportionis</strong></span> <span class='ocrx_word' id='word_1_89' title='bbox 1181 1372 1309 1446; x_wconf 88' lang='lat' dir='ltr'><strong>orbium,</strong></span> <span class='ocrx_word' id='word_1_90' title='bbox 1343 1379 1413 1432; x_wconf 88' lang='lat' dir='ltr'><strong>tuno</strong></span> <span class='ocrx_word' id='word_1_91' title='bbox 1440 1381 1573 1434; x_wconf 88' lang='lat' dir='ltr'><strong>motuum</strong></span> <span class='ocrx_word' id='word_1_92' title='bbox 1633 1380 1637 1388; x_wconf 87' lang='lat'><em>&#39;</em></span> 
     </span>
     <span class='ocr_line' id='line_1_12' title="bbox 221 1458 1457 1536; baseline 0.002 -18"><span class='ocrx_word' id='word_1_93' title='bbox 221 1459 463 1533; x_wconf 77' lang='lat' dir='ltr'><strong>eonvergentinm</strong></span> <span class='ocrx_word' id='word_1_94' title='bbox 484 1460 634 1535; x_wconf 89' lang='lat' dir='ltr'><strong>proportio</strong></span> <span class='ocrx_word' id='word_1_95' title='bbox 656 1458 740 1519; x_wconf 86' lang='lat' dir='ltr'><strong>fieret</strong></span> <span class='ocrx_word' id='word_1_96' title='bbox 760 1460 857 1519; x_wconf 93' lang='lat' dir='ltr'><strong>minor</strong></span> <span class='ocrx_word' id='word_1_97' title='bbox 876 1460 1065 1536; x_wconf 89' lang='lat' dir='ltr'><strong>proportione</strong></span> <span class='ocrx_word' id='word_1_98' title='bbox 1087 1463 1214 1518; x_wconf 79' lang='lat' dir='ltr'><strong>suornm‘</strong></span> <span class='ocrx_word' id='word_1_99' title='bbox 1228 1459 1457 1521; x_wconf 88' lang='lat' dir='ltr'><strong>intervallorum.</strong></span> 
     </span>
    </p>

    <p class='ocr_par' dir='ltr' id='par_1_3' title="bbox 306 1543 1157 1625">
     <span class='ocr_line' id='line_1_13' title="bbox 306 1543 1157 1625; baseline 0.001 -21"><span class='ocrx_word' id='word_1_100' title='bbox 306 1543 353 1604; x_wconf 85' lang='lat' dir='ltr'><strong>Sit</strong></span> <span class='ocrx_word' id='word_1_101' title='bbox 366 1545 480 1605; x_wconf 88' lang='lat' dir='ltr'><strong>orbium</strong></span> <span class='ocrx_word' id='word_1_102' title='bbox 502 1547 652 1623; x_wconf 90' lang='lat' dir='ltr'><strong>proportio</strong></span> <span class='ocrx_word' id='word_1_103' title='bbox 667 1544 735 1620; x_wconf 99' lang='grc' dir='ltr'><strong>ΒΗ,</strong></span> <span class='ocrx_word' id='word_1_104' title='bbox 760 1546 824 1625; x_wconf 78' lang='grc' dir='ltr'><strong>ΑΒ,</strong></span> <span class='ocrx_word' id='word_1_105' title='bbox 846 1554 980 1606; x_wconf 87' lang='lat' dir='ltr'><strong>motuum</strong></span> <span class='ocrx_word' id='word_1_106' title='bbox 993 1545 1157 1606; x_wconf 90' lang='lat' dir='ltr'><strong>mediorum</strong></span> 
     </span>
    </p>
   </div>
   <div class='ocr_carea' id='block_1_3' title="bbox 116 1615 1550 1710">
    <p class='ocr_par' dir='ltr' id='par_1_4' title="bbox 116 1615 1550 1710">
     <span class='ocr_line' id='line_1_14' title="bbox 116 1615 1550 1710; baseline -0.024 4"><span class='ocrx_word' id='word_1_107' title='bbox 116 1688 122 1701; x_wconf 91' lang='lat'><em>·</em></span> <span class='ocrx_word' id='word_1_108' title='bbox 226 1635 375 1710; x_wconf 69' lang='lat' dir='ltr'><strong>1³¹⁰P⁰sfi⁰</strong></span> <span class='ocrx_word' id='word_1_109' title='bbox 398 1631 460 1703; x_wconf 81' lang='grc' dir='ltr'><strong>ΗΙ,</strong></span> <span class='ocrx_word' id='word_1_110' title='bbox 494 1632 569 1703; x_wconf 81' lang='grc' dir='ltr'><strong>ΕΜ,</strong></span> <span class='ocrx_word' id='word_1_111' title='bbox 602 1634 707 1709; x_wconf 82' lang='lat' dir='ltr'><strong>prioris</strong></span> <span class='ocrx_word' id='word_1_112' title='bbox 737 1633 931 1709; x_wconf 86' lang='lat' dir='ltr'><strong>sesquialtera</strong></span> <span class='ocrx_word' id='word_1_113' title='bbox 953 1650 1066 1695; x_wconf 81' lang='lat' dir='ltr'><strong>eversa</strong></span> <span class='ocrx_word' id='word_1_114' title='bbox 1110 1632 1156 1695; x_wconf 83' lang='lat' dir='ltr'><strong>Sit</strong></span> <span class='ocrx_word' id='word_1_115' title='bbox 1365 1648 1373 1661; x_wconf 71' lang='grc'><em>’</em></span> <span class='ocrx_word' id='word_1_116' title='bbox 1404 1615 1464 1671; x_wconf 74' lang='lat'><strong>45</strong></span> <span class='ocrx_word' id='word_1_117' title='bbox 1491 1615 1550 1673; x_wconf 86' lang='lat'><strong>89</strong></span> 
     </span>
    </p>
   </div>
   <div class='ocr_carea' id='block_1_4' title="bbox 221 1718 1561 1955">
    <p class='ocr_par' dir='ltr' id='par_1_5' title="bbox 221 1718 1561 1955">
     <span class='ocr_line' id='line_1_15' title="bbox 224 1718 1561 1796; baseline -0.002 -19"><span class='ocrx_word' id='word_1_118' title='bbox 224 1719 409 1779; x_wconf 84' lang='lat' dir='ltr'><strong>intervellnm</strong></span> <span class='ocrx_word' id='word_1_119' title='bbox 431 1720 493 1780; x_wconf 91' lang='lat' dir='ltr'><strong>illie</strong></span> <span class='ocrx_word' id='word_1_120' title='bbox 513 1721 665 1779; x_wconf 92' lang='lat' dir='ltr'><strong>minimum</strong></span> <span class='ocrx_word' id='word_1_121' title='bbox 678 1722 725 1779; x_wconf 90' lang='lat' dir='ltr'><strong>sni</strong></span> <span class='ocrx_word' id='word_1_122' title='bbox 739 1720 827 1796; x_wconf 88' lang='lat' dir='ltr'><strong>orbis,</strong></span> <span class='ocrx_word' id='word_1_123' title='bbox 849 1739 890 1782; x_wconf 90' lang='lat' dir='ltr'><strong>se.</strong></span> <span class='ocrx_word' id='word_1_124' title='bbox 904 1718 967 1796; x_wconf 88' lang='grc'><strong>06,</strong></span> <span class='ocrx_word' id='word_1_125' title='bbox 989 1721 1038 1782; x_wconf 89' lang='lat' dir='ltr'><strong>hie</strong></span> <span class='ocrx_word' id='word_1_126' title='bbox 1059 1723 1156 1781; x_wconf 86' lang='lat' dir='ltr'><strong>maxi·</strong></span> <span class='ocrx_word' id='word_1_127' title='bbox 1391 1720 1424 1777; x_wconf 77' lang='lat' dir='ltr'><strong>A.</strong></span> <span class='ocrx_word' id='word_1_128' title='bbox 1437 1722 1469 1776; x_wconf 88' lang='grc' dir='ltr'><strong>Β.</strong></span> <span class='ocrx_word' id='word_1_129' title='bbox 1486 1723 1515 1778; x_wconf 87' lang='lat' dir='ltr'><strong>c.</strong></span> <span class='ocrx_word' id='word_1_130' title='bbox 1527 1722 1561 1776; x_wconf 89' lang='lat' dir='ltr'><strong>D.</strong></span> 
     </span>
     <span class='ocr_line' id='line_1_16' title="bbox 221 1806 1457 1955; baseline 0.005 -90"><span class='ocrx_word' id='word_1_131' title='bbox 221 1824 300 1866; x_wconf 88' lang='lat' dir='ltr'><strong>mum</strong></span> <span class='ocrx_word' id='word_1_132' title='bbox 323 1809 380 1886; x_wconf 88' lang='lat' dir='ltr'><strong>sni,</strong></span> <span class='ocrx_word' id='word_1_133' title='bbox 402 1824 444 1869; x_wconf 89' lang='lat' dir='ltr'><strong>se.</strong></span> <span class='ocrx_word' id='word_1_134' title='bbox 462 1806 521 1881; x_wconf 80' lang='lat' dir='ltr'><strong>BF,</strong></span> <span class='ocrx_word' id='word_1_135' title='bbox 544 1816 575 1867; x_wconf 89' lang='lat' dir='ltr'><strong>et</strong></span> <span class='ocrx_word' id='word_1_136' title='bbox 593 1810 713 1886; x_wconf 84' lang='lat' dir='ltr'><strong>junctae</strong></span> <span class='ocrx_word' id='word_1_137' title='bbox 734 1810 939 1886; x_wconf 86' lang='lat' dir='ltr'><strong>proportiones</strong></span> <span class='ocrx_word' id='word_1_138' title='bbox 961 1807 1021 1867; x_wconf 93' lang='grc' dir='ltr'><strong>ΒΗ</strong></span> <span class='ocrx_word' id='word_1_139' title='bbox 1042 1808 1081 1868; x_wconf 89' lang='lat' dir='ltr'><strong>ad</strong></span> <span class='ocrx_word' id='word_1_140' title='bbox 1104 1807 1158 1869; x_wconf 89' lang='grc'><strong>06</strong></span> <span class='ocrx_word' id='word_1_141' title='bbox 1452 1819 1457 1955; x_wconf 67' lang='lat' dir='ltr'><strong>p</strong></span> 
     </span>
    </p>
   </div>
   <div class='ocr_carea' id='block_1_5' title="bbox 103 1893 1157 1974">
    <p class='ocr_par' dir='ltr' id='par_1_6' title="bbox 103 1893 1157 1974">
     <span class='ocr_line' id='line_1_17' title="bbox 103 1893 1157 1974; baseline 0.002 -19"><span class='ocrx_word' id='word_1_142' title='bbox 103 1910 112 1933; x_wconf 78' lang='lat'><strong><em>¹</em></strong></span> <span class='ocrx_word' id='word_1_143' title='bbox 221 1900 251 1955; x_wconf 90' lang='lat' dir='ltr'><strong>et</strong></span> <span class='ocrx_word' id='word_1_144' title='bbox 281 1893 333 1953; x_wconf 84' lang='lat' dir='ltr'><strong>BF</strong></span> <span class='ocrx_word' id='word_1_145' title='bbox 365 1894 403 1954; x_wconf 88' lang='lat' dir='ltr'><strong>sd</strong></span> <span class='ocrx_word' id='word_1_146' title='bbox 436 1896 489 1955; x_wconf 85' lang='grc' dir='ltr'><strong>ΑΕ</strong></span> <span class='ocrx_word' id='word_1_147' title='bbox 522 1896 580 1954; x_wconf 90' lang='lat' dir='ltr'><strong>sint</strong></span> <span class='ocrx_word' id='word_1_148' title='bbox 614 1896 708 1972; x_wconf 89' lang='lat' dir='ltr'><strong>primo</strong></span> <span class='ocrx_word' id='word_1_149' title='bbox 741 1897 867 1956; x_wconf 90' lang='lat' dir='ltr'><strong>minores</strong></span> <span class='ocrx_word' id='word_1_150' title='bbox 908 1895 1030 1957; x_wconf 90' lang='lat' dir='ltr'><strong>dimidia</strong></span> <span class='ocrx_word' id='word_1_151' title='bbox 1063 1897 1157 1974; x_wconf 89' lang='lat' dir='ltr'><strong>ipsine</strong></span> 
     </span>
    </p>
   </div>
   <div class='ocr_carea' id='block_1_6' title="bbox 218 1980 1573 4598">
    <p class='ocr_par' dir='ltr' id='par_1_7' title="bbox 220 1980 1156 2062">
     <span class='ocr_line' id='line_1_18' title="bbox 220 1980 1156 2062; baseline 0.004 -21"><span class='ocrx_word' id='word_1_152' title='bbox 220 1980 279 2041; x_wconf 92' lang='grc' dir='ltr'><strong>ΒΗ</strong></span> <span class='ocrx_word' id='word_1_153' title='bbox 302 1980 340 2041; x_wconf 91' lang='lat' dir='ltr'><strong>ad</strong></span> <span class='ocrx_word' id='word_1_154' title='bbox 365 1982 425 2042; x_wconf 82' lang='grc' dir='ltr'><strong>ΑΕ.</strong></span> <span class='ocrx_word' id='word_1_155' title='bbox 471 1981 575 2058; x_wconf 79' lang='lat' dir='ltr'><strong>diique</strong></span> <span class='ocrx_word' id='word_1_156' title='bbox 604 1990 702 2042; x_wconf 91' lang='lat' dir='ltr'><strong>motus</strong></span> <span class='ocrx_word' id='word_1_157' title='bbox 732 1985 889 2061; x_wconf 89' lang='lat' dir='ltr'><strong>superioris</strong></span> <span class='ocrx_word' id='word_1_158' title='bbox 918 1983 1077 2061; x_wconf 89' lang='lat' dir='ltr'><strong>perihelios</strong></span> <span class='ocrx_word' id='word_1_159' title='bbox 1101 2002 1156 2062; x_wconf 87' lang='lat' dir='ltr'><strong>ep-</strong></span> 
     </span>
    </p>

    <p class='ocr_par' dir='ltr' id='par_1_8' title="bbox 219 2067 1156 2147">
     <span class='ocr_line' id='line_1_19' title="bbox 219 2067 1156 2147; baseline -0.001 -16"><span class='ocrx_word' id='word_1_160' title='bbox 219 2086 324 2147; x_wconf 85' lang='lat' dir='ltr'><strong>pareus</strong></span> <span class='ocrx_word' id='word_1_161' title='bbox 347 2067 421 2145; x_wconf 82' lang='lat' dir='ltr'><strong>GK,</strong></span> <span class='ocrx_word' id='word_1_162' title='bbox 457 2069 599 2130; x_wconf 80' lang='lat' dir='ltr'><strong>inferioris</strong></span> <span class='ocrx_word' id='word_1_163' title='bbox 630 2069 766 2146; x_wconf 87' lang='lat' dir='ltr'><strong>ephelins</strong></span> <span class='ocrx_word' id='word_1_164' title='bbox 789 2070 857 2146; x_wconf 72' lang='lat' dir='ltr'><strong>PL,</strong></span> <span class='ocrx_word' id='word_1_165' title='bbox 891 2078 924 2131; x_wconf 90' lang='lat' dir='ltr'><strong>ut</strong></span> <span class='ocrx_word' id='word_1_166' title='bbox 954 2073 1013 2132; x_wconf 90' lang='lat' dir='ltr'><strong>sint</strong></span> <span class='ocrx_word' id='word_1_167' title='bbox 1034 2074 1156 2132; x_wconf 80' lang='lat' dir='ltr'><strong>extremi</strong></span> 
     </span>
    </p>

    <p class='ocr_par' dir='ltr' id='par_1_9' title="bbox 221 2154 1155 2241">
     <span class='ocr_line' id='line_1_20' title="bbox 221 2154 1155 2241; baseline 0.002 -24"><span class='ocrx_word' id='word_1_168' title='bbox 221 2165 440 2234; x_wconf 78' lang='lat' dir='ltr'><strong>eonvergenies.</strong></span> <span class='ocrx_word' id='word_1_169' title='bbox 492 2157 569 2216; x_wconf 87' lang='lat' dir='ltr'><strong>Dieo</strong></span> <span class='ocrx_word' id='word_1_170' title='bbox 601 2159 817 2235; x_wconf 91' lang='lat' dir='ltr'><strong>proportionem</strong></span> <span class='ocrx_word' id='word_1_171' title='bbox 851 2156 908 2218; x_wconf 83' lang='lat' dir='ltr'><strong>GK</strong></span> <span class='ocrx_word' id='word_1_172' title='bbox 937 2154 975 2241; x_wconf 82' lang='lat' dir='ltr'><strong>ad</strong></span> <span class='ocrx_word' id='word_1_173' title='bbox 1006 2158 1059 2219; x_wconf 86' lang='lat' dir='ltr'><strong>FL</strong></span> <span class='ocrx_word' id='word_1_174' title='bbox 1090 2176 1155 2220; x_wconf 90' lang='lat' dir='ltr'><strong>esse</strong></span> 
     </span>
    </p>

    <p class='ocr_par' dir='ltr' id='par_1_10' title="bbox 219 2243 1154 2322">
     <span class='ocr_line' id='line_1_21' title="bbox 219 2243 1154 2322; baseline 0.003 -19"><span class='ocrx_word' id='word_1_175' title='bbox 219 2246 359 2321; x_wconf 84' lang='lat' dir='ltr'><strong>mej0rem</strong></span> <span class='ocrx_word' id='word_1_176' title='bbox 393 2247 580 2322; x_wconf 86' lang='lat' dir='ltr'><strong>proportione</strong></span> <span class='ocrx_word' id='word_1_177' title='bbox 614 2243 666 2305; x_wconf 92' lang='grc'><strong>06</strong></span> <span class='ocrx_word' id='word_1_178' title='bbox 702 2244 741 2305; x_wconf 86' lang='lat' dir='ltr'><strong>ed</strong></span> <span class='ocrx_word' id='word_1_179' title='bbox 771 2245 822 2304; x_wconf 82' lang='lat' dir='ltr'><strong>BF</strong></span> <span class='ocrx_word' id='word_1_180' title='bbox 855 2263 975 2320; x_wconf 80' lang='lat' dir='ltr'><strong>eversu,</strong></span> <span class='ocrx_word' id='word_1_181' title='bbox 1013 2248 1154 2306; x_wconf 89' lang='lat' dir='ltr'><strong>minorem</strong></span> 
     </span>
    </p>

    <p class='ocr_par' dir='ltr' id='par_1_11' title="bbox 221 2331 1155 2411">
     <span class='ocr_line' id='line_1_22' title="bbox 221 2331 1155 2411; baseline 0.002 -20"><span class='ocrx_word' id='word_1_182' title='bbox 221 2340 319 2392; x_wconf 89' lang='lat' dir='ltr'><strong>temen</strong></span> <span class='ocrx_word' id='word_1_183' title='bbox 347 2332 411 2407; x_wconf 87' lang='lat' dir='ltr'><strong>ejus</strong></span> <span class='ocrx_word' id='word_1_184' title='bbox 437 2331 639 2408; x_wconf 86' lang='lat' dir='ltr'><strong>sesquialtera.</strong></span> <span class='ocrx_word' id='word_1_185' title='bbox 684 2333 759 2393; x_wconf 86' lang='lat' dir='ltr'><strong>Nam</strong></span> <span class='ocrx_word' id='word_1_186' title='bbox 789 2335 940 2411; x_wconf 87' lang='lat' dir='ltr'><strong>proportio</strong></span> <span class='ocrx_word' id='word_1_187' title='bbox 967 2331 1014 2392; x_wconf 85' lang='lat' dir='ltr'><strong>HI</strong></span> <span class='ocrx_word' id='word_1_188' title='bbox 1036 2332 1074 2393; x_wconf 88' lang='lat' dir='ltr'><strong>ad</strong></span> <span class='ocrx_word' id='word_1_189' title='bbox 1097 2332 1155 2393; x_wconf 84' lang='lat' dir='ltr'><strong>GK</strong></span> 
     </span>
    </p>

    <p class='ocr_par' dir='ltr' id='par_1_12' title="bbox 220 2417 1305 2498">
     <span class='ocr_line' id='line_1_23' title="bbox 220 2417 1305 2498; baseline 0.002 -18"><span class='ocrx_word' id='word_1_190' title='bbox 220 2427 266 2480; x_wconf 88' lang='lat' dir='ltr'><strong>est</strong></span> <span class='ocrx_word' id='word_1_191' title='bbox 287 2418 378 2496; x_wconf 89' lang='lat' dir='ltr'><strong>dupla</strong></span> <span class='ocrx_word' id='word_1_192' title='bbox 405 2420 602 2497; x_wconf 85' lang='lat' dir='ltr'><strong>proportionis</strong></span> <span class='ocrx_word' id='word_1_193' title='bbox 625 2417 678 2480; x_wconf 87' lang='grc'><strong>06</strong></span> <span class='ocrx_word' id='word_1_194' title='bbox 706 2419 744 2480; x_wconf 88' lang='lat' dir='ltr'><strong>ad</strong></span> <span class='ocrx_word' id='word_1_195' title='bbox 766 2419 839 2495; x_wconf 92' lang='grc' dir='ltr'><strong>ΒΗ,</strong></span> <span class='ocrx_word' id='word_1_196' title='bbox 871 2427 901 2481; x_wconf 91' lang='lat' dir='ltr'><strong>et</strong></span> <span class='ocrx_word' id='word_1_197' title='bbox 930 2423 1080 2498; x_wconf 90' lang='lat' dir='ltr'><strong>proportio</strong></span> <span class='ocrx_word' id='word_1_198' title='bbox 1105 2422 1155 2481; x_wconf 61' lang='lat' dir='ltr'><strong>iiis</strong></span> <span class='ocrx_word' id='word_1_199' title='bbox 1169 2421 1305 2489; x_wconf 74' lang='grc' dir='ltr'><strong>Μ·-</strong></span> 
     </span>
    </p>

    <p class='ocr_par' dir='ltr' id='par_1_13' title="bbox 219 2385 1547 3022">
     <span class='ocr_line' id='line_1_24' title="bbox 222 2385 1457 2614; baseline 0.002 -47"><span class='ocrx_word' id='word_1_200' title='bbox 222 2505 260 2568; x_wconf 87' lang='lat' dir='ltr'><strong>ed</strong></span> <span class='ocrx_word' id='word_1_201' title='bbox 282 2506 341 2566; x_wconf 83' lang='lat' dir='ltr'><strong>EM</strong></span> <span class='ocrx_word' id='word_1_202' title='bbox 363 2505 453 2584; x_wconf 89' lang='lat' dir='ltr'><strong>dupla</strong></span> <span class='ocrx_word' id='word_1_203' title='bbox 476 2509 671 2586; x_wconf 89' lang='lat' dir='ltr'><strong>proportionis</strong></span> <span class='ocrx_word' id='word_1_204' title='bbox 694 2508 747 2567; x_wconf 81' lang='grc' dir='ltr'><strong>ΑΕ</strong></span> <span class='ocrx_word' id='word_1_205' title='bbox 769 2508 808 2568; x_wconf 88' lang='lat' dir='ltr'><strong>ad</strong></span> <span class='ocrx_word' id='word_1_206' title='bbox 829 2509 896 2583; x_wconf 75' lang='lat' dir='ltr'><strong>BF,</strong></span> <span class='ocrx_word' id='word_1_207' title='bbox 923 2508 1044 2583; x_wconf 84' lang='lat' dir='ltr'><strong>junetee</strong></span> <span class='ocrx_word' id='word_1_208' title='bbox 1067 2510 1156 2585; x_wconf 77' lang='lat' dir='ltr'><strong>igitur</strong></span> <span class='ocrx_word' id='word_1_209' title='bbox 1252 2385 1457 2614; x_wconf 37' lang='grc' dir='ltr'><strong>βοᾷ]</strong></span> 
     </span>
     <span class='ocr_line' id='line_1_25' title="bbox 220 2593 1490 2675; baseline 0.002 -21"><span class='ocrx_word' id='word_1_210' title='bbox 220 2594 296 2656; x_wconf 87' lang='lat' dir='ltr'><strong>duee</strong></span> <span class='ocrx_word' id='word_1_211' title='bbox 318 2596 535 2672; x_wconf 85' lang='lat' dir='ltr'><strong>proportiones,</strong></span> <span class='ocrx_word' id='word_1_212' title='bbox 559 2594 664 2655; x_wconf 73' lang='lat' dir='ltr'><strong>illan</strong></span> <span class='ocrx_word' id='word_1_213' title='bbox 688 2593 745 2655; x_wconf 82' lang='lat' dir='ltr'><strong>GK</strong></span> <span class='ocrx_word' id='word_1_214' title='bbox 767 2604 798 2656; x_wconf 90' lang='lat' dir='ltr'><strong>et</strong></span> <span class='ocrx_word' id='word_1_215' title='bbox 819 2596 871 2655; x_wconf 73' lang='grc' dir='ltr'><strong>ΡΒ</strong></span> <span class='ocrx_word' id='word_1_216' title='bbox 892 2595 930 2656; x_wconf 91' lang='lat' dir='ltr'><strong>ad</strong></span> <span class='ocrx_word' id='word_1_217' title='bbox 953 2594 1011 2654; x_wconf 83' lang='grc' dir='ltr'><strong>ΕΜ</strong></span> <span class='ocrx_word' id='word_1_218' title='bbox 1034 2595 1155 2675; x_wconf 90' lang='lat' dir='ltr'><strong>duplum</strong></span> <span class='ocrx_word' id='word_1_219' title='bbox 1332 2615 1402 2671; x_wconf 65' lang='lat'><strong>3455</strong></span> <span class='ocrx_word' id='word_1_220' title='bbox 1436 2614 1460 2668; x_wconf 79' lang='lat' dir='ltr'><strong>p</strong></span> <span class='ocrx_word' id='word_1_221' title='bbox 1486 2618 1490 2627; x_wconf 50' lang='lat'><strong>⁴</strong></span> 
     </span>
     <span class='ocr_line' id='line_1_26' title="bbox 222 2678 1156 2757; baseline 0.001 -15"><span class='ocrx_word' id='word_1_222' title='bbox 222 2683 351 2742; x_wconf 83' lang='lat' dir='ltr'><strong>efficiunt</strong></span> <span class='ocrx_word' id='word_1_223' title='bbox 377 2682 543 2757; x_wconf 80' lang='lat' dir='ltr'><strong>junctarum</strong></span> <span class='ocrx_word' id='word_1_224' title='bbox 577 2680 630 2741; x_wconf 93' lang='grc'><strong>06</strong></span> <span class='ocrx_word' id='word_1_225' title='bbox 661 2681 699 2743; x_wconf 91' lang='lat' dir='ltr'><strong>ad</strong></span> <span class='ocrx_word' id='word_1_226' title='bbox 721 2681 781 2741; x_wconf 92' lang='grc' dir='ltr'><strong>ΒΗ</strong></span> <span class='ocrx_word' id='word_1_227' title='bbox 802 2691 832 2744; x_wconf 93' lang='lat' dir='ltr'><strong>et</strong></span> <span class='ocrx_word' id='word_1_228' title='bbox 853 2683 907 2742; x_wconf 81' lang='grc' dir='ltr'><strong>ΑΒ</strong></span> <span class='ocrx_word' id='word_1_229' title='bbox 930 2683 967 2743; x_wconf 84' lang='lat' dir='ltr'><strong>nd</strong></span> <span class='ocrx_word' id='word_1_230' title='bbox 990 2678 1068 2757; x_wconf 45' lang='lat' dir='ltr'><strong>BF..</strong></span> <span class='ocrx_word' id='word_1_231' title='bbox 1095 2683 1156 2746; x_wconf 81' lang='lat' dir='ltr'><strong>Sed</strong></span> 
     </span>
     <span class='ocr_line' id='line_1_27' title="bbox 219 2758 1156 2846; baseline 0.001 -18"><span class='ocrx_word' id='word_1_232' title='bbox 219 2769 340 2846; x_wconf 89' lang='lat' dir='ltr'><strong>juneiae</strong></span> <span class='ocrx_word' id='word_1_233' title='bbox 364 2768 417 2828; x_wconf 95' lang='grc'><strong>06</strong></span> <span class='ocrx_word' id='word_1_234' title='bbox 447 2768 484 2828; x_wconf 89' lang='lat' dir='ltr'><strong>ad</strong></span> <span class='ocrx_word' id='word_1_235' title='bbox 508 2758 564 2828; x_wconf 86' lang='grc' dir='ltr'><strong>ΒΗ</strong></span> <span class='ocrx_word' id='word_1_236' title='bbox 594 2778 623 2829; x_wconf 87' lang='lat' dir='ltr'><strong>ei</strong></span> <span class='ocrx_word' id='word_1_237' title='bbox 647 2771 698 2828; x_wconf 80' lang='grc' dir='ltr'><strong>ΑΕ</strong></span> <span class='ocrx_word' id='word_1_238' title='bbox 727 2770 764 2828; x_wconf 89' lang='lat' dir='ltr'><strong>nd</strong></span> <span class='ocrx_word' id='word_1_239' title='bbox 788 2770 838 2828; x_wconf 79' lang='lat' dir='ltr'><strong>BF</strong></span> <span class='ocrx_word' id='word_1_240' title='bbox 865 2777 933 2828; x_wconf 92' lang='lat' dir='ltr'><strong>suni</strong></span> <span class='ocrx_word' id='word_1_241' title='bbox 961 2772 1086 2831; x_wconf 90' lang='lat' dir='ltr'><strong>minores</strong></span> <span class='ocrx_word' id='word_1_242' title='bbox 1109 2772 1156 2830; x_wconf 89' lang='lat' dir='ltr'><strong>di-</strong></span> 
     </span>
     <span class='ocr_line' id='line_1_28' title="bbox 224 2856 1547 2963; baseline 0.002 -47"><span class='ocrx_word' id='word_1_243' title='bbox 224 2856 314 2942; x_wconf 69' lang='lat' dir='ltr'><strong>midip</strong></span> <span class='ocrx_word' id='word_1_244' title='bbox 336 2859 531 2934; x_wconf 90' lang='lat' dir='ltr'><strong>proportionis</strong></span> <span class='ocrx_word' id='word_1_245' title='bbox 553 2858 607 2916; x_wconf 74' lang='lat' dir='ltr'><strong>nli</strong></span> <span class='ocrx_word' id='word_1_246' title='bbox 630 2857 668 2917; x_wconf 90' lang='lat' dir='ltr'><strong>ad</strong></span> <span class='ocrx_word' id='word_1_247' title='bbox 691 2858 765 2932; x_wconf 90' lang='grc' dir='ltr'><strong>ΒΗ,</strong></span> <span class='ocrx_word' id='word_1_248' title='bbox 792 2856 908 2917; x_wconf 83' lang='lat' dir='ltr'><strong>dessein</strong></span> <span class='ocrx_word' id='word_1_249' title='bbox 931 2866 1026 2931; x_wconf 84' lang='lat' dir='ltr'><strong>serto,</strong></span> <span class='ocrx_word' id='word_1_250' title='bbox 1058 2868 1091 2917; x_wconf 93' lang='lat' dir='ltr'><strong>ut</strong></span> <span class='ocrx_word' id='word_1_251' title='bbox 1112 2866 1158 2919; x_wconf 91' lang='lat' dir='ltr'><strong>est</strong></span> <span class='ocrx_word' id='word_1_252' title='bbox 1431 2896 1547 2963; x_wconf 64' lang='grc' dir='ltr'><strong>«160οΗ</strong></span> 
     </span>
     <span class='ocr_line' id='line_1_29' title="bbox 219 2943 1155 3022; baseline 0.003 -19"><span class='ocrx_word' id='word_1_253' title='bbox 219 2948 248 3003; x_wconf 91' lang='lat' dir='ltr'><strong>in</strong></span> <span class='ocrx_word' id='word_1_254' title='bbox 271 2947 445 3022; x_wconf 87' lang='lat' dir='ltr'><strong>suppositis,</strong></span> <span class='ocrx_word' id='word_1_255' title='bbox 475 2961 545 3022; x_wconf 81' lang='lat' dir='ltr'><strong>ergo</strong></span> <span class='ocrx_word' id='word_1_256' title='bbox 576 2952 606 3003; x_wconf 90' lang='lat' dir='ltr'><strong>et</strong></span> <span class='ocrx_word' id='word_1_257' title='bbox 635 2945 755 3021; x_wconf 82' lang='lat' dir='ltr'><strong>junctae</strong></span> <span class='ocrx_word' id='word_1_258' title='bbox 780 2943 827 3004; x_wconf 89' lang='grc' dir='ltr'><strong>ΗῙ</strong></span> <span class='ocrx_word' id='word_1_259' title='bbox 848 2944 886 3004; x_wconf 91' lang='lat' dir='ltr'><strong>ad</strong></span> <span class='ocrx_word' id='word_1_260' title='bbox 910 2943 968 3003; x_wconf 90' lang='grc' dir='ltr'><strong>6Κ</strong></span> <span class='ocrx_word' id='word_1_261' title='bbox 990 2951 1021 3005; x_wconf 90' lang='lat' dir='ltr'><strong>et</strong></span> <span class='ocrx_word' id='word_1_262' title='bbox 1044 2945 1094 3004; x_wconf 76' lang='grc' dir='ltr'><strong>ΗΒ</strong></span> <span class='ocrx_word' id='word_1_263' title='bbox 1117 2944 1155 3006; x_wconf 91' lang='lat' dir='ltr'><strong>ad</strong></span> 
     </span>
    </p>

    <p class='ocr_par' dir='ltr' id='par_1_14' title="bbox 218 3026 1573 4246">
     <span class='ocr_line' id='line_1_30' title="bbox 222 3026 1569 3111; baseline -0.004 -20"><span class='ocrx_word' id='word_1_264' title='bbox 222 3031 278 3091; x_wconf 84' lang='lat' dir='ltr'><strong>EM</strong></span> <span class='ocrx_word' id='word_1_265' title='bbox 299 3038 368 3091; x_wconf 87' lang='lat' dir='ltr'><strong>snut</strong></span> <span class='ocrx_word' id='word_1_266' title='bbox 390 3034 515 3092; x_wconf 89' lang='lat' dir='ltr'><strong>minores</strong></span> <span class='ocrx_word' id='word_1_267' title='bbox 538 3030 628 3109; x_wconf 91' lang='lat' dir='ltr'><strong>duplo</strong></span> <span class='ocrx_word' id='word_1_268' title='bbox 652 3031 775 3111; x_wconf 89' lang='lat' dir='ltr'><strong>dimidii,</strong></span> <span class='ocrx_word' id='word_1_269' title='bbox 796 3031 827 3091; x_wconf 89' lang='lat' dir='ltr'><strong>id</strong></span> <span class='ocrx_word' id='word_1_270' title='bbox 851 3039 896 3091; x_wconf 89' lang='lat' dir='ltr'><strong>est</strong></span> <span class='ocrx_word' id='word_1_271' title='bbox 917 3035 1047 3093; x_wconf 89' lang='lat' dir='ltr'><strong>minores</strong></span> <span class='ocrx_word' id='word_1_272' title='bbox 1070 3040 1133 3092; x_wconf 88' lang='lat' dir='ltr'><strong>tois</strong></span> <span class='ocrx_word' id='word_1_273' title='bbox 1153 3032 1341 3110; x_wconf 89' lang='lat' dir='ltr'><strong>proportione</strong></span> <span class='ocrx_word' id='word_1_274' title='bbox 1365 3029 1418 3088; x_wconf 81' lang='grc' dir='ltr'><strong>ΑΕ</strong></span> <span class='ocrx_word' id='word_1_275' title='bbox 1440 3026 1479 3088; x_wconf 84' lang='lat' dir='ltr'><strong>sd</strong></span> <span class='ocrx_word' id='word_1_276' title='bbox 1500 3026 1569 3099; x_wconf 90' lang='grc' dir='ltr'><strong>ΒΗ,</strong></span> 
     </span>
     <span class='ocr_line' id='line_1_31' title="bbox 221 3113 1572 3197; baseline -0.003 -19"><span class='ocrx_word' id='word_1_277' title='bbox 221 3119 337 3180; x_wconf 73' lang='lat' dir='ltr'><strong>deiemu</strong></span> <span class='ocrx_word' id='word_1_278' title='bbox 366 3120 471 3197; x_wconf 90' lang='lat' dir='ltr'><strong>prioris</strong></span> <span class='ocrx_word' id='word_1_279' title='bbox 502 3117 601 3197; x_wconf 90' lang='lat' dir='ltr'><strong>dupio.</strong></span> <span class='ocrx_word' id='word_1_280' title='bbox 646 3118 706 3180; x_wconf 83' lang='lat' dir='ltr'><strong>Sed</strong></span> <span class='ocrx_word' id='word_1_281' title='bbox 727 3118 773 3178; x_wconf 93' lang='grc' dir='ltr'><strong>ΗΙ</strong></span> <span class='ocrx_word' id='word_1_282' title='bbox 794 3118 833 3179; x_wconf 90' lang='lat' dir='ltr'><strong>ed</strong></span> <span class='ocrx_word' id='word_1_283' title='bbox 855 3118 913 3176; x_wconf 84' lang='lat' dir='ltr'><strong>EM</strong></span> <span class='ocrx_word' id='word_1_284' title='bbox 936 3126 981 3179; x_wconf 92' lang='lat' dir='ltr'><strong>est</strong></span> <span class='ocrx_word' id='word_1_285' title='bbox 1011 3119 1206 3197; x_wconf 87' lang='lat' dir='ltr'><strong>sesquialtera</strong></span> <span class='ocrx_word' id='word_1_286' title='bbox 1237 3117 1434 3196; x_wconf 89' lang='lat' dir='ltr'><strong>proportionis</strong></span> <span class='ocrx_word' id='word_1_287' title='bbox 1459 3114 1511 3175; x_wconf 79' lang='lat' dir='ltr'><strong>nil</strong></span> <span class='ocrx_word' id='word_1_288' title='bbox 1533 3113 1572 3175; x_wconf 91' lang='lat' dir='ltr'><strong>ad</strong></span> 
     </span>
     <span class='ocr_line' id='line_1_32' title="bbox 220 3203 1572 3287; baseline -0.003 -21"><span class='ocrx_word' id='word_1_289' title='bbox 220 3207 289 3287; x_wconf 87' lang='grc' dir='ltr'><strong>ΒΗ,</strong></span> <span class='ocrx_word' id='word_1_290' title='bbox 311 3224 364 3284; x_wconf 91' lang='lat' dir='ltr'><strong>per</strong></span> <span class='ocrx_word' id='word_1_291' title='bbox 387 3208 415 3265; x_wconf 90' lang='lat'><strong>8.</strong></span> <span class='ocrx_word' id='word_1_292' title='bbox 438 3209 639 3283; x_wconf 90' lang='lat' dir='ltr'><strong>praemissum.</strong></span> <span class='ocrx_word' id='word_1_293' title='bbox 683 3206 761 3282; x_wconf 83' lang='lat' dir='ltr'><strong>Ergo</strong></span> <span class='ocrx_word' id='word_1_294' title='bbox 783 3208 881 3265; x_wconf 91' lang='lat' dir='ltr'><strong>minus</strong></span> <span class='ocrx_word' id='word_1_295' title='bbox 911 3214 975 3266; x_wconf 92' lang='lat' dir='ltr'><strong>toto</strong></span> <span class='ocrx_word' id='word_1_296' title='bbox 1000 3206 1117 3268; x_wconf 83' lang='lat' dir='ltr'><strong>deieotn</strong></span> <span class='ocrx_word' id='word_1_297' title='bbox 1140 3204 1290 3285; x_wconf 79' lang='lat' dir='ltr'><strong>duplicato</strong></span> <span class='ocrx_word' id='word_1_298' title='bbox 1313 3203 1445 3265; x_wconf 87' lang='lat' dir='ltr'><strong>ablatum</strong></span> <span class='ocrx_word' id='word_1_299' title='bbox 1467 3220 1487 3262; x_wconf 93' lang='lat' dir='ltr'><strong>a</strong></span> <span class='ocrx_word' id='word_1_300' title='bbox 1506 3218 1572 3262; x_wconf 87' lang='lat' dir='ltr'><strong>see·</strong></span> 
     </span>
     <span class='ocr_line' id='line_1_33' title="bbox 221 3289 1573 3371; baseline -0.004 -17"><span class='ocrx_word' id='word_1_301' title='bbox 221 3294 378 3368; x_wconf 83' lang='lat' dir='ltr'><strong>ooialtero,</strong></span> <span class='ocrx_word' id='word_1_302' title='bbox 412 3292 523 3354; x_wconf 85' lang='lat' dir='ltr'><strong>seilicet</strong></span> <span class='ocrx_word' id='word_1_303' title='bbox 550 3295 752 3370; x_wconf 88' lang='lat' dir='ltr'><strong>proportiones</strong></span> <span class='ocrx_word' id='word_1_304' title='bbox 783 3292 829 3352; x_wconf 92' lang='lat' dir='ltr'><strong>HI</strong></span> <span class='ocrx_word' id='word_1_305' title='bbox 851 3291 890 3353; x_wconf 91' lang='lat' dir='ltr'><strong>ad</strong></span> <span class='ocrx_word' id='word_1_306' title='bbox 913 3291 970 3353; x_wconf 88' lang='grc' dir='ltr'><strong>6Κ</strong></span> <span class='ocrx_word' id='word_1_307' title='bbox 1002 3302 1032 3356; x_wconf 90' lang='lat' dir='ltr'><strong>et</strong></span> <span class='ocrx_word' id='word_1_308' title='bbox 1054 3295 1105 3354; x_wconf 77' lang='grc' dir='ltr'><strong>ΡΒ</strong></span> <span class='ocrx_word' id='word_1_309' title='bbox 1128 3294 1165 3354; x_wconf 88' lang='lat' dir='ltr'><strong>nd</strong></span> <span class='ocrx_word' id='word_1_310' title='bbox 1190 3293 1288 3353; x_wconf 75' lang='lat' dir='ltr'><strong>Elis</strong></span> <span class='ocrx_word' id='word_1_311' title='bbox 1316 3293 1502 3371; x_wconf 89' lang='lat' dir='ltr'><strong>proportione</strong></span> <span class='ocrx_word' id='word_1_312' title='bbox 1526 3289 1573 3348; x_wconf 85' lang='lat' dir='ltr'><strong>Hi</strong></span> 
     </span>
     <span class='ocr_line' id='line_1_34' title="bbox 222 3376 1572 3458; baseline -0.004 -16"><span class='ocrx_word' id='word_1_313' title='bbox 222 3381 260 3442; x_wconf 90' lang='lat' dir='ltr'><strong>ed</strong></span> <span class='ocrx_word' id='word_1_314' title='bbox 282 3381 341 3443; x_wconf 82' lang='lat' dir='ltr'><strong>EM</strong></span> <span class='ocrx_word' id='word_1_315' title='bbox 363 3381 531 3458; x_wconf 88' lang='lat' dir='ltr'><strong>relinquunt</strong></span> <span class='ocrx_word' id='word_1_316' title='bbox 552 3381 620 3458; x_wconf 90' lang='lat' dir='ltr'><strong>pius</strong></span> <span class='ocrx_word' id='word_1_317' title='bbox 642 3399 730 3456; x_wconf 85' lang='lat' dir='ltr'><strong>quam</strong></span> <span class='ocrx_word' id='word_1_318' title='bbox 752 3383 841 3441; x_wconf 89' lang='lat' dir='ltr'><strong>semis</strong></span> <span class='ocrx_word' id='word_1_319' title='bbox 862 3384 1061 3458; x_wconf 86' lang='lat' dir='ltr'><strong>proportionis</strong></span> <span class='ocrx_word' id='word_1_320' title='bbox 1083 3383 1136 3442; x_wconf 78' lang='lat' dir='ltr'><strong>nu</strong></span> <span class='ocrx_word' id='word_1_321' title='bbox 1159 3381 1197 3442; x_wconf 91' lang='lat' dir='ltr'><strong>ad</strong></span> <span class='ocrx_word' id='word_1_322' title='bbox 1219 3380 1296 3454; x_wconf 90' lang='grc' dir='ltr'><strong>ΒΗ,</strong></span> <span class='ocrx_word' id='word_1_323' title='bbox 1328 3397 1451 3441; x_wconf 89' lang='lat' dir='ltr'><strong>exoessu</strong></span> <span class='ocrx_word' id='word_1_324' title='bbox 1473 3376 1572 3454; x_wconf 85' lang='lat' dir='ltr'><strong>dupli·</strong></span> 
     </span>
     <span class='ocr_line' id='line_1_35' title="bbox 220 3463 1570 3546; baseline -0.006 -16"><span class='ocrx_word' id='word_1_325' title='bbox 220 3477 303 3545; x_wconf 65' lang='grc' dir='ltr'><strong>θεῖος</strong></span> <span class='ocrx_word' id='word_1_326' title='bbox 336 3468 505 3546; x_wconf 85' lang='lat' dir='ltr'><strong>relinquunt</strong></span> <span class='ocrx_word' id='word_1_327' title='bbox 534 3486 604 3529; x_wconf 91' lang='lat' dir='ltr'><strong>vero</strong></span> <span class='ocrx_word' id='word_1_328' title='bbox 631 3470 849 3546; x_wconf 90' lang='lat' dir='ltr'><strong>proportionem</strong></span> <span class='ocrx_word' id='word_1_329' title='bbox 872 3468 930 3528; x_wconf 83' lang='lat' dir='ltr'><strong>GK</strong></span> <span class='ocrx_word' id='word_1_330' title='bbox 953 3468 991 3528; x_wconf 88' lang='lat' dir='ltr'><strong>ad</strong></span> <span class='ocrx_word' id='word_1_331' title='bbox 1014 3469 1080 3545; x_wconf 85' lang='lat' dir='ltr'><strong>FL,</strong></span> <span class='ocrx_word' id='word_1_332' title='bbox 1114 3487 1183 3546; x_wconf 82' lang='lat' dir='ltr'><strong>ergo</strong></span> <span class='ocrx_word' id='word_1_333' title='bbox 1206 3470 1355 3546; x_wconf 91' lang='lat' dir='ltr'><strong>proportio</strong></span> <span class='ocrx_word' id='word_1_334' title='bbox 1378 3466 1436 3528; x_wconf 83' lang='lat' dir='ltr'><strong>GK</strong></span> <span class='ocrx_word' id='word_1_335' title='bbox 1458 3464 1496 3525; x_wconf 91' lang='lat' dir='ltr'><strong>ad</strong></span> <span class='ocrx_word' id='word_1_336' title='bbox 1519 3463 1570 3523; x_wconf 72' lang='grc' dir='ltr'><strong>ΗΒ</strong></span> 
     </span>
     <span class='ocr_line' id='line_1_36' title="bbox 220 3555 1572 3641; baseline -0.005 -24"><span class='ocrx_word' id='word_1_337' title='bbox 220 3562 264 3617; x_wconf 89' lang='lat' dir='ltr'><strong>est</strong></span> <span class='ocrx_word' id='word_1_338' title='bbox 284 3555 352 3633; x_wconf 91' lang='lat' dir='ltr'><strong>plus</strong></span> <span class='ocrx_word' id='word_1_339' title='bbox 375 3574 464 3633; x_wconf 86' lang='lat' dir='ltr'><strong>quern</strong></span> <span class='ocrx_word' id='word_1_340' title='bbox 487 3555 607 3616; x_wconf 91' lang='lat' dir='ltr'><strong>dimidia</strong></span> <span class='ocrx_word' id='word_1_341' title='bbox 628 3557 825 3632; x_wconf 88' lang='lat' dir='ltr'><strong>proportionis</strong></span> <span class='ocrx_word' id='word_1_342' title='bbox 847 3557 900 3615; x_wconf 83' lang='lat' dir='ltr'><strong>Ali</strong></span> <span class='ocrx_word' id='word_1_343' title='bbox 922 3555 1056 3641; x_wconf 54' lang='lat' dir='ltr'><strong>‘iffi’</strong></span> <span class='ocrx_word' id='word_1_344' title='bbox 1091 3574 1213 3618; x_wconf 88' lang='lat' dir='ltr'><strong>ereeseu</strong></span> <span class='ocrx_word' id='word_1_345' title='bbox 1236 3555 1394 3634; x_wconf 84' lang='lat' dir='ltr'><strong>duplicato.</strong></span> <span class='ocrx_word' id='word_1_346' title='bbox 1441 3555 1482 3613; x_wconf 81' lang='lat' dir='ltr'><strong>nt</strong></span> <span class='ocrx_word' id='word_1_347' title='bbox 1503 3569 1572 3629; x_wconf 90' lang='lat' dir='ltr'><strong>pro·</strong></span> 
     </span>
     <span class='ocr_line' id='line_1_37' title="bbox 218 3638 1573 3721; baseline -0.004 -17"><span class='ocrx_word' id='word_1_348' title='bbox 218 3647 314 3721; x_wconf 87' lang='lat' dir='ltr'><strong>portio</strong></span> <span class='ocrx_word' id='word_1_349' title='bbox 338 3644 389 3703; x_wconf 85' lang='grc' dir='ltr'><strong>ΑΕ</strong></span> <span class='ocrx_word' id='word_1_350' title='bbox 412 3642 451 3704; x_wconf 82' lang='lat' dir='ltr'><strong>ed</strong></span> <span class='ocrx_word' id='word_1_351' title='bbox 473 3643 532 3703; x_wconf 94' lang='grc' dir='ltr'><strong>ΒΗ</strong></span> <span class='ocrx_word' id='word_1_352' title='bbox 555 3651 600 3704; x_wconf 90' lang='lat' dir='ltr'><strong>est</strong></span> <span class='ocrx_word' id='word_1_353' title='bbox 621 3645 785 3719; x_wconf 86' lang='lat' dir='ltr'><strong>composita</strong></span> <span class='ocrx_word' id='word_1_354' title='bbox 808 3644 975 3703; x_wconf 87' lang='lat' dir='ltr'><strong>extribus:</strong></span> <span class='ocrx_word' id='word_1_355' title='bbox 998 3663 1035 3705; x_wconf 86' lang='lat' dir='ltr'><strong>ex</strong></span> <span class='ocrx_word' id='word_1_356' title='bbox 1060 3645 1111 3704; x_wconf 83' lang='grc' dir='ltr'><strong>ΑΕ</strong></span> <span class='ocrx_word' id='word_1_357' title='bbox 1134 3644 1172 3706; x_wconf 92' lang='lat' dir='ltr'><strong>ad</strong></span> <span class='ocrx_word' id='word_1_358' title='bbox 1194 3644 1255 3717; x_wconf 79' lang='lat' dir='ltr'><strong>BF,</strong></span> <span class='ocrx_word' id='word_1_359' title='bbox 1279 3660 1316 3704; x_wconf 84' lang='lat' dir='ltr'><strong>ex</strong></span> <span class='ocrx_word' id='word_1_360' title='bbox 1338 3644 1389 3702; x_wconf 82' lang='lat' dir='ltr'><strong>BF</strong></span> <span class='ocrx_word' id='word_1_361' title='bbox 1413 3641 1451 3701; x_wconf 83' lang='lat' dir='ltr'><strong>ad</strong></span> <span class='ocrx_word' id='word_1_362' title='bbox 1468 3638 1521 3701; x_wconf 89' lang='grc'><strong>06</strong></span> <span class='ocrx_word' id='word_1_363' title='bbox 1542 3645 1573 3699; x_wconf 89' lang='lat' dir='ltr'><strong>et</strong></span> 
     </span>
     <span class='ocr_line' id='line_1_38' title="bbox 220 3728 1573 3805; baseline -0.004 -13"><span class='ocrx_word' id='word_1_364' title='bbox 220 3750 256 3792; x_wconf 85' lang='lat' dir='ltr'><strong>ex</strong></span> <span class='ocrx_word' id='word_1_365' title='bbox 278 3730 332 3791; x_wconf 93' lang='grc'><strong>06</strong></span> <span class='ocrx_word' id='word_1_366' title='bbox 353 3730 392 3790; x_wconf 92' lang='lat' dir='ltr'><strong>ad</strong></span> <span class='ocrx_word' id='word_1_367' title='bbox 414 3730 483 3790; x_wconf 92' lang='grc' dir='ltr'><strong>ΒΗ.</strong></span> <span class='ocrx_word' id='word_1_368' title='bbox 527 3732 566 3790; x_wconf 88' lang='lat' dir='ltr'><strong>Et</strong></span> <span class='ocrx_word' id='word_1_369' title='bbox 588 3728 641 3790; x_wconf 91' lang='grc'><strong>06</strong></span> <span class='ocrx_word' id='word_1_370' title='bbox 664 3729 701 3790; x_wconf 89' lang='lat' dir='ltr'><strong>ed</strong></span> <span class='ocrx_word' id='word_1_371' title='bbox 725 3730 783 3789; x_wconf 94' lang='grc' dir='ltr'><strong>ΒΗ</strong></span> <span class='ocrx_word' id='word_1_372' title='bbox 815 3748 881 3791; x_wconf 87' lang='lat' dir='ltr'><strong>eum</strong></span> <span class='ocrx_word' id='word_1_373' title='bbox 903 3732 957 3790; x_wconf 76' lang='lat' dir='ltr'><strong>All</strong></span> <span class='ocrx_word' id='word_1_374' title='bbox 980 3732 1018 3791; x_wconf 89' lang='lat' dir='ltr'><strong>ed</strong></span> <span class='ocrx_word' id='word_1_375' title='bbox 1040 3731 1092 3791; x_wconf 81' lang='lat' dir='ltr'><strong>BF</strong></span> <span class='ocrx_word' id='word_1_376' title='bbox 1122 3740 1169 3793; x_wconf 91' lang='lat' dir='ltr'><strong>est</strong></span> <span class='ocrx_word' id='word_1_377' title='bbox 1197 3734 1294 3791; x_wconf 89' lang='lat' dir='ltr'><strong>miuus</strong></span> <span class='ocrx_word' id='word_1_378' title='bbox 1326 3728 1447 3790; x_wconf 92' lang='lat' dir='ltr'><strong>dimidio</strong></span> <span class='ocrx_word' id='word_1_379' title='bbox 1470 3728 1573 3805; x_wconf 81' lang='lat' dir='ltr'><strong>ipsius</strong></span> 
     </span>
     <span class='ocr_line' id='line_1_39' title="bbox 221 3814 1571 3898; baseline -0.003 -21"><span class='ocrx_word' id='word_1_380' title='bbox 221 3819 272 3878; x_wconf 74' lang='lat' dir='ltr'><strong>nil</strong></span> <span class='ocrx_word' id='word_1_381' title='bbox 294 3820 333 3880; x_wconf 89' lang='lat' dir='ltr'><strong>ed</strong></span> <span class='ocrx_word' id='word_1_382' title='bbox 355 3817 423 3892; x_wconf 91' lang='grc' dir='ltr'><strong>ΒΗ,</strong></span> <span class='ocrx_word' id='word_1_383' title='bbox 447 3817 562 3879; x_wconf 82' lang='lat' dir='ltr'><strong>delectu</strong></span> <span class='ocrx_word' id='word_1_384' title='bbox 585 3817 710 3895; x_wconf 89' lang='lat' dir='ltr'><strong>simplo,</strong></span> <span class='ocrx_word' id='word_1_385' title='bbox 734 3835 804 3895; x_wconf 80' lang='lat' dir='ltr'><strong>ergo</strong></span> <span class='ocrx_word' id='word_1_386' title='bbox 827 3819 878 3877; x_wconf 82' lang='lat' dir='ltr'><strong>BF</strong></span> <span class='ocrx_word' id='word_1_387' title='bbox 902 3818 940 3877; x_wconf 88' lang='lat' dir='ltr'><strong>ad</strong></span> <span class='ocrx_word' id='word_1_388' title='bbox 963 3818 1017 3879; x_wconf 88' lang='grc'><strong>06</strong></span> <span class='ocrx_word' id='word_1_389' title='bbox 1039 3826 1084 3880; x_wconf 88' lang='lat' dir='ltr'><strong>est</strong></span> <span class='ocrx_word' id='word_1_390' title='bbox 1104 3819 1173 3898; x_wconf 90' lang='lat' dir='ltr'><strong>pius</strong></span> <span class='ocrx_word' id='word_1_391' title='bbox 1196 3818 1316 3878; x_wconf 89' lang='lat' dir='ltr'><strong>dimidio</strong></span> <span class='ocrx_word' id='word_1_392' title='bbox 1338 3820 1431 3897; x_wconf 87' lang='lat' dir='ltr'><strong>ipsine</strong></span> <span class='ocrx_word' id='word_1_393' title='bbox 1458 3814 1510 3874; x_wconf 82' lang='grc' dir='ltr'><strong>ΑΕ</strong></span> <span class='ocrx_word' id='word_1_394' title='bbox 1533 3814 1571 3875; x_wconf 94' lang='lat' dir='ltr'><strong>ad</strong></span> 
     </span>
     <span class='ocr_line' id='line_1_40' title="bbox 218 3901 1573 3983; baseline -0.004 -17"><span class='ocrx_word' id='word_1_395' title='bbox 218 3906 286 3982; x_wconf 94' lang='grc' dir='ltr'><strong>ΒΗ,</strong></span> <span class='ocrx_word' id='word_1_396' title='bbox 310 3923 433 3968; x_wconf 86' lang='lat' dir='ltr'><strong>exeessu</strong></span> <span class='ocrx_word' id='word_1_397' title='bbox 455 3905 569 3982; x_wconf 88' lang='lat' dir='ltr'><strong>simplo.</strong></span> <span class='ocrx_word' id='word_1_398' title='bbox 614 3904 673 3966; x_wconf 81' lang='lat' dir='ltr'><strong>Sed</strong></span> <span class='ocrx_word' id='word_1_399' title='bbox 695 3908 845 3983; x_wconf 90' lang='lat' dir='ltr'><strong>proportio</strong></span> <span class='ocrx_word' id='word_1_400' title='bbox 868 3904 927 3965; x_wconf 83' lang='lat' dir='ltr'><strong>GK</strong></span> <span class='ocrx_word' id='word_1_401' title='bbox 948 3906 986 3966; x_wconf 92' lang='lat' dir='ltr'><strong>ad</strong></span> <span class='ocrx_word' id='word_1_402' title='bbox 1009 3907 1146 3969; x_wconf 82' lang='lat' dir='ltr'><strong>FLerat</strong></span> <span class='ocrx_word' id='word_1_403' title='bbox 1168 3908 1258 3968; x_wconf 86' lang='lat' dir='ltr'><strong>etiam</strong></span> <span class='ocrx_word' id='word_1_404' title='bbox 1280 3905 1348 3983; x_wconf 91' lang='lat' dir='ltr'><strong>plus</strong></span> <span class='ocrx_word' id='word_1_405' title='bbox 1371 3915 1461 3983; x_wconf 84' lang='lat' dir='ltr'><strong>quam</strong></span> <span class='ocrx_word' id='word_1_406' title='bbox 1484 3901 1573 3962; x_wconf 90' lang='lat' dir='ltr'><strong>dimi·</strong></span> 
     </span>
     <span class='ocr_line' id='line_1_41' title="bbox 220 3992 1573 4073; baseline -0.004 -19"><span class='ocrx_word' id='word_1_407' title='bbox 220 3994 269 4054; x_wconf 87' lang='lat' dir='ltr'><strong>die</strong></span> <span class='ocrx_word' id='word_1_408' title='bbox 292 3993 425 4073; x_wconf 74' lang='lat' dir='ltr'><strong>eiusdem</strong></span> <span class='ocrx_word' id='word_1_409' title='bbox 449 3994 500 4053; x_wconf 83' lang='grc' dir='ltr'><strong>ΑΕ</strong></span> <span class='ocrx_word' id='word_1_410' title='bbox 523 3992 563 4053; x_wconf 91' lang='lat' dir='ltr'><strong>ad</strong></span> <span class='ocrx_word' id='word_1_411' title='bbox 584 3992 652 4068; x_wconf 94' lang='grc' dir='ltr'><strong>ΒΗ,</strong></span> <span class='ocrx_word' id='word_1_412' title='bbox 678 4010 780 4053; x_wconf 88' lang='lat' dir='ltr'><strong>verum</strong></span> <span class='ocrx_word' id='word_1_413' title='bbox 802 4010 926 4055; x_wconf 74' lang='lat' dir='ltr'><strong>exeemu</strong></span> <span class='ocrx_word' id='word_1_414' title='bbox 948 3993 1113 4071; x_wconf 81' lang='lat' dir='ltr'><strong>duplicat03</strong></span> <span class='ocrx_word' id='word_1_415' title='bbox 1148 3993 1316 4072; x_wconf 80' lang='lat' dir='ltr'><strong>duplicatus</strong></span> <span class='ocrx_word' id='word_1_416' title='bbox 1340 4010 1411 4055; x_wconf 91' lang='lat' dir='ltr'><strong>vero</strong></span> <span class='ocrx_word' id='word_1_417' title='bbox 1434 4007 1573 4052; x_wconf 75' lang='lat' dir='ltr'><strong>excessus</strong></span> 
     </span>
     <span class='ocr_line' id='line_1_42' title="bbox 219 4080 1572 4160; baseline -0.004 -17"><span class='ocrx_word' id='word_1_418' title='bbox 219 4090 264 4143; x_wconf 88' lang='lat' dir='ltr'><strong>eet</strong></span> <span class='ocrx_word' id='word_1_419' title='bbox 285 4083 380 4160; x_wconf 86' lang='lat' dir='ltr'><strong>major</strong></span> <span class='ocrx_word' id='word_1_420' title='bbox 402 4080 526 4159; x_wconf 87' lang='lat' dir='ltr'><strong>simplo,</strong></span> <span class='ocrx_word' id='word_1_421' title='bbox 561 4097 632 4158; x_wconf 78' lang='lat' dir='ltr'><strong>ergo</strong></span> <span class='ocrx_word' id='word_1_422' title='bbox 653 4083 803 4157; x_wconf 89' lang='lat' dir='ltr'><strong>proportio</strong></span> <span class='ocrx_word' id='word_1_423' title='bbox 831 4090 966 4142; x_wconf 87' lang='lat' dir='ltr'><strong>moinum</strong></span> <span class='ocrx_word' id='word_1_424' title='bbox 987 4080 1045 4142; x_wconf 83' lang='lat' dir='ltr'><strong>GK</strong></span> <span class='ocrx_word' id='word_1_425' title='bbox 1067 4081 1105 4143; x_wconf 93' lang='lat' dir='ltr'><strong>ad</strong></span> <span class='ocrx_word' id='word_1_426' title='bbox 1128 4083 1180 4143; x_wconf 74' lang='grc' dir='ltr'><strong>ΗΒ</strong></span> <span class='ocrx_word' id='word_1_427' title='bbox 1201 4089 1248 4143; x_wconf 90' lang='lat' dir='ltr'><strong>eet</strong></span> <span class='ocrx_word' id='word_1_428' title='bbox 1269 4081 1363 4159; x_wconf 88' lang='lat' dir='ltr'><strong>major</strong></span> <span class='ocrx_word' id='word_1_429' title='bbox 1384 4080 1572 4158; x_wconf 90' lang='lat' dir='ltr'><strong>proportione</strong></span> 
     </span>
     <span class='ocr_line' id='line_1_43' title="bbox 218 4167 919 4246; baseline -0.001 -17"><span class='ocrx_word' id='word_1_430' title='bbox 218 4169 440 4232; x_wconf 78' lang='lat' dir='ltr'><strong>intervallorum</strong></span> <span class='ocrx_word' id='word_1_431' title='bbox 460 4168 699 4246; x_wconf 87' lang='lat' dir='ltr'><strong>respondentium</strong></span> <span class='ocrx_word' id='word_1_432' title='bbox 721 4168 773 4227; x_wconf 83' lang='lat' dir='ltr'><strong>BF</strong></span> <span class='ocrx_word' id='word_1_433' title='bbox 796 4168 834 4228; x_wconf 91' lang='lat' dir='ltr'><strong>ad</strong></span> <span class='ocrx_word' id='word_1_434' title='bbox 856 4167 919 4229; x_wconf 91' lang='grc'><strong>06.</strong></span> 
     </span>
    </p>

    <p class='ocr_par' dir='ltr' id='par_1_15' title="bbox 218 4252 1573 4598">
     <span class='ocr_line' id='line_1_44' title="bbox 303 4252 1573 4335; baseline -0.005 -18"><span class='ocrx_word' id='word_1_435' title='bbox 303 4256 415 4318; x_wconf 85' lang='lat' dir='ltr'><strong>Eodem</strong></span> <span class='ocrx_word' id='word_1_436' title='bbox 447 4255 535 4335; x_wconf 86' lang='lat' dir='ltr'><strong>pierre</strong></span> <span class='ocrx_word' id='word_1_437' title='bbox 567 4255 655 4316; x_wconf 91' lang='lat' dir='ltr'><strong>modo</strong></span> <span class='ocrx_word' id='word_1_438' title='bbox 678 4256 892 4316; x_wconf 88' lang='lat' dir='ltr'><strong>demonstretur</strong></span> <span class='ocrx_word' id='word_1_439' title='bbox 914 4257 1004 4317; x_wconf 90' lang='lat' dir='ltr'><strong>etiam</strong></span> <span class='ocrx_word' id='word_1_440' title='bbox 1026 4273 1043 4316; x_wconf 90' lang='lat' dir='ltr'><strong>e</strong></span> <span class='ocrx_word' id='word_1_441' title='bbox 1065 4259 1226 4331; x_wconf 80' lang='lat' dir='ltr'><strong>contrario,</strong></span> <span class='ocrx_word' id='word_1_442' title='bbox 1257 4252 1442 4333; x_wconf 86' lang='lat' dir='ltr'><strong>siplanetee</strong></span> <span class='ocrx_word' id='word_1_443' title='bbox 1463 4268 1573 4330; x_wconf 83' lang='lat' dir='ltr'><strong>appro-</strong></span> 
     </span>
     <span class='ocr_line' id='line_1_45' title="bbox 218 4341 1572 4423; baseline -0.004 -18"><span class='ocrx_word' id='word_1_444' title='bbox 218 4347 362 4423; x_wconf 83' lang='lat' dir='ltr'><strong>pinquent</strong></span> <span class='ocrx_word' id='word_1_445' title='bbox 383 4346 510 4404; x_wconf 84' lang='lat' dir='ltr'><strong>mvieem</strong></span> <span class='ocrx_word' id='word_1_446' title='bbox 530 4345 561 4402; x_wconf 92' lang='lat' dir='ltr'><strong>in</strong></span> <span class='ocrx_word' id='word_1_447' title='bbox 585 4342 628 4418; x_wconf 91' lang='grc'><strong>6,</strong></span> <span class='ocrx_word' id='word_1_448' title='bbox 652 4344 676 4402; x_wconf 83' lang='lat' dir='ltr'><strong>F</strong></span> <span class='ocrx_word' id='word_1_449' title='bbox 699 4342 776 4404; x_wconf 85' lang='lat' dir='ltr'><strong>ultre</strong></span> <span class='ocrx_word' id='word_1_450' title='bbox 799 4342 954 4404; x_wconf 79' lang='lat' dir='ltr'><strong>dietamias</strong></span> <span class='ocrx_word' id='word_1_451' title='bbox 977 4342 1089 4405; x_wconf 89' lang='lat' dir='ltr'><strong>medias</strong></span> <span class='ocrx_word' id='word_1_452' title='bbox 1111 4347 1142 4403; x_wconf 92' lang='lat' dir='ltr'><strong>in</strong></span> <span class='ocrx_word' id='word_1_453' title='bbox 1164 4344 1212 4418; x_wconf 90' lang='lat' dir='ltr'><strong>H,</strong></span> <span class='ocrx_word' id='word_1_454' title='bbox 1235 4344 1278 4417; x_wconf 84' lang='grc' dir='ltr'><strong>Η,</strong></span> <span class='ocrx_word' id='word_1_455' title='bbox 1303 4343 1347 4403; x_wconf 88' lang='lat' dir='ltr'><strong>elo</strong></span> <span class='ocrx_word' id='word_1_456' title='bbox 1369 4353 1402 4401; x_wconf 92' lang='lat' dir='ltr'><strong>ut</strong></span> <span class='ocrx_word' id='word_1_457' title='bbox 1422 4341 1572 4419; x_wconf 90' lang='lat' dir='ltr'><strong>proportio</strong></span> 
     </span>
     <span class='ocr_line' id='line_1_46' title="bbox 219 4426 1572 4508; baseline -0.003 -16"><span class='ocrx_word' id='word_1_458' title='bbox 219 4433 381 4494; x_wconf 89' lang='lat' dir='ltr'><strong>mediarum</strong></span> <span class='ocrx_word' id='word_1_459' title='bbox 411 4430 614 4492; x_wconf 74' lang='lat' dir='ltr'><strong>distantiarum</strong></span> <span class='ocrx_word' id='word_1_460' title='bbox 637 4430 696 4490; x_wconf 92' lang='grc' dir='ltr'><strong>ΒΗ</strong></span> <span class='ocrx_word' id='word_1_461' title='bbox 718 4430 757 4490; x_wconf 90' lang='lat' dir='ltr'><strong>ad</strong></span> <span class='ocrx_word' id='word_1_462' title='bbox 780 4431 832 4490; x_wconf 75' lang='lat' dir='ltr'><strong>iiii</strong></span> <span class='ocrx_word' id='word_1_463' title='bbox 855 4434 971 4490; x_wconf 84' lang='lat' dir='ltr'><strong>amittet</strong></span> <span class='ocrx_word' id='word_1_464' title='bbox 1000 4430 1065 4508; x_wconf 90' lang='lat' dir='ltr'><strong>plue</strong></span> <span class='ocrx_word' id='word_1_465' title='bbox 1088 4430 1224 4504; x_wconf 88' lang='lat' dir='ltr'><strong>dimidio,</strong></span> <span class='ocrx_word' id='word_1_466' title='bbox 1259 4438 1330 4491; x_wconf 81' lang='lat' dir='ltr'><strong>tune</strong></span> <span class='ocrx_word' id='word_1_467' title='bbox 1358 4435 1491 4491; x_wconf 84' lang='lat' dir='ltr'><strong>motuum</strong></span> <span class='ocrx_word' id='word_1_468' title='bbox 1514 4426 1572 4488; x_wconf 86' lang='grc' dir='ltr'><strong>6Κ</strong></span> 
     </span>
     <span class='ocr_line' id='line_1_47' title="bbox 218 4515 1572 4598; baseline -0.004 -18"><span class='ocrx_word' id='word_1_469' title='bbox 218 4520 256 4580; x_wconf 89' lang='lat' dir='ltr'><strong>ad</strong></span> <span class='ocrx_word' id='word_1_470' title='bbox 279 4521 329 4580; x_wconf 71' lang='grc' dir='ltr'><strong>ΗΒ</strong></span> <span class='ocrx_word' id='word_1_471' title='bbox 352 4522 568 4598; x_wconf 89' lang='lat' dir='ltr'><strong>proportionem</strong></span> <span class='ocrx_word' id='word_1_472' title='bbox 591 4520 653 4580; x_wconf 87' lang='lat' dir='ltr'><strong>lieri</strong></span> <span class='ocrx_word' id='word_1_473' title='bbox 683 4520 824 4579; x_wconf 91' lang='lat' dir='ltr'><strong>minorem</strong></span> <span class='ocrx_word' id='word_1_474' title='bbox 855 4520 1042 4595; x_wconf 90' lang='lat' dir='ltr'><strong>proportione</strong></span> <span class='ocrx_word' id='word_1_475' title='bbox 1073 4536 1192 4579; x_wconf 91' lang='lat' dir='ltr'><strong>suorum</strong></span> <span class='ocrx_word' id='word_1_476' title='bbox 1214 4516 1437 4578; x_wconf 80' lang='lat' dir='ltr'><strong>intervallorum</strong></span> <span class='ocrx_word' id='word_1_477' title='bbox 1459 4515 1510 4576; x_wconf 78' lang='lat' dir='ltr'><strong>BF</strong></span> <span class='ocrx_word' id='word_1_478' title='bbox 1534 4515 1572 4575; x_wconf 93' lang='lat' dir='ltr'><strong>ad</strong></span> 
     </span>
    </p>
   </div>
   <div class='ocr_carea' id='block_1_7' title="bbox 109 4596 1572 4689">
    <p class='ocr_par' dir='ltr' id='par_1_16' title="bbox 109 4596 1572 4689">
     <span class='ocr_line' id='line_1_48' title="bbox 109 4596 1572 4689; baseline -0.002 -21"><span class='ocrx_word' id='word_1_479' title='bbox 109 4682 119 4689; x_wconf 91' lang='lat'>.</span> <span class='ocrx_word' id='word_1_480' title='bbox 217 4606 279 4668; x_wconf 91' lang='grc'><strong>06.</strong></span> <span class='ocrx_word' id='word_1_481' title='bbox 324 4607 403 4667; x_wconf 86' lang='lat' dir='ltr'><strong>Nihil</strong></span> <span class='ocrx_word' id='word_1_482' title='bbox 427 4608 503 4668; x_wconf 89' lang='lat' dir='ltr'><strong>enirn</strong></span> <span class='ocrx_word' id='word_1_483' title='bbox 526 4606 604 4667; x_wconf 90' lang='lat' dir='ltr'><strong>ultra</strong></span> <span class='ocrx_word' id='word_1_484' title='bbox 626 4604 809 4681; x_wconf 84' lang='lat' dir='ltr'><strong>iaciendum,</strong></span> <span class='ocrx_word' id='word_1_485' title='bbox 839 4624 928 4687; x_wconf 86' lang='lat' dir='ltr'><strong>quem</strong></span> <span class='ocrx_word' id='word_1_486' title='bbox 957 4614 990 4666; x_wconf 87' lang='lat' dir='ltr'><strong>nt</strong></span> <span class='ocrx_word' id='word_1_487' title='bbox 1012 4612 1107 4667; x_wconf 86' lang='lat' dir='ltr'><strong>mutes</strong></span> <span class='ocrx_word' id='word_1_488' title='bbox 1136 4622 1241 4680; x_wconf 87' lang='lat' dir='ltr'><strong>voees,</strong></span> <span class='ocrx_word' id='word_1_489' title='bbox 1271 4606 1374 4680; x_wconf 61' lang='lat' dir='ltr'><strong>mopoe</strong></span> <span class='ocrx_word' id='word_1_490' title='bbox 1391 4596 1429 4663; x_wconf 62' lang='lat' dir='ltr'><strong>&#39;in</strong></span> <span class='ocrx_word' id='word_1_491' title='bbox 1458 4606 1572 4678; x_wconf 66' lang='lat' dir='ltr'><strong>miter,</strong></span> 
     </span>
    </p>
   </div>
   <div class='ocr_carea' id='block_1_8' title="bbox 216 4694 1573 4952">
    <p class='ocr_par' dir='ltr' id='par_1_17' title="bbox 216 4694 1573 4952">
     <span class='ocr_line' id='line_1_49' title="bbox 216 4694 1047 4771; baseline 0.002 -17"><span class='ocrx_word' id='word_1_492' title='bbox 216 4696 287 4771; x_wconf 79' lang='lat' dir='ltr'><strong>pius</strong></span> <span class='ocrx_word' id='word_1_493' title='bbox 309 4697 340 4753; x_wconf 91' lang='lat' dir='ltr'><strong>in</strong></span> <span class='ocrx_word' id='word_1_494' title='bbox 360 4697 474 4767; x_wconf 67' lang='lat' dir='ltr'><strong>misnae,</strong></span> <span class='ocrx_word' id='word_1_495' title='bbox 497 4711 629 4754; x_wconf 66' lang='lat' dir='ltr'><strong>memus</strong></span> <span class='ocrx_word' id='word_1_496' title='bbox 651 4697 681 4751; x_wconf 92' lang='lat' dir='ltr'><strong>in</strong></span> <span class='ocrx_word' id='word_1_497' title='bbox 703 4694 833 4771; x_wconf 61' lang='lat' dir='ltr'><strong>Menios</strong></span> <span class='ocrx_word' id='word_1_498' title='bbox 856 4702 886 4754; x_wconf 90' lang='lat' dir='ltr'><strong>et</strong></span> <span class='ocrx_word' id='word_1_499' title='bbox 907 4696 1047 4756; x_wconf 78' lang='lat' dir='ltr'><strong>uicissim.</strong></span> 
     </span>
     <span class='ocr_line' id='line_1_50' title="bbox 301 4775 1573 4864; baseline -0.005 -21"><span class='ocrx_word' id='word_1_500' title='bbox 301 4782 338 4843; x_wconf 91' lang='lat' dir='ltr'><strong>In</strong></span> <span class='ocrx_word' id='word_1_501' title='bbox 359 4783 502 4862; x_wconf 84' lang='lat' dir='ltr'><strong>appositis</strong></span> <span class='ocrx_word' id='word_1_502' title='bbox 524 4784 660 4854; x_wconf 88' lang='lat' dir='ltr'><strong>numeris,</strong></span> <span class='ocrx_word' id='word_1_503' title='bbox 683 4784 754 4858; x_wconf 88' lang='lat' dir='ltr'><strong>qnia</strong></span> <span class='ocrx_word' id='word_1_504' title='bbox 776 4780 898 4842; x_wconf 90' lang='lat' dir='ltr'><strong>dimidia</strong></span> <span class='ocrx_word' id='word_1_505' title='bbox 919 4779 956 4842; x_wconf 94' lang='lat' dir='ltr'><strong>de</strong></span> <span class='ocrx_word' id='word_1_506' title='bbox 980 4777 1019 4864; x_wconf 79' lang='lat' dir='ltr'><strong>⁴l,</strong></span> <span class='ocrx_word' id='word_1_507' title='bbox 1040 4788 1087 4842; x_wconf 90' lang='lat' dir='ltr'><strong>est</strong></span> <span class='ocrx_word' id='word_1_508' title='bbox 1108 4775 1158 4860; x_wconf 56' lang='grc'><strong>6,,</strong></span> <span class='ocrx_word' id='word_1_509' title='bbox 1180 4786 1211 4840; x_wconf 89' lang='lat' dir='ltr'><strong>ot</strong></span> <span class='ocrx_word' id='word_1_510' title='bbox 1233 4775 1271 4861; x_wconf 57' lang='grc' dir='ltr'><strong>Β,</strong></span> <span class='ocrx_word' id='word_1_511' title='bbox 1294 4786 1339 4840; x_wconf 92' lang='lat' dir='ltr'><strong>est</strong></span> <span class='ocrx_word' id='word_1_512' title='bbox 1360 4779 1458 4849; x_wconf 86' lang='lat' dir='ltr'><strong>sdiruo</strong></span> <span class='ocrx_word' id='word_1_513' title='bbox 1478 4779 1573 4853; x_wconf 86' lang='lat' dir='ltr'><strong>major</strong></span> 
     </span>
     <span class='ocr_line' id='line_1_51' title="bbox 217 4864 1572 4952; baseline -0.004 -20"><span class='ocrx_word' id='word_1_514' title='bbox 217 4887 307 4949; x_wconf 86' lang='lat' dir='ltr'><strong>quem</strong></span> <span class='ocrx_word' id='word_1_515' title='bbox 328 4866 376 4952; x_wconf 53' lang='grc' dir='ltr'><strong>η,</strong></span> <span class='ocrx_word' id='word_1_516' title='bbox 390 4870 554 4948; x_wconf 75' lang='lat' dir='ltr'><strong>qumtitnte</strong></span> <span class='ocrx_word' id='word_1_517' title='bbox 577 4885 716 4929; x_wconf 73' lang='lat' dir='ltr'><strong>messene</strong></span> <span class='ocrx_word' id='word_1_518' title='bbox 742 4864 821 4950; x_wconf 54' lang='grc' dir='ltr'><strong>ΗΜ,</strong></span> <span class='ocrx_word' id='word_1_519' title='bbox 854 4876 885 4928; x_wconf 89' lang='lat' dir='ltr'><strong>et</strong></span> <span class='ocrx_word' id='word_1_520' title='bbox 911 4885 983 4929; x_wconf 90' lang='lat' dir='ltr'><strong>vero</strong></span> <span class='ocrx_word' id='word_1_521' title='bbox 1014 4868 1212 4946; x_wconf 88' lang='lat' dir='ltr'><strong>proportionis</strong></span> <span class='ocrx_word' id='word_1_522' title='bbox 1236 4868 1255 4927; x_wconf 84' lang='lat'>8</span> <span class='ocrx_word' id='word_1_523' title='bbox 1278 4866 1316 4931; x_wconf 87' lang='lat' dir='ltr'><strong>ed</strong></span> <span class='ocrx_word' id='word_1_524' title='bbox 1339 4870 1358 4929; x_wconf 82' lang='grc'><strong>9</strong></span> <span class='ocrx_word' id='word_1_525' title='bbox 1381 4866 1473 4946; x_wconf 85' lang='lat' dir='ltr'><strong>duple</strong></span> <span class='ocrx_word' id='word_1_526' title='bbox 1493 4866 1572 4943; x_wconf 84' lang='lat' dir='ltr'><strong>faeta</strong></span> 
     </span>
    </p>
   </div>
   <div class='ocr_carea' id='block_1_9' title="bbox 0 0 1974 5856">
    <p class='ocr_par' dir='ltr' id='par_1_18' title="bbox 0 0 1974 5856">
     <span class='ocr_line' id='line_1_52' title="bbox 0 0 1974 5856; baseline 0 0"><span class='ocrx_word' id='word_1_527' title='bbox 0 0 1974 5856; x_wconf 95' lang='lat' dir='ltr'><strong> </strong></span> 
     </span>
    </p>
   </div>
  </div>
 </body>
</html>
