3872 5846
635 444 811 501 Harmonicis.
845 444 929 502 Liber
944 444 994 501 III.
1013 443 1102 514 Caput
1118 442 1179 500 XV.
1312 524 1316 532 ἡ
1511 444 1571 506 187

224 628 323 686 rursm
346 623 508 695 audientes,
531 641 583 686 eos
605 624 738 686 velutin
760 643 821 685 rem
843 630 1026 702 praesentem
1048 622 1204 684 adducens.
1249 620 1367 701 ‘Iripius
1396 624 1485 699 igitur
1508 630 1570 682 tur-

223 714 360 773 bulentus
381 719 411 773 at
433 719 572 773 actuosus
596 722 647 785 est,
673 711 778 790 duplus
801 714 935 788 quietior,
959 714 1099 788 pacatior,
1121 711 1289 771 modestior.
1334 708 1393 771 Sed
1415 710 1451 770 de
1465 711 1569 787 rhyth-

224 803 280 860 mis
303 817 461 875 eorumque
483 801 574 877 signis
596 799 668 859 nihii
690 800 747 859 boc
767 801 858 872 libr03
882 817 972 876 quare
994 802 1099 858 missos
1122 815 1173 859 sos
1195 799 1345 857 iaciamus.

312 887 380 946 VII
406 887 588 947 Veniendum
611 904 688 946 nunc
711 894 756 945 est
778 887 815 946 ad
839 878 897 958 iil'a,
921 888 1027 963 quibus
1050 889 1165 964 proprie
1193 892 1280 944 tonos
1302 883 1492 943 discriminari
1522 884 1570 942 di-

222 977 331 1049 ximus,
364 991 487 1051 quorum
508 977 697 1052 praecipuum
720 973 1241 1050 6611166τεί1666666666666166.
1287 972 1385 1047 Atque
1407 971 1455 1031 iric
1476 988 1562 1047 seges

225 1062 454 1141 disputationum
485 1064 688 1140 copiosissima
714 1063 884 1134 succrescit,
916 1061 1063 1138 quoduam
1086 1061 1237 1120 extribus
1260 1066 1390 1119 setarum
1412 1060 1568 1134 generibus

224 1153 270 1210 cui
293 1151 379 1211 tuerit
402 1150 528 1210 61166161·
540 1151 688 1225 tributum,
712 1166 799 1225 quam
821 1167 876 1209 uos
897 1152 1037 1209 intactam
1059 1147 1289 1226 praeteribimus,
1316 1163 1381 1204 cum
1404 1155 1568 1205 6666616-

224 1236 293 1297 ralis
316 1240 355 1296 sit
377 1236 541 1316 distributio
564 1246 666 1297 cautus
688 1240 718 1294 iu
740 1254 849 1311 genera
871 1253 989 1296 numero
1012 1239 1076 1310 tria,
1098 1253 1153 1295 nac
1175 1242 1289 1295 veteres
1311 1234 1368 1291 sibi
1383 1240 1517 1293 constent
1539 1236 1568 1291 in
1613 1230 1618 1239 “

224 1326 280 1385 bac
303 1328 434 1384 materia.
478 1324 611 1384 Mitrida
633 1324 814 1384 naturatibus
844 1324 958 1383 duobus
981 1331 1084 1383 cautus
1107 1324 1262 1399 genetibus
1291 1337 1385 1381 sermo
1408 1323 1474 1391 erit,
1505 1321 1569 1379 dori

225 1411 340 1471 seilicet
371 1418 402 1473 et
422 1410 534 1486 mollis3
562 1430 637 1488 quae
660 1415 748 1471 ioces
771 1428 845 1487 quos
867 1412 987 1471 affectus
1010 1414 1119 1483 cieaut,
1150 1412 1232 1486 ipsas
1260 1406 1396 1486 produnt.
1440 1408 1515 1467 Nam
1537 1416 1570 1466 ut

224 1500 334 1559 iemiua
357 1499 395 1558 ad
416 1498 584 1576 patiendam
612 1500 797 1576 potissimum
818 1499 897 1561 iacta
918 1508 977 1566 est,
1008 1516 1071 1558 mas
1102 1497 1139 1557 ad
1160 1497 1320 1573 agendum,
1349 1497 1518 1572 praesertim
1540 1496 1569 1551 iu

226 1588 426 1663 generationis
448 1589 581 1664 negotio,
604 1589 647 1645 sic
667 1585 756 1646 molle
778 1603 870 1661 genus
891 1587 1077 1666 passionibus
1092 1587 1181 1647 animi
1196 1585 1335 1656 femineis,
1358 1582 1462 1642 durum
1476 1585 1578 1643 acuo·

224 1674 311 1734 uibus
333 1673 467 1733 virilibus
489 1673 743 1750 accommodatur;
766 1691 888 1749 quarum
910 1686 1005 1735 retum
1025 1673 1191 1733 discrimina
1213 1689 1249 1732 66
1263 1670 1452 1747 sequentibus
1474 1673 1569 1746 magis

225 1760 440 1836 elucesceret)

312 1848 396 1907 VIII.
418 1847 484 1907 Nou
508 1850 583 1908 euim
604 1866 712 1926 genera
735 1854 848 1907 tautum
869 1855 983 1925 cautus,
1005 1847 1056 1909 sed
1079 1849 1167 1906 etiam
1190 1849 1253 1906 toui
1274 1849 1304 1904 iu
1319 1849 1488 1906 universum
1510 1848 1569 1905 situ

225 1937 374 1996 semitonii
396 1933 574 1995 differebant.
619 1935 677 1995 Hie
699 1937 844 1996 semitonii
874 1936 947 1994 situs
970 1938 1081 1994 animat
1102 1933 1250 2010 afficitque
1282 1941 1341 1994 tatu
1365 1950 1457 2009 genus
1481 1951 1569 2009 quam

224 2022 344 2083 modum
366 2040 418 2082 seu
440 2030 556 2098 tonum3
587 2022 671 2083 aiiter
692 2029 789 2083 tamen
819 2022 856 2082 ds
878 2023 935 2082 hoc
965 2024 1023 2081 situ
1054 2021 1261 2098 disputandum
1289 2030 1334 2081 est
1362 2028 1494 2099 respectu
1515 2038 1570 2097 ge·

226 2128 337 2185 nerum,
360 2110 444 2170 aliter
465 2118 599 2186 respectu
621 2119 754 2170 tonorum
777 2111 914 2171 omnium.
960 2108 1076 2170 Genera
1098 2111 1175 2169 euim
1201 2109 1326 2169 diximus
1349 2110 1417 2168 oriri
1446 2110 1569 2186 primum

228 2200 358 2257 omnium
380 2201 409 2255 in
432 2203 540 2257 octana
561 2197 722 2275 principali,
747 2215 823 2274 quae
845 2206 864 2257 a
889 2196 916 2257 G
938 2200 1058 2274 incipit,
1089 2198 1119 2253 iu
1148 2214 1207 2273 qua
1235 2197 1380 2256 semitonii
1403 2197 1477 2255 situs
1503 2194 1568 2255 loco

225 2288 343 2363 penimo
366 2284 471 2344 format
493 2302 584 2359 genus
606 2286 712 2358 molle,
736 2284 803 2345 loco
825 2284 1055 2362 antepenultimo
1077 2301 1169 2360 genus
1193 2283 1312 2360 durum,
1339 2284 1401 2342 iilic
1421 2285 1480 2342 imo
1503 2282 1569 2343 loco

225 2382 270 2432 est
292 2373 379 2432 tertia
400 2371 505 2446 mollis,
529 2372 576 2432 hie
598 2373 678 2433 dura
725 2372 808 2448 Quae
831 2380 876 2432 est
896 2375 986 2449 igitur
1013 2373 1101 2449 hujus
1124 2374 1198 2430 situs
1221 2374 1362 2431 connexio
1390 2388 1455 2430 cum
1479 2371 1587 2430 61166.
1641 2446 1644 2451 ἡ

189 2472 192 2478 ·
225 2459 377 2520 tionibus?
399 2469 450 2518 aut
473 2458 542 2535 quid
559 2476 709 2520 commune
732 2464 835 2520 tertiae
850 2461 953 2520 minori
976 2477 1042 2519 cum
1056 2460 1180 2532 seminis,
1204 2475 1268 2518 cum
1285 2459 1481 2536 passionibus,
1503 2454 1568 2517 cuin
1652 2478 1654 2483 ’

225 2545 370 2607 mollitie?
392 2546 462 2621 quid
484 2548 555 2605 item
578 2550 679 2607 tertiae
702 2546 791 2607 durae
814 2565 879 2606 curu
902 2547 1048 2622 vitiiitate,
1073 2548 1189 2625 duritie,
1212 2546 1386 2620 actionibus,
1413 2545 1569 2606 6111666161

308 2634 436 2692 Primum
458 2635 547 2710 igitur
569 2637 741 2707 memineris,
765 2638 883 2716 tertiam,
902 2635 1002 2695 duram
1026 2642 1119 2694 ortam
1142 2652 1206 2693 asse
1229 2652 1266 2695 ex
1287 2642 1469 2713 pentagono,
1494 2650 1588 2709 pen·-

224 2728 363 2792 tapouum
386 2723 429 2778 uti
451 2723 579 2781 sections
601 2721 761 2781 secuudum
789 2729 918 2782 exuema
940 2730 969 2781 et
989 2723 1131 2792 medium,
1164 2739 1252 2796 quae,
1269 2724 1486 2799 proportionem
1507 2721 1568 2779 ior-

224 2820 304 2868 66661
327 2808 465 2869 divinam.
511 2809 545 2867 Iu
568 2809 623 2869 bac
646 2827 715 2870 sero
738 2814 922 2887 proportione
938 2808 1058 2886 pulchra
1078 2814 1153 2869 inest
1168 2811 1363 2884 generationis
1381 2808 1456 2867 idea.
1493 2807 1568 2866 Nam

223 2898 298 2957 sieut
320 2904 405 2974 pater
425 2898 520 2973 gignis
540 2895 647 2971 tilium,
670 2897 748 2955 ditus
771 2897 877 2971 alium,
901 2899 1024 2974 quisque
1046 2898 1102 2956 sibi
1126 2894 1263 2967 similem,
1287 2897 1330 2955 sic
1353 2896 1440 2955 etiam
1464 2896 1492 2952 in
1516 2893 1568 2953 ilia
1675 2927 1679 2942 ·

222 2987 362 3057 sectione,
386 2999 450 3045 cum
472 3001 540 3060 pars
562 2985 655 3060 major
678 2983 794 3043 additur
816 2988 884 3059 toti,
910 2987 1093 3044 continuatur
1114 2985 1263 3060 proportio
1287 2985 1423 3059 capitque
1445 2998 1568 3057 compo-

223 3072 281 3129 sita
302 3069 400 3129 locum
423 3072 521 3142 totius,
544 3078 574 3130 et
596 3087 671 3147 quac
694 3073 774 3149 prius
797 3080 859 3131 erat
880 3080 952 3145 tota,
974 3072 1072 3130 iocum
1098 3072 1190 3147 partis
1212 3070 1342 3145 majoris.
1388 3068 1471 3143 Quae
1493 3072 1567 3128 ratio

222 3161 275 3217 etsi
298 3159 426 3217 numeris
448 3159 567 3234 exprimi
591 3160 708 3235 nequit,
732 3157 818 3217 datur
839 3167 936 3218 tamur
959 3158 1058 3234 aliqua
1073 3161 1162 3218 series
1177 3174 1371 3236 numerorum,
1396 3174 1473 3233 quae
1495 3173 1568 3215 cou-

222 3246 303 3303 tinue
326 3245 445 3321 propius
472 3244 633 3306 adrerum
662 3244 791 3319 accedit,
825 3247 936 3323 inqua
965 3249 1038 3305 serie
1066 3250 1131 3323 ipsa
1153 3243 1315 3305 differentia
1342 3261 1526 3303 numerorum
1550 3263 1569 3303 a

215 3332 353 3409 ¹terminis
376 3333 510 3407 genuinis
533 3326 601 3412 (qui
624 3340 691 3390 suut
712 3349 770 3391 uon
792 3332 994 3407 numerabiles,
1018 3332 1068 3392 sed
1091 3328 1269 3414 ineffabiles)
1292 3330 1457 3391 admirabili
1477 3332 1567 3391 vicis-

221 3418 350 3478 situdine
372 3435 467 3478 mares
489 3419 611 3478 feminas
633 3422 792 3496 progignit,
823 3422 958 3479 membris
985 3438 1072 3479 sexos
1100 3419 1245 3479 indicibus
1271 3418 1433 3479 distinctas.
1478 3417 1519 3479 Ut
1541 3422 1565 3475 si

220 3523 288 3584 pars
309 3506 403 3581 major
425 3508 464 3565 sit
484 3509 576 3583 primo
600 3509 633 3580 2,
662 3509 756 3566 minor
780 3510 814 3581 i,
845 3515 938 3567 totum
963 3510 997 3569 3:
1027 3507 1075 3567 hio
1103 3524 1161 3566 non
1192 3513 1238 3566 est
1266 3505 1354 3583 piane
1390 3510 1404 3564 l
1430 3506 1468 3565 ad
1492 3510 1510 3565 2
1534 3514 1567 3565 ut

222 3597 241 3651 2
264 3590 303 3652 ad
326 3594 355 3667 3,
379 3592 540 3653 differentia
562 3596 637 3652 enim
661 3602 706 3654 est
728 3597 833 3667 unitas,
857 3613 915 3671 quo
937 3597 1033 3654 miuus
1055 3593 1258 3669 rectangulum
1278 3602 1471 3653 extremorum
1497 3598 1509 3651 1
1538 3603 1567 3652 61

223 3682 241 3739 3
266 3688 374 3756 aequet
396 3679 569 3756 quadratum
591 3680 679 3741 medii
703 3684 731 3742 2,
778 3680 1026 3742 Γ1666611111161
1057 3682 1095 3742 ad
1120 3686 1137 3742 3
1168 3683 1332 3740 diuorum
1354 3689 1446 3740 totum
1471 3683 1505 3750 5,
1538 3690 1567 3740 61

221 3766 322 3826 addito
346 3768 363 3825 3
387 3766 425 3826 ad
450 3768 467 3826 5
489 3771 583 3827 totuni
608 3769 626 3825 8
650 3775 703 3828 etc.
749 3768 963 3845 Rectaugqum
986 3788 1022 3829 ex
1048 3773 1061 3828 1
1088 3776 1117 3829 61
1140 3771 1158 3828 3
1181 3769 1318 3829 seminam
1342 3776 1437 3840 creat,
1470 3769 1566 3827 deficit

224 3855 301 3913 cutm
324 3871 342 3914 a
364 3854 507 3930 quadrato
530 3854 565 3913 de
589 3858 607 3913 1
631 3856 756 3930 6611616;
784 3857 984 3933 rectanguium
1008 3874 1042 3916 ex
1067 3859 1084 3914 2
1109 3864 1139 3916 st
1163 3856 1180 3913 5
1204 3872 1329 3928 marem,
1352 3856 1466 3915 excedit
1489 3858 1566 3915 enim

220 3940 393 4017 quadratum
417 3940 453 4000 de
476 3943 494 4000 3
518 3944 644 4017 unitate3
667 3944 868 4020 rectangulum
891 3946 961 4003 e13
985 3945 1048 4004 et8
1071 3945 1217 4017 feminam,
1240 3942 1337 4003 deficit
1356 3944 1433 4002 euim
1456 3958 1565 4018 aqua·

222 4028 305 4088 drato
329 4027 365 4088 de
390 4029 552 4090 16611616.
596 4029 723 4089 Rursum
746 4048 780 4091 ex
806 4033 823 4089 5
847 4039 876 4090 et
901 4033 938 4090 13
962 4049 1025 4091 maa
1048 4033 1146 4105 oritur,
1169 4037 1303 4106 respectu
1320 4029 1453 4106 quadrati
1477 4030 1513 4088 de
1531 4032 1565 4104 ὃς

220 4133 255 4175 ex
279 4117 297 4175 8
321 4117 411 4174 6111
436 4115 560 4189 semina,
583 4126 718 4193 respectu
743 4119 878 4194 quadrati
903 4119 938 4177 de
965 4121 1019 4191 133
1043 4117 1099 4177 hoc
1121 4119 1164 4178 sic
1186 4119 1215 4175 in
1238 4116 1390 4175 infinitum.

306 4201 391 4262 Haec
412 4220 477 4262 cum
500 4206 539 4262 sit
560 4211 664 4263 natura
686 4203 773 4280 hujus
795 4207 949 4278 sectionis,
982 4222 1058 4281 6666
1085 4203 1122 4263 ad
1145 4205 1360 4281 quinquanguli
1384 4206 1565 4264 demonstra-

222 4291 330 4349 tionem
355 4293 511 4363 concurrit,
535 4307 658 4367 cumque
682 4290 802 4351 Creator
824 4293 905 4353 Deus
928 4293 965 4352 ad
988 4292 1067 4353 iiiam
1090 4294 1314 4352 conformaverit
1338 4291 1418 4368 leges
1441 4308 1566 4367 genera-

222 4379 317 4453 tionis,
342 4375 379 4437 ad
401 4380 558 4453 genuinam
580 4377 697 4453 quidem
728 4387 757 4438 61
775 4398 811 4439 66
833 4382 897 4457 ipsa
920 4379 984 4440 6616
1005 4381 1164 4458 perfectam
1184 4381 1400 4456 proportionem
1430 4379 1565 4438 ineffabi-

218 4464 290 4523 lirrm
314 4465 516 4538 terminorum,
539 4469 666 4526 rationes
689 4464 855 4543 plantarum
879 4470 1070 4540 seminarias,
1094 4485 1169 4544 quae
1190 4483 1290 4527 serueu
1305 4483 1389 4525 suum
1412 4470 1441 4525 in
1457 4473 1565 4526 semet-

220 4553 291 4628 ipsis
315 4552 424 4612 habers
443 4553 545 4628 jussae
567 4561 634 4613 suut
655 4553 808 4629 singulae,
837 4556 990 4633 adjunctas
1021 4570 1091 4615 vero
1120 4556 1203 4613 binas
1226 4570 1410 4613 numerorum
1442 4570 1565 4630 propor-

220 4642 315 4700 tiones
336 4636 471 4720 (quarum
495 4643 581 4700 unius
604 4640 740 4702 deficiens
763 4645 860 4703 unitas
876 4643 994 4703 alterius
1010 4642 1167 4702 excedente
1190 4640 1402 4722 compensetur)
1424 4638 1566 4717 conjurio-

295 4824 319 4875 *i
333 4826 369 4867 Da
382 4826 523 4868 enharmonio
538 4828 616 4868 amisti
629 4829 781 4879 Aristotelea,
803 4842 829 4871 eo
843 4831 930 4881 tmpisri
943 4831 1029 4871 animos
1042 4829 1119 4872 furore
1130 4830 1222 4883 divisor
1248 4836 1327 4874 contra
1338 4835 1484 4883 maximius
1498 4833 1564 4885 Spar·

220 4880 342 4983 m
355 4878 581 4985 &bedsgafflpffim
594 4882 635 4923 beo
649 4883 868 4935 stmaatsmgsnus
883 4883 1107 4932 amusaeterum,
1129 4886 1241 4927 6116166616
1258 4886 1308 4937 etus
1328 4888 1451 4939 reeipiendi
1465 4891 1564 4928 notatum
