3872 5846
342 348 405 415 228
491 318 494 322 .
754 343 797 397 De
816 320 1081 409 Coullgulatiouibus
1099 320 1277 396 Harulonlcis.

336 504 496 589 'mutabilia
517 526 598 584 Dens
622 523 739 599 reliquit
761 523 824 577 siue
848 520 928 577 ornni
952 534 1021 575 cura
1044 526 1162 577 ornatus
1186 519 1355 593 harmonici,
1383 523 1452 597 quin
1475 523 1573 597 potiris
1596 524 1696 581 eorurr't

342 618 443 692 aliqua
465 609 515 694 (nt
537 625 632 671 motus
656 610 839 686 planetarum
861 599 1010 684 proprios)
1034 615 1225 665 extremorum
1258 609 1385 685 ipsorum
1416 611 1643 687 praescriptione
1667 614 1696 668 in

344 704 475 763 ordinem
497 701 695 758 harmonicum
719 694 845 769 redegit,
879 710 954 768 quae
983 694 1105 750 materia
1138 693 1202 751 libri
1227 692 1263 751 V.
1292 698 1360 770 erit3
1391 698 1418 752 iu
1442 695 1525 767 aliis,
1558 699 1608 755 ubi
1638 714 1696 756 non

344 791 450 850 dantur
472 795 609 858 extrema,
632 784 684 843 sed
707 783 856 858 quantitas
877 782 1015 837 motionis
1039 779 1146 838 eiroulo
1170 797 1303 840 connexa
1325 790 1370 840 est
1391 801 1489 843 secum
1513 786 1594 861 ipsa,
1624 788 1696 843 satis
1745 836 1750 849 ,

343 880 448 937 habuit
470 874 605 943 Creator,
634 874 677 929 sic
700 870 879 928 conformare
902 869 1032 937 animas,
1064 870 1205 926 creaturis
1228 868 1382 928 mundanis
1405 873 1587 950 praefectos,
1615 881 1646 929 ut
1669 882 1698 930 et

345 970 547 1041 exspectarent
570 968 599 1018 et
622 961 810 1018 observarent
832 963 861 1014 et
883 955 1149 1013 animadverterent
1171 953 1348 1029 harmonias,
1374 976 1424 1035 per
1442 967 1537 1017 totum
1560 960 1698 1017 otrentum

345 1054 407 1112 suis
431 1061 592 1124 temporum
615 1047 771 1104 momentis
794 1043 1015 1121 provenientes,
1046 1051 1077 1099 et
1099 1045 1287 1119 operationes
1310 1062 1379 1103 suas
1411 1044 1448 1104 ad
1473 1045 1588 1104 illarum
1610 1063 1698 1123 prae-

344 1142 485 1215 scriptam
507 1132 771 1194 accommodarent.
816 1129 865 1188 Sic
888 1128 920 1186 tit
943 1146 1007 1187 eum
1029 1131 1159 1188 motibus
1181 1130 1365 1201 planetarum
1388 1150 1425 1192 cx
1439 1132 1530 1192 Terra
1552 1150 1698 1209 appareu-

346 1228 424 1285 tibus
447 1224 501 1283 sub
524 1222 661 1294 zodiaco,
685 1222 807 1278 materia
830 1215 918 1290 hujus
940 1216 994 1274 lV.
1017 1215 1084 1275 libri
1107 1220 1232 1319 propria.

432 1312 524 1387 lgitur
547 1326 613 1369 oum
635 1308 773 1383 operibus
796 1305 851 1362 Dei
875 1304 961 1361 nobis
984 1305 1062 1361 uotis
1086 1321 1132 1361 ree
1155 1305 1317 1381 sichabet3
1341 1305 1472 1382 adquae
1496 1309 1520 1365 si
1539 1308 1602 1383 jam
1618 1323 1699 1365 com-

238 1412 242 1427 ‘
346 1416 480 1480 paremus
503 1414 547 1469 ca,
571 1414 648 1472 quae
671 1395 803 1452 homines
826 1390 864 1449 ad
887 1390 1071 1455 harmonicas
1094 1390 1175 1465 leges
1199 1348 1342 1466 ordinarlt,
1366 1396 1472 1470 partim
1487 1394 1591 1453 eadem
1614 1397 1699 1454 nobis

348 1487 472 1547 dicenda
494 1493 586 1556 eruut,
610 1486 716 1560 partim
739 1480 864 1538 diversa
909 1476 1070 1535 Primum
1063 1494 1091 1535 ru
1115 1479 1249 1538 cantibus
1281 1484 1336 1539 etei
1359 1497 1417 1539 nou
1440 1484 1535 1539 miuus
1558 1500 1646 1558 quam
1671 1485 1699 1539 in

347 1575 430 1635 coelo
459 1573 546 1631 datur
577 1573 716 1629 contiuua
745 1566 917 1644 quantitatis
949 1570 1150 1640 augmentatio
1181 1576 1210 1624 et
1239 1566 1407 1639 diminutio,
1441 1568 1515 1628 haec
1543 1578 1639 1627 tamen
1669 1571 1698 1626 in

348 1663 423 1723 coeli
445 1661 573 1718 motibus
601 1660 686 1716 certis
715 1668 836 1712 naturae
863 1652 979 1726 legibus
1008 1663 1052 1711 est
1080 1657 1259 1726 necessaria,
1290 1657 1319 1712 in
1351 1672 1423 1715 voce
1446 1656 1576 1714 humana
1604 1674 1699 1731 neque

346 1750 512 1810 necessaria
535 1755 580 1803 est
601 1761 697 1820 neque
720 1746 809 1802 etiam
830 1740 933 1797 facitis.
981 1736 1089 1798 Guttur
1111 1757 1138 1798 n.
1161 1741 1345 1803 distinctione
1363 1741 1536 1802 circulorum
1558 1742 1595 1801 ad
1613 1760 1700 1802 voees

348 1837 518 1897 articulatas
539 1834 648 1889 iactum
672 1840 725 1897 est,
748 1828 923 1902 faciliusque
946 1826 986 1886 ab
1008 1839 1095 1885 acuto
1120 1830 1148 1884 iu
1171 1846 1261 1905 grave
1292 1839 1323 1889 et
1346 1832 1475 1889 vicissim
1498 1824 1549 1906 p'er
1571 1830 1699 1889 saltuum

348 1924 440 1983 veluti
463 1918 618 1978 intervalla
640 1921 811 1993 sonitusque
843 1914 984 1972 discretos
1005 1918 1205 1990 pervenimus,
1238 1934 1326 1993 quam
1348 1921 1373 1975 si
1392 1918 1563 1995 juberemur
1585 1921 1629 1976 uti
1651 1920 1698 1976 lu·

348 2013 480 2071 tensione
502 2008 649 2066 continua.
694 2004 775 2063 Nihil
798 2004 887 2078 igitur
908 2003 1021 2073 mirum,
1046 2005 1073 2059 in
1097 2005 1225 2061 motibus
1248 2003 1424 2064 coelestibus
1447 2022 1512 2064 eum
1535 2008 1600 2082 ipsa
1622 2023 1699 2082 aug·

349 2098 526 2158 mentatione
549 2102 578 2152 et
601 2093 792 2151 diminutione
815 2091 967 2161 contiuua,
999 2106 1075 2164 quae
1106 2093 1191 2147 vitari
1222 2107 1280 2150 uon
1302 2095 1413 2169 potuit,
1446 2095 1588 2152 mansisse
1612 2096 1699 2152 etiam

348 2182 503 2243 intervalla
525 2182 711 2250 inconcinna,
742 2181 834 2236 mixta
857 2178 1005 2235 concinnis
1028 2184 1057 2236 et
1080 2178 1230 2250 consonis,
1261 2182 1289 2237 iu
1314 2190 1401 2239 cautu
1420 2178 1571 2252 humane,
1604 2179 1701 2239 elimi-

349 2274 426 2331 natis
449 2269 584 2328 omuibus
607 2268 796 2335 inconcinnis,
820 2264 885 2322 sola
908 2266 1051 2322 concinria
1073 2273 1102 2321 et
1126 2282 1255 2325 cousoun
1281 2267 1441 2326 observari.
1486 2266 1589 2343 Neque
1612 2267 1702 2326 habet

350 2359 434 2428 ideo,
457 2372 516 2431 que
539 2354 677 2429 glorietur
699 2362 802 2411 cautus
824 2368 894 2428 prae
916 2351 1094 2409 motionibus
1111 2353 1301 2431 coelestibus,
1328 2355 1385 2413 illis
1408 2373 1435 2414 u.
1461 2352 1541 2412 aliud
1565 2353 1701 2426 officium,

351 2444 430 2521 quod
452 2450 603 2520 peragant,
626 2450 671 2498 est
692 2439 914 2511 demandatum,
939 2438 1107 2496 harmonica
1126 2445 1355 2518 contemperatio
1378 2443 1451 2518 ipsis
1475 2450 1519 2500 est
1539 2444 1703 2501 accessoria

350 2540 472 2604 tautum,
497 2536 599 2587 cantus
622 2538 735 2605 praeter
758 2526 924 2584 harmonias
946 2525 1017 2583 nihil
1043 2525 1123 2600 quod
1146 2537 1259 2604 spectet
1280 2529 1380 2603 habet,
1403 2527 1476 2587 nihil
1499 2535 1581 2589 extra
1603 2531 1703 2605 requi·

351 2621 402 2691 rit,
428 2621 458 2675 iu
480 2633 568 2676 nuum
591 2617 688 2674 solruu
710 2614 797 2672 fiuem
820 2612 1022 2671 delectationis
1046 2615 1174 2674 intentus
1198 2623 1250 2673 est

438 2707 514 2763 Sunt
544 2710 574 2760 et
604 2702 664 2760 elia
695 2718 784 2779 opera
816 2701 958 2771 bumana,
993 2703 1022 2756 in
1053 2719 1130 2776 quae
1159 2707 1242 2762 meus
1272 2706 1476 2780 proportiones
1509 2703 1702 2775 harmonicas,

353 2793 506 2853 obscurius
537 2799 633 2848 tamen
664 2799 692 2848 et
716 2789 818 2861 vilius,
851 2786 1027 2861 introducit,
1058 2796 1090 2846 ut
1121 2806 1186 2873 cum
1209 2801 1312 2850 cautus
1341 2807 1399 2848 uon
1423 2789 1565 2867 qualitate
1590 2798 1703 2849 tantum

352 2881 494 2939 acuminis
518 2880 731 2950 etgravitatis,
755 2875 806 2933 sed
829 2877 947 2951 iusuper
970 2877 1058 2934 etiam
1080 2893 1216 2935 mensura
1239 2884 1350 2954 tactus,
1379 2880 1574 2953 proportionis
1597 2877 1703 2953 duplae

354 2977 382 3026 et
405 2965 509 3042 triplae
532 2966 690 3041 participe,
722 2965 907 3037 informatur,
931 2956 969 3021 'et
991 2980 1103 3022 rursum
1133 2966 1161 3020 in
1185 2974 1266 3022 motu
1289 2981 1461 3040 corporum,
1493 2982 1558 3023 cum
1581 2965 1704 3024 saltatur

353 3058 382 3112 in
407 3053 535 3124 choreis,
566 3055 691 3124 primunr
715 3050 964 3125 inaequalitatis,
995 3053 1140 3124 posterius
1163 3053 1192 3107 in
1216 3050 1305 3128 dupla
1328 3055 1523 3129 proportione.
1558 3055 1640 3126 [Vide
1658 3056 1703 3111 lib.

353 3141 547 3207 liliolilii
588 3138 674 3212 Quod
697 3138 774 3196 idem
806 3146 834 3195 et
856 3148 964 3212 poetae
987 3139 1137 3196 imitentur
1168 3143 1391 3199 concinnatione
1413 3140 1520 3216 pedum
1552 3157 1587 3198 ex
1611 3140 1704 3216 sylla·

356 3228 410 3296 bis,
434 3225 524 3300 longa
546 3235 576 3286 et
598 3228 695 3298 brevi,
725 3240 849 3301 quarum
878 3223 930 3281 illa
951 3226 1068 3300 ponitur
1097 3241 1161 3284 esse
1184 3225 1274 3303 dupla
1296 3226 1398 3302 hujus:
1429 3229 1481 3285 ubi
1510 3226 1629 3302 jambus
1652 3255 1703 3299 υ-,

356 3312 512 3371 trochaeus
536 3345 571 3373 -υ
599 3313 644 3371 vel
668 3311 821 3370 tribrachis
845 3336 915 3369 eoo
938 3310 975 3369 ad
999 3311 1179 3388 spondaeum
1203 3344 1259 3386 ·-,
1291 3313 1440 3392 dactylum
1462 3345 1542 3385 -υυ,
1574 3331 1705 3389 anapae-

355 3410 432 3459 stum
449 3425 523 3473 ee-‚
546 3401 595 3460 vel
610 3398 839 3476 amphibrachyn
854 3425 936 3467 υ-υ,
962 3397 1009 3456 rel
1024 3400 1315 3474 proceleusmaticum
1331 3426 1376 3460 υυ
1390 3430 1433 3459 eo
1457 3410 1502 3460 est
1517 3408 1550 3459 ut
1571 3403 1589 3459 3
1615 3399 1652 3459 ad
1668 3403 1705 3476 43

356 3487 647 3560 adbacchioso--,
665 3514 749 3558 ne,
774 3488 911 3544 creticunr
929 3516 997 3543 -υ-
1023 3496 1327 3562 οιριιιοηιιε-υυυ,
1352 3517 1454 3562 owe,
1479 3515 1587 3561 υυ-υ,
1611 3511 1706 3547 oue-

356 3584 390 3632 ut
412 3576 430 3632 3
455 3574 493 3631 ud
518 3576 554 3649 53
576 3574 614 3634 ad
638 3574 795 3632 ruolessum
820 3604 893 3645 --·,
917 3572 1116 3632 elteriambum
1131 3604 1236 3648 ww,
1256 3576 1372 3653 jonicoq
1400 3585 1429 3634 et
1444 3577 1620 3652 compositos
1636 3592 1706 3635 snos

356 3671 390 3720 ut
414 3664 428 3718 i
454 3661 492 3720 ad
515 3666 553 3738 ‘23
583 3662 621 3721 ad
644 3660 761 3720 eosderu
784 3659 965 3735 spondaeus,
999 3659 1132 3737 dactylus
1156 3672 1185 3721 et
1207 3665 1258 3739 qui
1280 3662 1401 3723 totidem
1428 3681 1494 3722 cum
1515 3664 1551 3720 iis
1574 3668 1706 3739 tempora

356 3749 482 3815 habent,
512 3760 545 3807 ιιι
569 3754 586 3806 2
611 3749 647 3808 ad
672 3751 707 3822 33
732 3756 761 3806 et
782 3746 814 3803 hi
835 3748 923 3806 iidem
946 3747 982 3805 nd
1007 3765 1151 3824 paconas,
1182 3757 1215 3808 ut
1238 3750 1319 3810 tad
1344 3753 1372 3810 5.
1416 3750 1550 3809 Paeones
1574 3767 1644 3809 vero
1668 3750 1705 3809 ad

357 3835 556 3897 choriambum
579 3845 609 3895 et
631 3836 743 3906 socios,
769 3843 800 3891 ut
825 3836 843 3892 5
866 3833 956 3893 add.
1724 3838 1728 3845 “

444 3922 587 3999 Adeoque
604 3921 792 3981 delectantur
813 3929 919 3999 poetae
942 3930 972 3980 et
986 3926 1168 3999 grammatici
1184 3926 1272 3983 stiam
1295 3924 1461 3984 nominibus
1474 3925 1704 4004 proportionum,

357 4027 413 4070 usu
436 4011 577 4086 peculiari
604 3998 697 4088 pedes
720 4007 972 4086 quadrisyllabos,
1004 4028 1062 4069 nna
1093 4012 1192 4084 brevi,
1222 4014 1371 4088 epitritos,
1401 4011 1430 4070 h.
1454 4030 1479 4072 e.
1503 4014 1705 4088 sesquitertios

358 4097 555 4175 appellantes,
588 4100 659 4174 quia
681 4100 764 4154 utin
787 4099 974 4174 proportione
998 4101 1017 4155 4
1040 4097 1136 4172 ad3,
1166 4098 1251 4159 lineis
1280 4098 1429 4177 parallelis
1459 4116 1614 4176 expressa,
1646 4106 1704 4157 tres

359 4184 478 4258 quidem
500 4188 610 4261 primae
633 4187 761 4243 unitates
790 4182 900 4260 duplici
923 4183 1001 4242 linea
1023 4195 1293 4261 repraesentantur,
1316 4195 1422 4262 quarta
1443 4196 1556 4246 tantum
1579 4187 1704 4262 simplici

358 4272 531 4346 excedente,
562 4275 605 4331 sie
636 4275 664 4328 in
694 4271 768 4347 pede
798 4281 855 4329 tres
877 4271 1011 4348 syllabae
1043 4283 1111 4331 suut
1140 4273 1260 4332 duorum
1283 4282 1461 4352 temporum,
1491 4282 1595 4350 quarta
1618 4277 1704 4333 unius

358 4366 481 4417 tantum
526 4359 659 4435 Cumque
686 4375 743 4421 ron
770 4360 836 4434 ipsa
863 4357 970 4434 pedum
999 4359 1036 4417 ad
1060 4360 1165 4419 choros
1194 4359 1322 4431 alludat,
1355 4369 1466 4438 partem
1488 4359 1704 4429 comoediarum

334 4454 389 4509 xot
415 4446 648 4521 tragoediarum,
684 4445 819 4503 videntur
846 4445 1002 4504 histriones
1032 4449 1120 4505 etiam
1148 4457 1229 4506 motu
1266 4445 1371 4524 pedum
1401 4451 1602 4525 proportiones
1632 4450 1704 4507 istas

359 4549 460 4594 omnes
488 4537 679 4611 expressisse,
711 4549 769 4590 nou
798 4533 892 4592 minus
922 4549 1010 4608 quam
1041 4533 1129 4593 hodie
1160 4533 1250 4611 dupla
1278 4532 1416 4611 et¹tripla
1447 4538 1625 4612 exprimitur.
1668 4535 1703 4592 ln

359 4621 585 4680 architectonica
613 4636 805 4698 quaecunque
833 4622 1036 4698 proportiones
1064 4619 1256 4695 longitudinis
1285 4620 1324 4678 ad
1346 4621 1529 4681 latitudinem
1551 4623 1599 4682 vel
1622 4639 1704 4681 cras·

360 4710 456 4767 sitiem
477 4706 633 4785 plurimum
654 4706 822 4785 probantur,
846 4710 934 4766 etiam
956 4709 1277 4767 aneu-mathematicis
1300 4710 1524 4786 spectatoribus,
1547 4726 1599 4770 eae
1614 4726 1703 4787 quam

359 4798 509 4875 proximae
536 4794 711 4855 harmonicis
738 4796 933 4857 inveniuntur.
983 4792 1071 4869 Quod
1099 4811 1170 4855 vero
1200 4794 1247 4854 bis
1276 4798 1411 4857 omnibns
1443 4798 1605 4858 macheras
1634 4805 1706 4861 sunt
