3882 5862
417 395 495 459 '459
901 386 1067 466 appendicis
1084 392 1310 451 Harmonicorutn

431 573 581 653 principiis
603 587 712 631 maram
735 579 764 630 ct
785 571 924 631 feminam
946 574 1074 634 unitates
1097 574 1169 635 facis
1184 573 1306 652 physice
1322 572 1471 649 aequales,
1494 574 1664 632 societatem
1679 586 1776 631 eorum

431 665 597 721 unisonum.
640 658 715 718 Mihi
738 676 801 718 mas
825 670 870 719 est
891 669 924 720 ut
945 660 1085 736 binarius,
1108 663 1216 721 femina
1240 670 1271 719 ut
1293 664 1399 733 unitas,
1422 662 1534 718 ratione
1557 658 1676 735 quidem
1698 675 1776 718 com·

432 750 592 826 paratfouis
615 763 681 805 cum
704 745 919 807 concordantiis
941 751 1070 809 musicis.
1115 748 1177 822 Tu,
1201 752 1225 808 si
1249 749 1347 827 lubet,
1376 758 1456 807 verte
1479 746 1625 817 ordinem,
1653 748 1692 806 sit
1713 764 1775 804 mas

432 839 538 909 unitas,
562 835 669 893 femina
692 835 830 906 binarius,
855 843 1010 913 propterea
1033 840 1103 911 quia
1125 836 1224 896 tardos
1246 854 1335 894 sorios
1357 837 1496 894 materiae
1519 850 1682 912 comparas,
1705 832 1776 892 tardi

433 925 512 984 enim
533 924 599 981 soni
622 921 783 997 majoribus
806 923 1019 996 quantitatibus
1042 923 1216 994 familiares,
1241 932 1273 980 ut
1295 925 1418 982 materia
1440 922 1573 981 feminae.

517 1008 669 1069 Hactenus
692 1010 793 1084 itaque
816 1007 961 1068 collusum
983 1010 1067 1069 nobis
1092 1022 1136 1070 est
1158 1009 1321 1085 analogiis,
1355 1017 1386 1069 at
1405 1010 1467 1084 jam
1491 1010 1519 1066 in
1541 1007 1661 1067 diversa
1683 1006 1777 1066 disce·

322 1168 328 1177 p
432 1097 537 1170 dimus,
561 1096 629 1155 dum
652 1103 684 1153 tu
707 1113 806 1171 neges,
829 1098 894 1165 siue
915 1099 1066 1172 analopiis
1087 1099 1164 1156 frisac
1184 1099 1340 1171 perueniri
1359 1113 1444 1173 posse
1471 1095 1519 1154 vel
1539 1095 1581 1159 ad
1602 1095 1781 1153 hannoniae

431 1193 577 1244 secretum
599 1183 645 1241 uel
666 1182 709 1243 ad
729 1190 868 1243 motuum
891 1184 1059 1244 caslutium
1081 1187 1241 1261 mysteria5
1264 1187 1317 1253 ais,
1340 1180 1490 1242 mearum
1501 1189 1686 1257 potestatum
1708 1189 1779 1239 tua·

431 1290 505 1331 rum
535 1272 728 1333 acassam
757 1270 949 1345 herinacius,
978 1275 1122 1349 mysteria
1152 1280 1286 1331 naturae
1312 1278 1340 1329 st
1359 1270 1470 1329 muudi
1491 1277 1591 1330 motus
1612 1269 1696 1344 αι’-σὴ·
1727 1271 1780 1339 ais,

431 1360 512 1419 bauo
532 1376 596 1418 ease
612 1357 783 1416 doctrinam
805 1356 926 1430 solam,
939 1361 1004 1416 siue
1026 1377 1088 1433 qua
1110 1359 1200 1418 uuila
1222 1376 1384 1430 meritura,
1405 1360 1564 1433 proportio
1585 1362 1639 1416 etc.
1662 1357 1781 1431 aequus·

429 1450 544 1522 possit5
573 1447 636 1519 ais,
664 1447 729 1503 siue
749 1445 804 1504 boo
826 1448 992 1521 sumendae
1015 1446 1202 1504 Hermefioae
1230 1446 1309 1505 dorso
1332 1448 1485 1503 nerninem
1512 1445 1654 1502 schahar
1683 1450 1781 1502 astro·

431 1534 554 1599 nomiae
574 1535 708 1609 peritum
729 1531 766 1590 de
786 1531 921 1590 siderum
942 1537 1003 1590 sita
1024 1541 1054 1595 et
1074 1533 1202 1592 mutilam
1223 1540 1301 1591 reete
1321 1532 1464 1604 jrtdicare
1492 1548 1594 1606 posse;
1626 1532 1685 1601 ais,
1719 1532 1781 1587 sure

436 1622 482 1679 bis
502 1622 650 1679 nemiuem
672 1621 707 1677 iu
728 1621 884 1677 scientiam
907 1620 1045 1695 aliquam
1068 1638 1105 1680 aa
1118 1621 1178 1678 illia
1195 1621 1212 1677 7
1227 1620 1402 1699 liberalibus
1419 1625 1496 1677 recte
1508 1626 1669 1695 penetrare
1682 1608 1781 1691 possc3'

433 1726 529 1769 meam
551 1708 681 1766 vicissim
703 1709 911 1765 astronomiam
935 1707 1068 1783 appellas
1091 1709 1302 1783 imaginariam.
1348 1707 1410 1782 Ego
1434 1705 1526 1765 multa
1553 1704 1673 1781 quidem
1696 1703 1781 1763 video

433 1797 572 1874 promitti,
596 1793 695 1853 malim
718 1801 814 1852 tamen
838 1793 915 1853 clare
931 1793 1158 1854 demonstrandi.
1202 1793 1278 1853 Nam
1293 1795 1473 1853 astronomia
1488 1801 1597 1865 nostra,
1620 1793 1780 1857 hominum,

434 1893 576 1960 quantum
599 1897 654 1957 ego
678 1882 748 1950 scio,
773 1881 891 1941 minime
914 1880 1146 1943 Hermeticorutu
1168 1877 1206 1959 (si
1220 1880 1389 1958 Tycbouem
1409 1877 1550 1959 excipias)
1571 1882 1600 1937 in
1624 1878 1780 1957 propatulo

435 1981 493 2043 est,
523 1972 586 2044 ipsa
609 1985 661 2044 pro
684 1985 716 2027 se
739 1966 876 2044 loquitur.
920 1967 985 2027 Nou
1009 1967 1142 2045 expedit,
1164 1967 1323 2029 ,studiosos
1345 1968 1489 2028 bonarum
1510 1969 1633 2040 artium,
1660 1965 1780 2025 dimissa

433 2075 486 2137 per
508 2062 686 2117 contemtum
700 2056 886 2117 astronomia
908 2054 1032 2131 vulgari,
1056 2059 1114 2115 tuis
1136 2055 1248 2115 inhiare
1270 2057 1522 2133 promissionibus,
1547 2071 1603 2115 nec
1624 2061 1782 2131 postquam

436 2162 522 2205 eme
545 2160 623 2205 nova
645 2141 784 2202 methodo
806 2151 875 2201 suut
896 2144 925 2200 iu
949 2143 1043 2201 lucem
1065 2143 1198 2220 prolatae
1227 2160 1334 2203 musas
1362 2142 1594 2215 harmoniarum,
1620 2140 1782 2217 quidquam

435 2242 468 2291 tu
489 2230 691 2292 admirationis
720 2229 881 2289 concitabis
905 2231 989 2305 quasi
1020 2231 1223 2307 mysteriorum
1254 2230 1504 2302 harmonicorum,
1535 2245 1612 2305 quae
1642 2240 1732 2306 penes
1754 2239 1784 2286 te

433 2336 558 2399 premas,
581 2320 638 2376 nisi
660 2316 731 2393 quid
756 2333 856 2376 eorum
879 2319 966 2376 etiem
989 2319 1107 2392 publice
1128 2319 1268 2394 proferas.
1314 2318 1383 2394 Ipse
1402 2317 1533 2390 Procius,
1556 2314 1717 2376 Jambliolri
1742 2316 1783 2372 tui

435 2406 606 2477 admirator,
629 2403 800 2464 Platonicae
823 2403 1027 2482 philosophiae
1049 2407 1186 2477 antistes,
1208 2404 1402 2482 philosophus
1425 2403 1625 2475 admirabilis,
1653 2405 1704 2479 qui
1727 2420 1784 2461 nu·

438 2510 533 2553 meros
556 2490 768 2568 Pythagoricos
801 2507 859 2549 nou
890 2500 1003 2553 tauttun
1033 2510 1085 2568 per
1115 2500 1237 2552 naturae
1267 2501 1364 2570 partes
1393 2510 1494 2552 omnes
1523 2490 1698 2563 introduxit,
1731 2487 1784 2548 scd

438 2584 529 2640 ctiam
559 2596 651 2656 usque
679 2578 716 2636 sd
740 2578 920 2654 theologiam
948 2581 1042 2654 ipsam
1065 2582 1175 2652 evexit,
1206 2578 1270 2651 hic,
1300 2581 1434 2656 inquam,
1465 2580 1673 2638 asuonomiam
1697 2577 1785 2655 hane,

437 2685 526 2744 quarn
549 2674 581 2724 tu
605 2664 677 2726 dicis
699 2668 916 2742 imaginariam,
947 2682 1004 2725 non
1034 2664 1175 2742 neglexit,
1206 2667 1257 2727 sed
1289 2666 1441 2743 diligenter
1469 2684 1535 2727 eam
1562 2665 1681 2725 tradidit
1709 2665 1784 2724 libro

436 2755 672 2833 Hypotyposeon
695 2753 963 2813 Astronomicarum
986 2754 1102 2828 scripto.

524 2840 576 2900 Ad
601 2840 790 2918 Analysin
814 2839 904 2899 xlia
949 2839 1007 2899 Hic
1030 2843 1255 2900 inconstantiam
1280 2841 1350 2901 mihi
1373 2841 1476 2900 tribuis
1508 2850 1537 2900 et
1558 2856 1684 2899 errorem
1708 2840 1785 2897 circa

438 2939 518 2999 tuam
543 2930 742 2989 intentionem.
791 2927 889 2987 Vincis
912 2934 1036 3003 utroque
1059 2930 1194 3002 crimine,
1224 2947 1293 2988 nam
1315 2928 1363 2988 bic
1385 2928 1503 3005 quidem
1526 2944 1604 2986 error
1634 2926 1715 2985 illam
1739 2927 1785 2982 iu·

437 3018 631 3076 constantiam
663 3024 693 3089 et
715 3016 827 3093 peperit
857 3024 1038 3075 stercorat
1082 3015 1178 3075 Errori
1208 3033 1277 3076 vcro
1297 3004 1423 3076 'causam
1454 3024 1515 3074 tute
1546 3014 1661 3073 dedisti.
1706 3013 1784 3071 Nam

436 3104 490 3163 tibi
520 3102 660 3162 familiare
689 3104 820 3177 sapietati
850 3103 934 3178 loqui
940 3144 947 3174 ,
979 3110 1012 3161 at
1037 3119 1106 3177 ego,
1135 3105 1159 3161 si
1192 3121 1226 3162 ex
1256 3102 1353 3163 stultis
1383 3102 1428 3162 vel
1451 3102 1657 3179 ignorantibus
1687 3099 1785 3160 fecero

436 3192 592 3266 sapientes,
615 3197 676 3248 tum
700 3188 816 3249 demum
839 3206 884 3248 me
907 3189 1073 3265 scriptionis
1096 3206 1214 3250 munere
1237 3191 1326 3268 probe
1347 3190 1479 3249 functum
1501 3191 1646 3249 existimo.
1692 3186 1786 3261 lgitur

437 3277 606 3355 pyramidas
627 3284 708 3348 tuas,
741 3275 922 3351 diagramma
949 3276 1200 3350 mathematicum,
1233 3285 1373 3354 quantum
1402 3276 1441 3335 ad
1463 3277 1557 3335 lineas
1585 3284 1615 3335 et
1636 3291 1785 3346 numeros,

438 3364 652 3443 contemplatus
673 3364 786 3426 fueram
808 3363 901 3422 oculis
924 3363 1155 3438 mathematicis,
1185 3373 1266 3424 ratus
1288 3373 1317 3425 te
1346 3366 1492 3440 ignoranti
1515 3363 1586 3422 mihi
1614 3370 1785 3439 aperturum

438 3450 552 3527 aliquid
574 3468 745 3511 arcanarum
768 3448 857 3526 idque
879 3468 930 3525 per
952 3468 1045 3527 genus
1066 3451 1211 3511 scribendi
1234 3454 1426 3512 communiter
1440 3461 1543 3511 notum
1558 3451 1688 3526 otricum
1711 3448 1787 3509 haec

437 3541 517 3599 enim
540 3546 585 3599 est
606 3539 771 3610 methodus,
795 3555 856 3614 qus
877 3537 951 3596 alter
972 3537 1055 3596 alteri
1079 3537 1234 3614 significat
1280 3539 1372 3614 Atqui
1394 3537 1482 3598 valde
1511 3555 1557 3597 me
1581 3555 1647 3596 mea
1670 3536 1787 3613 decepit

393 3681 399 3701 ,
436 3628 550 3705 opini03
581 3643 671 3702 neges
693 3643 821 3686 mames
849 3625 905 3684 hoc
923 3624 1094 3701 pyramidis
1121 3634 1192 3685 tuae
1221 3626 1450 3685 madianaticue
1476 3627 1599 3700 ejusque
1626 3622 1786 3685 soliditatis

435 3733 504 3774 cum
532 3716 670 3773 usauria
700 3715 926 3789 iuqubitiomem
958 3711 1001 3770 ad
1028 3730 1093 3770 rem
1116 3715 1283 3788 pertinere,
1315 3715 1373 3785 ais,
1406 3721 1432 3773 te
1456 3712 1634 3787 producam
1662 3710 1785 3787 quidem

433 3802 568 3878 fipuram
588 3803 813 3877 geometricam,
844 3809 875 3858 at
897 3817 962 3859 uort
982 3797 1064 3871 ideo,
1088 3807 1124 3859 ut
1149 3803 1290 3875 protinus
1311 3800 1353 3859 ad
1373 3800 1621 3859 mahumeticum
1638 3801 1784 3877 pyrami·

434 3888 481 3947 dis
509 3891 751 3949 summationem
781 3890 926 3946 transiret
954 3887 1060 3959 lector;
1093 3896 1122 3945 et
1149 3904 1186 3946 ue
1216 3904 1274 3946 non
1305 3890 1414 3964 optime
1448 3890 1678 3965 perciperemus,
1711 3884 1785 3962 quid

435 3974 542 4049 velles,
573 3978 686 4053 pergis,
716 3993 781 4034 nort
809 3992 842 4034 eo
865 3977 970 4033 animo
991 3973 1194 4033 introduxisse
1213 3974 1405 4051 pyramidem
1427 3976 1640 4050 peometricam
1669 3976 1703 4031 in
1725 3976 1786 4032 tuis

435 4062 749 4135 denmusfratiouibus,
776 4069 833 4120 aut
853 4068 890 4121 ut
911 4063 976 4132 eius
997 4063 1145 4120 materiae
1166 4059 1310 4141 (intelligo
1325 4061 1482 4121 soliditatis
1498 4058 1675 4138 abstractae)
1697 4060 1786 4118 idera-

433 4153 551 4211 aarum
572 4150 837 4222 consideraremus,
861 4154 918 4207 aut
937 4148 1096 4206 soliditatis
1115 4155 1217 4224 partes
1237 4148 1280 4207 ad
1301 4152 1431 4208 invicem
1445 4165 1703 4224 compararemus,
1727 4154 1786 4206 aut

434 4236 658 4314 magitudiuem
678 4238 873 4310 metiremur,·
901 4234 978 4294 adeo
1002 4236 1051 4292 vix
1082 4235 1213 4312 tibiipsi
1241 4236 1385 4295 satisfacis
1416 4235 1600 4312 explicando.
1645 4235 1728 4310 liuga
1751 4241 1785 4293 ut

435 4326 484 4387 rel
507 4324 624 4384 undem
647 4322 724 4383 clare
746 4323 829 4400 loqui
852 4324 964 4398 incipis,
988 4321 1225 4400 necquidquam
1248 4324 1463 4399 aenigmatibus
1486 4321 1624 4395 involvis,
1648 4321 1782 4398 intelligo

435 4412 483 4473 rel
506 4410 638 4483 mdem,
669 4418 698 4471 te
726 4409 826 4487 liguris
853 4411 896 4469 uti
926 4417 959 4467 ut
988 4411 1124 4486 picturis,
1153 4427 1219 4469 curu
1249 4409 1463 4470 mathematicis
1490 4408 1600 4486 figurae
1628 4411 1687 4468 sint
1716 4409 1785 4468 loco

436 4500 689 4576 diagrammatom.
734 4496 884 4572 Intelligo,
908 4499 1037 4572 picturas
1059 4505 1127 4556 tuas
1150 4498 1223 4557 iuter
1245 4514 1278 4557 se
1300 4497 1423 4557 multum
1446 4496 1576 4571 differre3
1604 4514 1682 4572 quae
1705 4498 1785 4557 enim

435 4586 474 4647 ad
495 4595 625 4664 systema
646 4587 789 4647 musicum
812 4586 971 4663 pertinent,
1001 4602 1051 4643 ess
1075 4592 1107 4643 ut
1130 4583 1342 4662 diagrammata
1365 4584 1572 4644 mathematica
1597 4582 1783 4643 considerare

439 4674 588 4748 debemus,
612 4689 688 4749 quae
710 4672 748 4733 ad
771 4672 903 4749 physice,
927 4686 985 4728 non
1009 4670 1158 4731 debemus.
1205 4671 1282 4732 Vere
1301 4681 1333 4732 tu
1358 4674 1414 4731 ista
1436 4671 1551 4749 analysi
1567 4670 1608 4741 X.
1632 4673 1786 4748 proposita

436 4760 601 4820 discrimina
631 4775 709 4818 nunc
738 4759 858 4819 exhibes
887 4757 980 4817 oculis
1003 4757 1218 4834 conspicienda.
1263 4759 1365 4818 Pauca
1394 4766 1495 4819 tamen
1521 4759 1646 4820 subruat
1668 4760 1784 4837 priscae

435 4850 561 4926 uestigia
589 4864 700 4908 noxaer
734 4847 867 4929 *nondum
897 4844 983 4905 didici
1004 4845 1167 4929 ,conciliare
1196 4862 1273 4921 quae
1308 4855 1470 4923 sequuntur
1506 4863 1573 4907 cum
1602 4848 1783 4932 praemissis.
