3872 5846
753 399 838 459 Liber
853 402 900 459 Ν.
918 403 1009 475 caput
1025 404 1059 461 V.
1522 420 1585 479 241

229 574 301 625 trum
319 569 431 641 ductus,
458 572 507 640 qui
523 587 604 628 arcus
622 577 705 630 servit
726 576 898 648 inscriptioni
920 579 1049 637 ceutrefis
1072 580 1176 650 figurae
1203 580 1231 636 iu
1249 581 1388 639 cuculum.
1423 586 1493 643 Nam
1511 588 1586 661 ordo,

230 650 277 717 qui
294 657 337 704 est
361 650 390 704 iu
407 650 629 722 ratiocIuatione,
653 654 725 710 idem
743 656 826 711 etiam
847 657 876 711 in
897 658 1028 715 instinctu
1052 667 1104 715 est.
1140 661 1260 717 Rursum
1286 661 1369 731 igitur
1387 664 1588 723 demonstratur

182 748 191 754 ·
229 728 273 783 rie
296 726 333 782 ed
355 727 558 798 perceptionem
575 732 686 800 figurae
710 736 839 791 centralis
865 736 974 804 longior
997 746 1025 792 et
1049 740 1089 794 sic
1113 739 1195 805 etiarn
1224 741 1259 795 ad
1286 741 1345 811 ejus
1372 744 1585 813 congruentiam.

230 806 320 876 Quare
338 822 369 861 se
386 806 474 875 ipsam
490 809 588 879 apertit
606 811 736 884 objectio,
755 831 826 884 quae
843 815 1072 885 praepollentium
1090 818 1243 873 collocabat
1260 821 1477 890 inperceptiora
1495 823 1587 891 priori.

316 886 359 941 Ad
378 887 497 941 rationes
515 904 566 956 pro
586 890 672 945 altero
690 896 810 948 membro
829 895 869 949 sic
882 896 1116 964 respondendum:
1135 913 1198 951 rere
1211 898 1319 966 quidem
1332 900 1412 953 ctiam
1430 901 1458 956 iu
1476 902 1588 958 circum·

228 963 362 1020 ferentiali
379 963 469 1034 figura
486 967 604 1034 priorem
621 984 683 1024 esse
700 972 875 1027 scibilitatem
892 972 987 1030 lateris
1006 978 1183 1044 congruentia
1205 978 1310 1046 figurae
1327 980 1425 1049 totius,
1454 983 1489 1037 ob
1508 999 1588 1051 argu·

229 1052 320 1098 menta
338 1043 425 1112 dicta,
450 1059 521 1113 quae
540 1045 585 1102 bic
604 1047 685 1102 etiarn
703 1049 801 1106 velem.
838 1054 948 1107 Atrion
966 1056 1101 1125 sequitur,
1129 1064 1159 1112 ut
1177 1062 1215 1110 ex·
1230 1056 1335 1127 duabus
1353 1060 1449 1130 rebus,
1472 1076 1588 1129 quarum

229 1122 316 1195 altere
333 1122 446 1176 alterim
463 1131 506 1176 est
524 1139 623 1191 cause,
643 1126 690 1181 illa
708 1144 778 1198 quae
796 1144 880 1186 causa
905 1140 947 1185 est
965 1150 1048 1202 porro
1071 1135 1153 1190 etiam
1170 1135 1268 1192 fortius
1286 1145 1393 1194 moreat
1410 1140 1521 1195 tertium
1539 1141 1587 1195 ali-

229 1201 302 1270 quid.
338 1201 409 1256 Nam
426 1216 477 1270 pro
495 1210 578 1270 captu
596 1205 710 1275 animae,
730 1224 799 1278 quaa
818 1210 900 1270 debet
916 1215 1031 1284 moveri,
1055 1229 1138 1284 saepe
1155 1214 1244 1269 miuus
1262 1216 1290 1270 in
1308 1216 1383 1271 illem
1405 1217 1477 1271 rulet
1495 1233 1586 1287 causa,

229 1296 309 1349 quam
328 1279 453 1350 effectum
478 1287 510 1335 ut
527 1283 572 1336 hic
589 1286 705 1341 animam
723 1288 916 1366 sublunarem,
939 1295 966 1348 in
986 1301 1119 1364 quantum
1136 1293 1247 1363 quidem
1264 1294 1421 1364 perceptira
1440 1303 1495 1365 est,
1523 1295 1586 1365 plue

231 1367 321 1414 moret
339 1359 471 1414 scibilitas
490 1359 594 1429 figurae
612 1366 749 1438 cerealia,
767 1369 796 1423 in
816 1380 948 1437 quantum
964 1390 1029 1428 vero
1041 1372 1190 1443 operativa,
1209 1372 1272 1441 plns
1290 1374 1466 1443 congruentia
1482 1374 1586 1442 figurae

226 1437 483 1495 circumferentialis.

314 1519 563 1588 Argumenta‘rero
580 1538 641 1578 urea
658 1528 769 1595 propria
786 1528 821 1583 ad
838 1531 1054 1601 propositionem
1070 1528 1237 1599 probaddam
1250 1535 1314 1584 sunt
1324 1529 1392 1585 ista:
1419 1529 1496 1600 prius
1514 1529 1586 1584 enim

229 1605 417 1674 usurpavimus
441 1620 519 1674 prop.
539 1605 570 1673 6,
594 1616 717 1661 centrum
735 1622 796 1663 esse
822 1612 959 1679 quandam
976 1610 1066 1665 ideam
1091 1609 1190 1664 mentis
1207 1609 1375 1665 theoreticae
1398 1626 1448 1665 seu
1464 1608 1585 1664 intellec·

229 1692 283 1752 tus,
302 1681 545 1739 circumferentiam
562 1683 701 1740 facultatis
719 1688 856 1756 practicae
874 1706 922 1745 seu
941 1690 1097 1760 operativae
1103 1709 1113 1758 ,·
1130 1688 1194 1758 quia
1211 1697 1243 1743 ut
1260 1694 1383 1744 ceruum
1401 1691 1493 1745 cuculi
1512 1693 1585 1750 basis

231 1776 273 1824 est
292 1775 319 1822 et
337 1767 419 1834 erigo,
438 1765 478 1819 sic
494 1765 634 1820 meditatio
653 1765 776 1822 actionis.
812 1766 914 1837 Figura
931 1768 1022 1838 igitur,
1042 1782 1112 1837 quae
1129 1766 1244 1837 porrigit
1256 1767 1385 1837 angulum
1403 1771 1438 1826 ad
1455 1779 1585 1849 centrum,

230 1865 259 1904 sc
288 1845 322 1900 ad
340 1845 465 1911 Terram,
485 1843 531 1897 ubi
550 1843 640 1901 anima
657 1843 735 1899 sedet
752 1845 855 1914 figurae
873 1847 1037 1917 perceptrir,
1063 1844 1179 1915 porrigit
1195 1861 1225 1900 se
1245 1846 1323 1914 qnasi
1346 1846 1381 1901 ad
1400 1848 1538 1905 sciendum
1557 1859 1586 1907 ιι

230 1922 444 1995 dijudicandum,
469 1936 531 1975 cum
549 1930 671 1978 centrum
689 1924 810 1978 tribuual
828 1925 956 1982 scientiae
981 1931 1177 2007 repraesentet.
1214 1923 1301 1992 igitur
1318 1924 1346 1978 iu
1365 1927 1478 1982 centrali
1496 1928 1597 2000 figura

230 2007 321 2075 potius
340 2001 458 2070 spectari
476 2000 558 2057 debet
577 2001 697 2071 scicntia,
716 2004 930 2077 nonobstante,
955 2003 1029 2073 quud
1047 2003 1094 2057 illa
1110 2019 1161 2073 per
1184 2003 1314 2059 circulum
1337 2012 1466 2076 tanquam
1483 2009 1583 2065 instru-

229 2088 349 2139 mentum
368 2087 553 2149 cemparetur‚
572 2089 603 2137 ut
619 2082 701 2151 paulo
720 2093 784 2139 aute
803 2082 913 2137 dictum.
950 2083 1053 2138 Contra
1072 2081 1172 2151 figure,
1199 2097 1270 2152 quae
1292 2082 1400 2139 ordinat
1418 2086 1532 2154 angulos
1556 2090 1585 2144 in

231 2160 461 2227 circumferentia,
489 2161 574 2226 magis
593 2175 622 2215 se
640 2162 762 2230 appbcat
786 2161 821 2217 ed
844 2160 1005 2216 imitandum
1028 2159 1286 2230 exprimendumque
1308 2160 1337 2215 in
1361 2178 1444 2233 opere
1470 2166 1584 2237 ammae,

230 2241 314 2296 veluti
332 2240 368 2295 ad
385 2237 475 2292 ideam
493 2254 606 2307 eperum
623 2255 795 2298 concurrens.
830 2241 914 2313 Atqui
938 2240 1029 2310 potius
1048 2239 1224 2308 congruentia
1247 2254 1328 2308 quam
1352 2242 1483 2297 scibilftas
1501 2244 1585 2302 babet

231 2336 342 2390 operum
360 2319 499 2375 sensilium
517 2318 787 2391 aedificationemque
804 2321 901 2388 ideam,
921 2321 985 2390 quia
1002 2319 1128 2389 sequitur
1143 2317 1335 2390 figurustetas,
1355 2337 1416 2376 cum
1428 2321 1509 2391 latua,
1527 2339 1582 2392 que

229 2399 318 2470 figura
335 2400 428 2466 scitur,
447 2403 483 2456 sit
500 2397 560 2464 ejus
579 2397 676 2453 saltem
690 2397 862 2456 elementum.
899 2401 989 2469 Quare
1007 2400 1035 2454 in
1053 2398 1142 2468 figura
1154 2394 1391 2456 circumferentiali
1408 2401 1501 2471 potius
1519 2417 1582 2458 con·

231 2479 355 2549 gruentlu
372 2487 414 2535 est
430 2477 612 2551 respicienda,
632 2493 713 2546 quam
731 2479 872 2537 scibilites.

317 2556 441 2613 Alterum
460 2563 647 2624 argumentum
665 2573 715 2625 pro
733 2557 784 2613 bac
797 2558 916 2615 secunda
928 2564 1007 2627 parta
1019 2556 1115 2611 nititur
1127 2554 1223 2611 eedem
1235 2556 1452 2615 consideratione
1469 2561 1582 2627 aniciae,

230 2644 353 2706 praestat
370 2637 407 2706 id,
431 2635 632 2707 propterquod
652 2644 839 2707 suntcetera3
864 2645 892 2692 at
915 2642 1027 2707 propter
1048 2650 1118 2705 opus
1142 2642 1256 2690 naturae
1278 2636 1434 2693 sublunaris
1460 2639 1583 2710 adeoque

230 2715 312 2770 edam
330 2717 435 2770 animae
453 2718 587 2771 humanae
604 2712 765 2771 facultatum
784 2717 942 2771 inferiorum
960 2713 1148 2784 percipiuntur
1166 2711 1408 2785 configurationes,
1433 2716 1538 2773 scilieet
1554 2718 1583 2774 in

229 2795 259 2850 id
274 2795 470 2864 percipiuntur,
488 2803 519 2850 ut
537 2808 620 2863 opera
637 2796 834 2863 exprimentum
853 2796 939 2864 major
957 2800 1000 2847 est
1017 2793 1101 2861 igitur
1118 2791 1235 2862 dignitas
1253 2792 1390 2849 facultatis
1407 2795 1539 2851 motoriae
1555 2797 1584 2851 iu

231 2872 285 2927 boc
309 2874 425 2941 negotio.
463 2873 517 2928 Sed
539 2870 670 2927 scibilitaa
699 2872 803 2941 figurae
820 2872 1070 2931 cbeumferentialis
1097 2871 1265 2940 perceptioni
1289 2873 1382 2943 servit,
1408 2875 1584 2943 aerimantia

231 2951 390 3021 operationi,
408 2959 439 3009 ut
457 2954 599 3019 batenus,
625 2949 708 3019 igitur
727 2960 754 3007 et
772 2953 948 3023 congruentia
969 2952 1073 3021 figurae
1096 2948 1348 3007 circumferentialis
1370 2961 1493 3021 praestat
1512 2953 1583 3022 ejus·

231 3029 293 3085 dem
310 3030 457 3087 scibilitati.
1272 3056 1273 3063 ¹

317 3105 535 3184 Propositio
559 3109 644 3170 VIII.
690 3111 784 3170 Αιιιιι
816 3108 935 3182 circuli,
967 3108 1018 3183 qui
1040 3106 1226 3166 constituitur
1255 3103 1390 3181 efigura
1410 3106 1581 3183 incongrua,

232 3191 342 3252 nullam
366 3195 503 3256 conciliat
525 3196 684 3257 efficaciam
707 3196 920 3256 radiationibus
942 3195 1077 3254 binorum
1099 3192 1294 3270 planetarum,
1323 3209 1422 3252 arcum
1444 3192 1583 3259 determi-

232 3283 374 3339 nautium.

318 3364 389 3417 Nam
406 3364 430 3419 si
448 3366 623 3432 congruentia
647 3373 690 3421 est
707 3383 790 3422 causa
806 3363 948 3436 potissima
976 3360 1129 3433 efficaciae,
1165 3376 1215 3431 per
1232 3376 1310 3430 prop.
1330 3362 1360 3430 3,
1384 3363 1402 3417 d
1426 3369 1454 3418 et
1476 3366 1506 3433 7,
1531 3363 1584 3421 hac

233 3439 315 3508 igitur
332 3440 476 3497 deficiente
498 3461 553 3499 uon
576 3447 628 3501 erit
654 3446 793 3502 sufficiens
811 3459 895 3501 ιιιιιι
921 3440 1052 3498 hocloco
1070 3441 1148 3496 villar
1173 3440 1312 3496 scibfiitas.
1348 3442 1410 3497 Etsi
1428 3445 1498 3499 enirn
1515 3443 1584 3501 hacc

231 3519 384 3588 praepollet
401 3524 595 3591 congruentiae
612 3525 640 3579 iu
658 3524 772 3580 centrali
789 3523 890 3593 figura,
914 3536 964 3592 ριι
981 3520 1096 3576 ιΙιιιιιι
1114 3527 1221 3590 partem
1238 3536 1280 3589 pr.
1299 3522 1324 3589 7,
1349 3528 1377 3577 at
1397 3522 1514 3579 uicissim
1532 3525 1583 3579 cir·

233 3594 442 3655 cumfereutialis
460 3602 548 3672 figura
566 3611 608 3660 est
626 3604 739 3661 centrali
756 3604 855 3674 potior,
872 3618 922 3672 per
941 3602 971 3670 6,
990 3607 1019 3655 ιι
1036 3600 1064 3653 in
1082 3599 1129 3653 illa
1145 3599 1236 3669 potior
1257 3603 1442 3675 congruentia,
1460 3619 1510 3673 per
1526 3605 1581 3676 pri.

233 3693 304 3731 mam
320 3686 426 3747 partem
444 3698 486 3755 pr.
505 3684 530 3738 7.
566 3684 663 3739 Adbuc
681 3683 762 3753 igitur
779 3680 955 3753 congruentia
971 3680 1075 3749 figurae
1092 3678 1343 3735 circumferentiulis
1361 3682 1512 3751 praepollet
1530 3685 1582 3741 sci·
1618 3754 1622 3763 ¹

232 3755 333 3813 bilitati
350 3757 454 3828 figurae
472 3761 607 3819 centralis.
1290 3832 1293 3837 ,

321 3834 365 3892 liu
389 3853 522 3913 causam,
556 3855 616 3912 cur,
648 3854 712 3899 curu
734 3838 844 3916 figurae
866 3836 984 3899 scibiles
1006 3837 1064 3895 siut
1085 3833 1230 3909 infinitae,
1262 3831 1442 3898 diversorum
1460 3839 1582 3917 quidem

232 3919 393 3997 graduum,
417 3935 553 4001 aspectus
576 3934 674 3986 tamen
696 3927 783 4004 pauci
805 3927 872 3983 siut.

321 4010 478 4072 Axfoma
499 4011 554 4071 111.
610 4014 702 4073 Arcus
732 4010 848 4085 ctrculi,
889 4028 1012 4088 quorum
1045 4009 1156 4086 figurae
1189 4006 1321 4085 pluribus
1360 4014 1582 4093 potioribusque

233 4098 439 4171 congruentiae
461 4099 685 4178 scibilitatisque
707 4100 847 4178 gradibus
869 4098 999 4176 pollent,
1030 4097 1208 4158 efficaciores
1232 4099 1318 4157 etiam
1340 4102 1484 4177 recipiunt
1507 4120 1579 4164 cou-

274 4186 431 4245 urationes.

232 4181 273 4259 fig
321 4266 350 4320 si
368 4267 421 4323 due
439 4269 527 4337 prima
543 4269 680 4325 axiomata
698 4279 762 4326 suut
780 4273 963 4325 consentanea
980 4282 1058 4338 vero,
1078 4266 1130 4323 crit
1148 4274 1177 4323 et
1193 4268 1259 4339 boc,
1278 4269 1355 4339 quie,
1380 4277 1491 4339 propter
1509 4271 1582 4342 quod

232 4345 444 4414 unumquodque
463 4358 505 4403 est
522 4347 585 4408 tale.
603 4344 650 4402 illo
669 4348 791 4417 intenso,
815 4347 890 4404 istud
906 4348 989 4402 etiam
1007 4346 1093 4417 magis
1112 4346 1166 4403 erit
1180 4347 1244 4403 tale.
1281 4347 1326 4402 Sic
1344 4358 1433 4404 autem
1452 4349 1579 4421 intelIIge,

232 4421 352 4491 quodie
369 4423 458 4494 figura
475 4425 709 4482 circumferentiali
726 4427 801 4497 prior
818 4427 854 4483 sit
872 4427 1038 4498 comparatio
1057 4427 1189 4496 graduum
1207 4427 1407 4498 congruentiae,
1425 4428 1453 4483 in
1468 4430 1583 4486 cautreIi

233 4500 307 4569 prior
324 4503 456 4569 paduam
474 4503 633 4573 scibilitatis,
653 4504 769 4573 denique
786 4506 908 4574 potiores
923 4514 1019 4576 partes
1037 4506 1285 4573 circumferentieliq
1302 4505 1413 4574 figurae.

321 4575 540 4656 Propositio
563 4579 621 4638 IX.
667 4580 918 4657 configurationes
943 4581 1076 4642 efficaces
1098 4590 1180 4656 suut,
1203 4599 1279 4659 quae
1297 4584 1483 4660 intercipiunt
1496 4601 1582 4644 arcus

235 4663 334 4724 cuculi
361 4666 474 4727 zodiaci
503 4669 587 4726 Istos:
617 4665 667 4726 Gr.
694 4669 755 4728 180
783 4670 947 4745 oppositio,
978 4687 1015 4728 ex
1042 4669 1183 4729 dtametro
1206 4667 1322 4745 circuli,
1351 4678 1384 4731 ut
1413 4674 1442 4728 tu
1463 4671 1512 4748 fig.
1530 4673 1581 4731 ut.

235 4749 286 4811 Gr.
317 4754 358 4813 90
386 4754 562 4832 quadratus,
589 4772 625 4814 ex
654 4762 823 4833 tetragono,
850 4757 940 4829 utin
969 4756 1017 4833 fig.
1050 4757 1100 4817 ie.
1151 4755 1202 4816 Gr.
1233 4759 1295 4818 120
1325 4760 1430 4834 umus,
1460 4766 1490 4819 et
1521 4754 1583 4819 60⁰

219 4894 223 4901 .
287 4864 381 4916 sepiar
395 4863 513 4918 oper-v.
1387 4862 1426 4923 ld
