3940 5856
390 380 453 451 hid
906 381 1056 449 Ptolemaei
1073 384 1231 449 Harmonia.

389 568 486 644 pareri
508 573 655 645 poterunt,
679 576 751 647 puta
774 570 1004 647 enharmonium,
1029 573 1238 634 chromaticum
1253 568 1285 653 v)
1307 582 1337 633 et
1359 571 1556 649 diatonicum,
1579 589 1656 650 quae
1678 571 1745 651 ipse

389 670 508 731 quoque
538 652 714 715 differentias
745 660 849 718 sortita
879 668 948 720 suut
977 679 1014 721 er
1044 660 1171 737 quadem
1199 659 1401 737 magnitudine
1429 669 1459 719 et
1481 660 1573 734 mole,
1606 677 1683 736 quae
1714 661 1744 716 in

389 740 556 801 elevatione
579 749 631 802 eut
654 747 851 806 contractione
874 750 1016 808 consistit
1061 748 1137 808 Nem
1159 747 1219 808 tale
1245 747 1317 825 quid
1340 748 1439 808 evenit
1461 749 1574 807 ratione
1593 754 1654 806 tam
1670 750 1744 805 situs

389 842 490 904 qaam*
506 831 661 905 potestatis
695 834 737 905 ei,
767 833 848 909 quod
875 834 998 895 densum
1029 835 1242 912 indsusumque
1271 833 1437 914 appelletur
1466 851 1519 912 per
1544 834 1598 894 ille
1625 835 1742 909 generis.

389 915 428 974 lit
450 914 671 976 enharmonium
694 919 812 995 quidem
836 922 1064 999 comperandum
1087 930 1133 983 est
1154 939 1220 982 eum
1242 922 1373 1001 physicis
1397 922 1561 998 ethicisque
1583 921 1744 993 habitibus,

389 1002 528 1079 eoquod
551 1008 713 1065 communis
744 1008 783 1067 sit
805 1007 863 1067 illis
886 1027 956 1088 pree
979 1012 1083 1070 ceteris
1106 1009 1315 1087 magnitudinis
1344 1009 1508 1070 diminutio.
1555 1010 1744 1069 Diatbuicnm

390 1090 461 1149 sero
490 1090 664 1168 theologicis
695 1102 725 1152 et
754 1095 882 1171 politicis
912 1094 1063 1157 habitibus
1091 1095 1258 1174 respondet,
1292 1106 1410 1175 propter
1437 1096 1547 1156 ordinis
1576 1104 1606 1156 et
1627 1098 1745 1172 magni-

386 1174 521 1237 ileentiee
543 1178 763 1241 similitudinem
785 1183 816 1240 iu
832 1191 965 1260 unoque.
1010 1184 1228 1245 Chromatlcnm
1243 1185 1360 1244 tendam
1379 1185 1593 1244 mathematicis
1609 1192 1639 1244 et
1655 1200 1745 1243 oeco-

387 1266 510 1324 nomicis
532 1265 718 1342 assimiletur,
742 1286 778 1329 co
802 1269 881 1347 quod
905 1274 1066 1332 communis
1088 1275 1224 1349 utrinque
1251 1274 1289 1333 sit
1310 1273 1496 1332 rnediocritas
1519 1274 1593 1331 inter
1615 1282 1745 1331 extreme

388 1352 615 1413 circumstantia.
660 1353 737 1414 Nem
760 1365 789 1417 et
811 1356 1035 1420 mathematicae
1058 1362 1199 1421 seleutias
1228 1361 1382 1437 potissime
1404 1368 1486 1437 parte
1508 1368 1661 1419 versentur
1684 1366 1744 1418 tem

388 1438 417 1496 in
450 1437 573 1518 physico
603 1456 710 1517 genere
739 1461 828 1520 quam
861 1449 889 1504 in
921 1447 1107 1525 theologico,
1141 1455 1171 1509 et
1194 1449 1400 1507 oeconomicea
1429 1448 1608 1523 participant
1629 1446 1743 1519 ethicis,

387 1528 500 1587 ratione
523 1530 657 1605 privatae
681 1538 711 1589 et
732 1533 931 1608 potestatibus
954 1536 1105 1611 subjectae
1121 1537 1210 1607 vitae,
1233 1536 1411 1612 participant
1425 1544 1455 1594 et
1469 1534 1607 1611 politicis,
1631 1536 1744 1593 ratione

388 1616 606 1676 communitatis
629 1624 659 1676 et
682 1619 810 1695 imperii,
840 1622 999 1694 eregione
1022 1623 1230 1683 chromaticum
1252 1622 1386 1682 similiter
1415 1638 1577 1682 connexum
1600 1629 1645 1680 est
1667 1637 1744 1696 qno·

389 1699 546 1763 dammodo
574 1703 641 1764 hinc
669 1721 735 1765 cum
766 1710 938 1769 remissione
967 1718 997 1768 et
1025 1709 1149 1770 mollitie
1172 1709 1371 1782 enharmonii,
1404 1707 1470 1768 iude
1493 1724 1559 1767 cnm
1582 1710 1745 1767 intensione

389 1796 418 1847 et
440 1789 546 1851 dnritis
568 1790 723 1869 diatonici,
747 1793 780 1853 flt
802 1798 879 1854 enim
894 1795 1113 1870 chromaticum,
1136 1798 1252 1874 utrique
1266 1797 1444 1873 reliquorum
1465 1795 1614 1869 collatum,
1639 1812 1744 1873 quem·

392 1874 553 1937 admodum
585 1877 708 1954 chorda,
746 1900 824 1957 qnae
852 1900 932 1943 mese
964 1884 1083 1958 dicitur,
1124 1892 1168 1944 est
1208 1901 1273 1944 cum
1306 1883 1416 1944 chorda
1443 1883 1748 1961 proslambanomene,

389 1961 524 2058 duerpm,
558 1982 635 2042 quea
666 1966 810 2046 diapason
837 1972 1033 2046 constituunt,
1064 1973 1192 2048 acutior3
1223 1988 1289 2032 cnm
1311 1985 1379 2032 nete
1408 1987 1476 2031 vero
1508 1978 1553 2031 est
1575 1970 1745 2030 iacientium

388 2049 531 2129 diapason
554 2056 681 2130 grevlm.
1195 2085 1200 2096 ·

474 2154 547 2211 Note
563 2156 586 2211 1.
620 2155 682 2210 Jam
705 2156 734 2211 in
751 2157 805 2212 hoc
824 2158 920 2228 capitex
937 2158 1051 2214 nautes
1074 2175 1129 2214 non
1148 2167 1213 2216 sunt
1235 2158 1352 2230 emplius
1370 2156 1511 2227 potentiae
1534 2154 1688 2224 naturales,
1713 2161 1744 2209 ιιι

387 2246 447 2301 cep.
467 2234 491 2302 5,
511 2232 561 2291 sad
578 2241 610 2289 ut
626 2234 739 2305 habitus
757 2232 953 2294 exercitatione
971 2239 1123 2309 comparati
1140 2240 1213 2295 circe
1231 2246 1333 2294 certum
1352 2235 1464 2305 aliquod
1482 2251 1569 2306 genus
1587 2250 1686 2290 reram.

472 2311 546 2369 Nota
562 2313 598 2368 ΙΙ.
633 2314 699 2370 Tria
722 2314 768 2369 hie
790 2330 891 2386 genere
915 2325 1011 2372 cantus
1037 2318 1176 2373 veteribus
1199 2318 1312 2385 usitate,
1336 2316 1517 2385 diatonicum,
1541 2312 1745 2382 chromaticum,

388 2390 599 2447 enharmonium
629 2408 684 2447 non
710 2392 869 2449 inconcinne
894 2411 959 2449 sane
985 2411 1049 2461 eum
1074 2396 1163 2451 tribus
1189 2395 1321 2450 virtutum
1348 2402 1404 2451 tem
1427 2392 1639 2455 theoretioarum
1663 2410 1745 2462 quem

387 2469 569 2539 practicarum
586 2470 732 2539 generibus
750 2480 951 2544 comparentur,
970 2474 1127 2542 humilibus,
1146 2474 1341 2544 mediocribus,
1360 2473 1431 2529 altis.
1468 2471 1538 2527 Mihi
1556 2479 1647 2526 tamen
1665 2473 1745 2528 setis

386 2546 488 2603 iactum
506 2556 549 2604 est
566 2548 694 2606 nondum.
732 2549 808 2619 Quae
826 2550 897 2605 enim
915 2553 1044 2622 utrinque
1061 2552 1160 2609 similia
1177 2552 1342 2623 allegentur,
1367 2560 1432 2608 sunt
1448 2549 1635 2607 tantummodo
1654 2549 1741 2619 queli-

386 2629 471 2685 tativa
493 2628 536 2684 vel
558 2630 648 2699 quasi,
674 2630 775 2700 quippe
800 2629 895 2685 domus
919 2632 1035 2702 amplior
1058 2639 1101 2689 est
1119 2633 1231 2688 homine
1248 2633 1343 2702 unico,
1362 2633 1458 2689 civitas
1481 2630 1570 2698 domo,
1595 2639 1623 2684 et
1645 2637 1745 2683 nature

385 2724 477 2763 rerum
495 2707 709 2778 corruptibilium
732 2725 776 2763 ree
802 2708 1025 2781 mathematicae,
1053 2726 1098 2767 res
1116 2711 1286 2782 theologicae
1305 2710 1423 2782 quodem
1440 2708 1593 2765 altitudinis
1611 2715 1640 2763 et
1656 2707 1744 2761 humi·

385 2786 472 2842 litatis
495 2794 629 2857 conceptu
652 2786 725 2842 inter
747 2802 777 2842 se
799 2786 1011 2856 distinguuntur.
1047 2792 1110 2847 Jem
1135 2792 1188 2847 trie
1211 2791 1260 2847 illa
1281 2796 1378 2847 centus
1403 2804 1505 2860 genere
1531 2803 1585 2842 non
1612 2786 1671 2841 sola
1697 2785 1745 2840 ille

344 2866 351 2877 '
385 2873 532 2937 praetensa
550 2867 735 2936 magnitudine
753 2875 802 2922 aut
821 2865 1033 2925 condemnatione
1051 2872 1267 2942 distinguuntur,
1291 2869 1340 2927 sed
1358 2868 1444 2923 multo
1462 2866 1549 2935 magis
1567 2866 1743 2935 proprietate,

386 2950 418 2999 ut
435 2942 537 3001 letetur
554 2945 727 3003 Ptolemaeus
752 2946 820 3016 ipse.
859 2946 925 3000 Cum
948 2949 1019 3004 enim
1041 2950 1118 3005 initio
1137 2966 1192 3004 non
1209 2948 1318 3018 penitus
1345 2955 1438 3003 essent
1455 2952 1537 3002 nome
1555 2943 1745 3014 proportiones

387 3025 580 3079 concinnerum
600 3025 719 3080 omnium
736 3025 764 3080 in
784 3040 837 3078 uno
856 3022 997 3095 diapason,
1016 3028 1145 3083 condnna
1163 3026 1350 3083 subtractione
1367 3026 1425 3081 toni
1438 3024 1549 3092 maioris
1567 3024 1744 3078 constitutum

386 3109 429 3157 est
447 3111 566 3173 systema
583 3102 761 3172 diatonicum,
785 3101 834 3158 sed
852 3103 952 3160 durum
970 3113 998 3161 et
1015 3114 1126 3177 praeter
1143 3113 1277 3161 naturam.
1312 3098 1424 3174 Loqu'or
1442 3110 1533 3158 eutem
1557 3101 1593 3157 de
1609 3109 1744 3170 apparete

385 3188 414 3239 et
436 3182 561 3239 tensione
583 3183 834 3240 instrumentorum.
871 3183 941 3242 Nem
965 3187 1040 3257 qnod
1062 3202 1157 3242 rocem
1183 3185 1328 3239 humanam
1352 3183 1463 3253 attinet,
1489 3181 1537 3237 itte
1559 3181 1683 3236 nmurale
1701 3198 1744 3252 sy·

385 3267 485 3332 mmai
509 3260 591 3331 duale
609 3279 660 3331 08⁰
678 3262 725 3318 m)-
743 3262 794 3318 111.
817 3278 876 3331 etp.
896 3269 921 3324 i.
940 3266 1087 3338 descripsi,
1105 3273 1203 3336 sponte
1222 3265 1360 3333 sequitur,
1385 3270 1414 3317 et
1435 3261 1566 3317 instinctu
1584 3261 1672 3330 ipsius
1693 3277 1742 3316 ne·

384 3346 464 3396 turae
482 3347 510 3395 et
527 3339 609 3409 bujm
628 3339 714 3409 ipsius
732 3343 805 3398 vocis
824 3344 958 3401 humanae
976 3346 1188 3415 comparatione,
1203 3342 1307 3412 judicio
1321 3358 1358 3397 sc.
1372 3339 1490 3405 auditus,
1506 3338 1674 3395 intellectum
1692 3348 1743 3409 cst,

384 3419 566 3475 insuumenta
591 3419 629 3475 sic
652 3429 730 3476 tense
749 3421 918 3494 duriuscule,
946 3441 995 3482 seu
1019 3432 1051 3481 ut
1069 3423 1243 3478 Ptolemaeus
1261 3420 1396 3491 loquitur,
1423 3437 1612 3485 cenomanos
1636 3433 1742 3481 sonere

385 3498 517 3555 Additum
534 3505 578 3555 est
595 3498 676 3568 igitur
694 3500 896 3573 chromaticum,
914 3503 989 3572 quod
1007 3500 1133 3558 dumtiem
1150 3500 1223 3556 illius
1242 3499 1381 3559 emolliret
1403 3497 1478 3567 quod
1495 3495 1613 3551 tortasse
1630 3496 1743 3565 propius

385 3577 414 3633 in
432 3576 569 3634 nonnmlis
591 3577 626 3633 ad
645 3579 798 3635 naturalem
817 3580 947 3652 originem
972 3581 1111 3637 divisionis
1133 3579 1289 3650 systematis
1307 3577 1438 3646 accessit,
1462 3575 1511 3631 ssd
1535 3582 1563 3630 et
1585 3575 1614 3629 iu
1633 3573 1743 3644 quihus·
1768 3574 1782 3589 “

385 3656 449 3712 dam
467 3654 575 3737 deiecit,
594 3663 622 3712 et
639 3658 729 3726 ipsum
748 3659 953 3718 enharmonium
970 3677 1035 3717 sero
1053 3659 1147 3716 dedite
1164 3676 1248 3730 opere
1265 3659 1318 3715 luit
1336 3661 1521 3726 comparatum
1539 3650 1575 3708 ed
1592 3651 1742 3713 mollitiem,

384 3735 545 3805 videturque
561 3734 609 3789 illa
628 3735 790 3792 chordarum
809 3739 1022 3796 condemnatione
1039 3753 1093 3793 vox
1110 3739 1226 3794 tremule
1243 3737 1349 3794 effecta
1386 3736 1462 3790 Haec
1474 3747 1535 3787 mee
1550 3737 1593 3785 est
1606 3731 1744 3786 sententie

385 3814 420 3870 de
444 3816 548 3885 origine
572 3810 666 3871 trium'
678 3832 808 3884 generum
824 3826 930 3874 <matus
954 3820 1029 3889 apud
1046 3824 1161 3873 veteres.
1198 3818 1239 3872 De
1258 3814 1366 3871 dnobus
1387 3829 1450 3869 vero
1468 3807 1613 3881 generibus
1637 3815 1742 3871 cantus,

385 3893 453 3950 duro
471 3900 501 3949 et
518 3894 607 3965 molli,
632 3910 702 3966 quae
721 3903 749 3952 et
766 3897 941 3954 Ptolemaeus
956 3899 1037 3968 juxta
1054 3896 1129 3952 illam
1145 3895 1304 3951 divisionem
1323 3900 1444 3948 veterum
1470 3887 1595 3958 agnoseit
1613 3893 1641 3940 et
1658 3885 1742 3942 nomi·

383 3980 432 4028 nat
449 3982 477 4029 st
495 3973 645 4043 dequibus
664 3990 716 4043 ego
735 3992 788 4047 ago
805 3980 911 4046 capi.
928 3976 975 4031 lib.
993 3976 1043 4044 ΙΙΙ,
1061 3991 1106 4032 res
1123 3982 1168 4030 est
1185 3974 1267 4044 longe
1284 3974 1351 4037 elias
1369 3988 1424 4028 non
1442 3969 1513 4027 euim
1531 3965 1672 4022 arbitrium
1689 3965 1741 4019 hu-

383 4067 501 4123 manum,
519 4070 574 4109 non
592 4056 699 4111 omesio
718 4054 817 4127 alique,
836 4055 886 4113 sed
903 4057 963 4126 ipse
979 4071 1070 4110 rerum
1088 4060 1187 4109 natura
1203 4053 1253 4109 ille
1264 4058 1399 4108 monstrat
1417 4058 1445 4106 at
1462 4050 1533 4105 iuter
1546 4061 1577 4101 se
1589 4043 1741 4113 distinguit.

385 4129 439 4187 Sed
456 4130 485 4186 in
503 4148 633 4202 praesens
650 4149 808 4189 maneamus
825 4135 854 4190 in
871 4133 1016 4204 generibus
1033 4133 1122 4189 tribus
1141 4140 1270 4188 veterum.
1652 4200 1659 4213 ι

435 4276 440 4287 ,
472 4210 613 4280 Quomodo
631 4212 714 4282 igitur
735 4213 780 4269 hic
797 4213 913 4269 virtutes
931 4229 981 4268 nos
999 4212 1234 4282 comparabimus?
1270 4209 1409 4279 Numquid
1433 4207 1485 4277 sic,
1511 4203 1583 4279 qnod
1601 4206 1660 4259 tom
1676 4218 1740 4272 per-

384 4286 466 4345 fectio
484 4290 615 4349 scientiae
633 4294 771 4364 perlectae
790 4309 949 4365 summoque
968 4293 1050 4363 rigori
1073 4292 1101 4347 in
1120 4292 1240 4347 moribus
1258 4289 1365 4359 similis,
1393 4295 1422 4344 et
1439 4287 1512 4359 quod
1529 4297 1626 4357 peccet
1647 4290 1676 4344 in
1693 4305 1741 4343 ne·

384 4372 486 4439 beram,
505 4369 552 4438 qni
570 4372 661 4428 omnia
678 4373 738 4429 vult
754 4372 988 4443 comprehendere
1007 4372 1195 4442 snentialitcr,
1221 4370 1267 4443 qui
1285 4386 1348 4425 cum
1366 4367 1491 4424 omnibus
1509 4371 1568 4426 vult
1585 4366 1741 4425 conversari

300 4508 311 4515 ,
384 4444 482 4517 ιιοιιι,
504 4446 627 4507 laconice
652 4453 680 4508 in
698 4453 787 4509 serbis
806 4459 834 4508 et
851 4452 932 4509 lectis
951 4460 978 4509 et
996 4452 1152 4523 disciplina,
1177 4451 1266 4508 omnia
1290 4464 1395 4505 summo
1410 4447 1474 4516 jure
1491 4463 1635 4519 peregere,
1659 4464 1739 4504 suum

384 4526 466 4582 armis
485 4534 512 4582 et
530 4530 556 4584 ri
571 4536 711 4603 repetere,
735 4548 796 4587 cum
815 4531 844 4587 id
861 4547 915 4587 non
933 4530 1005 4602 leret
1023 4532 1065 4588 vel
1083 4532 1203 4588 omnium
1220 4546 1310 4586 raram
1328 4535 1427 4583 notura
1447 4528 1491 4583 rel
1510 4528 1597 4586 omnis
1615 4529 1672 4583 vita
1688 4527 1739 4582 hu·

382 4620 475 4676 mane,
502 4624 564 4665 enm
589 4620 688 4668 nature
708 4612 770 4681 ipsa
792 4611 908 4668 suadeat
929 4612 1191 4680 temperamentum?
1228 4609 1352 4679 Denique
1375 4609 1450 4679 quod
1476 4609 1531 4665 sint
1552 4606 1637 4680 miqui
1663 4604 1740 4661 hahi-

383 4690 441 4754 tus,
460 4700 477 4740 e
494 4693 573 4756 parte
590 4689 730 4745 hominnm
747 4705 797 4760 pro
815 4687 962 4745 virtudbns
979 4687 1079 4757 hahiti,
1110 4688 1158 4759 qni
1175 4684 1335 4759 pascentii
1354 4686 1481 4744 delectu?
1517 4687 1563 4743 Sic
1579 4694 1623 4743 est
1646 4683 1740 4755 topice

288 4822 314 4841 α,
384 4758 419 4814 de
437 4765 519 4819 rebus
537 4765 615 4821 seriis
633 4773 662 4821 st
678 4768 835 4824 ementifleis
854 4766 1019 4837 disputatio;
1043 4766 1083 4822 sic
1104 4766 1268 4835 hnmanitas,
1285 4765 1388 4836 cultus,
1414 4766 1564 4823 aulicorum
1582 4780 1685 4834 mores,
1711 4765 1740 4821 in

383 4842 454 4912 rite;
473 4843 513 4900 sic
529 4842 665 4904 lenocinia
680 4862 787 4904 nomm
804 4854 833 4906 at
849 4849 1002 4917 verborum,
1020 4845 1179 4915 nequeam
1190 4846 1317 4917 asiadce3
1336 4845 1376 4903 sie
1387 4860 1433 4902 ars
1445 4843 1561 4915 amendi,
1579 4844 1618 4900 sie
1630 4842 1739 4917 lenitas,
