3840 5854
397 418 438 480 61
692 382 695 395 ¹
772 413 914 486 Epistulae
930 413 1042 487 Koplorl
1059 416 1226 489 6116666666
1243 395 1355 475 mames

396 591 486 641 Teneo
503 604 589 645 rnrsns
607 592 769 659 obsistentes,
792 590 838 642 ssd
854 605 899 656 per
914 592 1042 645 mesu
1059 595 1200 659 complures
1218 595 1362 659 opinionem
1380 594 1412 645 de
1427 593 1509 656 guile
1525 593 1747 658 psoiondlesimem

397 666 467 711 inam
487 664 591 713 evellere
610 664 772 713 connltsntss.
810 661 1041 730 Quomodoennqus
1057 679 1097 716 res
1115 679 1169 717 sese
1186 666 1314 731 hebuerit,
1332 671 1361 715 tn
1377 666 1426 715 tibi
1444 665 1554 715 nominis
1570 666 1747 715 immortalite·

394 736 474 781 tatem
493 734 673 796 compotaveris
692 736 716 781 st
734 746 778 794 ego
797 737 855 783 tuns
873 738 1013 797 opportune
1031 738 1173 800 explorator
1196 749 1251 802 oro,
1274 736 1379 799 solutor,
1399 739 1537 801 protector,
1560 748 1657 799 semper
1674 749 1746 783 verns

396 802 491 852 xmlcns
517 807 541 850 st
565 817 657 852 sensns.
688 802 832 851 Aulmslem
851 803 994 853 iecnltxtem
1012 807 1039 854 in
1064 804 1193 855 elementis
1216 818 1320 871 ponere,
1346 806 1491 870 pracsertim
1509 804 1642 865 161666,
1667 808 1696 852 ut
1718 809 1746 853 tn

396 872 467 933 iscis,
485 873 576 922 scimus
595 874 712 937 antiquos
724 872 859 922 nonnullos
872 874 1028 924 contendisse
1039 875 1213 939 philosophos.
1243 875 1288 925 Sin
1305 887 1363 925 sero
1380 875 1462 941 nobis,
1479 876 1600 939 quonlam
1612 873 1746 923 consumi
1819 898 1830 917 ·

396 955 490 1006 sumus,
508 942 569 991 boec
587 948 611 992 et
629 942 722 992 similis
739 943 862 1007 speculari
880 944 1251 1009 intedlcito1„possnmnssb
1269 946 1380 997 66666616
1397 945 1497 1007 ingenio
1516 944 1634 995 (16616666
1657 950 1683 994 et
1704 946 1746 993 ln·

395 1013 466 1060 mlne
483 1013 574 1061 mentis
593 1014 762 1078 exstinguere,
784 1014 924 1076 penstrelie
948 1015 1081 1065 ebbonere
1103 1021 1206 1066 6616666
1230 1020 1255 1064 et
1280 1016 1600 1079 suenum-vetitumque
1622 1020 1746 1080 tenqnem

395 1087 518 1130 mortuam
536 1082 676 1131 recondere.
712 1083 792 1143 Igitur
809 1083 871 1149 qnid
889 1085 916 1133 in
933 1083 982 1133 hoc
998 1088 1128 1151 proposito
1147 1090 1284 1151 exspectes,
1302 1091 1330 1135 nt
1346 1087 1396 1134 tibi
1413 1098 1458 1145 ego
1470 1084 1652 1147 respondeum?
1671 1083 1746 1146 Quod

395 1152 558 1212 cognitiones
575 1153 703 1202 mirsbiles
721 1165 771 1201 non
785 1166 882 1202 666666
899 1150 976 1207 tussi
1007 1154 1089 1222 Quod,
1108 1157 1170 1221 qnle
1182 1156 1332 1205 documents
1350 1168 1399 1203 non
1417 1154 1493 1203 166116
1506 1155 1605 1217 cepient
1616 1160 1660 1203 tus
1671 1154 1745 1204 rudes

395 1224 420 1269 et
437 1221 540 1283 indocti,
558 1226 587 1270 tn
604 1228 736 1286 propterea
753 1224 877 1286 sepientes
896 1236 946 1272 non
963 1227 1044 1287 megis
1062 1227 1184 1276 sdooeesi
1208 1227 1356 1275 Aristoteles
1367 1224 1530 1285 Persicorum
1547 1225 1627 1274 libros
1644 1237 1696 1273 non
1713 1223 1746 1273 sd
1804 1248 1807 1261 ν

395 1291 516 1341 stolidum
534 1290 653 1342 66666166
669 1292 786 1358 vulgum,
809 1293 854 1343 sed
875 1293 907 1343 sd
924 1297 1074 1359 proecipuus
1092 1297 1247 1345 imeneorum
1265 1295 1428 1358 philosophos
1445 1294 1558 1357 scripsitt
1581 1294 1619 1344 sic
1642 1298 1671 1343 tu
1693 1307 1744 1343 non

394 1362 540 1424 snlgenbns
559 1362 712 1427 hominibus,
731 1363 801 1428 qnod
815 1367 867 1424 jem
885 1363 958 1415 rideo
976 1367 1101 1430 teipsum
1119 1366 1283 1415 unanimis
1299 1369 1345 1415 tue
1356 1364 1528 1414 edmonitions
1546 1363 1743 1426 edblbllopolss

394 1434 425 1491 (v.
445 1445 465 1482 s.
484 1445 510 1494 p.
530 1433 545 1480 8
565 1428 658 1497 6160).
677 1433 753 1494 plens
771 1433 941 1499 eloquentiae,
958 1435 1035 1497 plene
1051 1436 1183 1498 gresitstls
1201 1440 1227 1484 et
1243 1436 1380 1501 religionis.
1415 1432 1499 1483 Motus
1518 1432 1648 1483 1666661
1667 1447 1744 1498 perso

393 1503 494 1562 negotio
511 1507 556 1550 snt
573 1515 604 1549 ex
621 1502 732 1551 siderum
748 1505 841 1568 positu,
861 1508 904 1551 ant
921 1517 953 1552 ex
964 1505 1039 1554 merle
1050 1507 1128 1569 ilnxu,
1146 1508 1190 1554 snt
1208 1520 1238 1554 ex
1256 1506 1340 1554 insitis
1353 1504 1441 1570 666616,
1460 1509 1506 1551 ent
1517 1517 1548 1552 ex
1560 1504 1744 1553 metbemeticis

393 1573 535 1621 notionibus
553 1573 698 1634 conjicitur,
724 1573 881 1623 facilioribus
899 1579 925 1622 et
941 1575 1106 1637 emplloribns
1123 1576 1275 1637 ugnnsntis
1293 1575 1400 1625 resultes
1417 1573 1534 1623 eulmelis
1552 1575 1699 1636 prohibitur
1716 1574 1744 1622 16

393 1642 458 1703 lpse.
495 1643 575 1706 itqsd
593 1642 668 1691 etism
685 1645 708 1691 si
726 1643 868 1692 Temnon
886 1649 1036 1710 moveretur,
1060 1647 1168 1696 ustiones
1191 1659 1244 1695 non
1262 1645 1394 1695 1611666661
1415 1644 1743 1706 666661661166616661-

392 1716 452 1760 tete.
488 1712 528 1760 Ex
546 1712 639 1777 quibus
656 1712 762 1762 eliorum
780 1714 918 1763 nonnullos
935 1716 1110 1767 sindonibus
1126 1716 1178 1765 tnls
1194 1717 1368 1779 insererentur,
1386 1713 1479 1764 rsdioli
1497 1719 1579 1763 essent
1596 1714 1744 1764 subobscuri

393 1795 450 1830 cnm
468 1782 612 1831 clarissimis
636 1783 687 1832 tuis
711 1782 849 1832 luminibus
872 1784 998 1846 permixti.
1035 1784 1175 1851 ,‚oadamus
1193 1784 1294 1835 Phoebo
1312 1790 1337 1833 et
1355 1785 1443 1833 moniti
1462 1783 1564 1832 meliore
1582 1780 1742 1849 sequemnr“.

391 1849 563 1920 Mittamlcrss
581 1852 727 1901 accersitum
744 1852 907 1915 bibliopolam
926 1858 952 1902 et
968 1854 1042 1905 ilium
1060 1856 1204 1906 eonseniem
1223 1855 1253 1904 de
1264 1854 1456 1917 Ephamsrldnm
1468 1853 1626 1918 eiicrumqne
1643 1859 1743 1903 tuorum

390 1920 511 1970 librorum
528 1935 637 1971 numero.
672 1923 802 1987 inquirsm
827 1936 990 1988 quoscunque
1008 1925 1111 1975 mundes
1134 1930 1160 1974 et
1177 1924 1208 1973 ds
1226 1926 1342 1975 omnibns
1359 1929 1384 1973 te
1401 1926 1489 1985 poetes
1505 1936 1581 1988 quem
1598 1922 1741 1984 diligentis·

391 1991 560 2041 6166166166
577 1993 716 2045 seniorem
753 1993 831 2056 Libri,
849 2007 913 2058 qnos
929 1993 961 2043 sd
977 2007 1018 2045 me
1034 1997 1128 2063 mittis,
1146 1994 1271 2045 6116616
1289 1995 1378 2045 itinere
1396 1998 1467 2053 snnt;
1493 2006 1553 2043 suro
1571 1994 1666 2043 ornabo
1682 1993 1742 2043 illos

391 2065 417 2110 et
433 2062 473 2110 illi
490 2064 601 2111 enimnm
618 2063 769 2112 insonabunt
785 2076 889 2117 meum.
909 2098 915 2113 .
933 2100 941 2115 .
959 2100 966 2115 .

478 2131 576 2182 Marcus
594 2133 720 2182 Antonine
738 2132 768 2181 de
786 2133 902 2182 Dominis
919 2134 990 2196 sivit,
1008 2140 1034 2184 et
1050 2135 1122 2202 visit,
1137 2139 1166 2184 nt
1183 2138 1208 2185 et
1226 2148 1284 2185 snos
1303 2138 1407 2184 conatus
1425 2137 1450 2182 st
1467 2138 1539 2181 tuum
1556 2134 1741 2197 prognosticum

383 2200 502 2264 impleat.
532 2194 596 2251 'Vox
615 2216 716 2266 qnoque
734 2203 776 2252 bic
793 2207 858 2265 erat,
875 2204 948 2252 illum
967 2205 1072 2273 obiisse,
1095 2205 1140 2254 ssd
1158 2219 1188 2254 ex
1206 2204 1303 2254 ultimis
1319 2204 1399 2253 literis
1418 2203 1524 2252 oretoris
1541 2203 1620 2252 nostrl
1638 2204 1665 2252 in
1684 2202 1741 2251 Bri·

390 2274 477 2320 tonnis
493 2273 558 2321 nihil
576 2277 625 2322 666
660 2272 852 2334 Prognostionm
870 2276 942 2322 tunm
959 2274 990 2323 de
1008 2275 1094 2340 sliqno
1110 2276 1281 2324 haeresiarche
1295 2277 1348 2336 jam
1365 2275 1420 2323 vice
1438 2268 1531 2322 oricoli
1544 2286 1624 2335 pono,
1642 2275 1741 2323 16666161

390 2343 503 2392 nondum
521 2342 638 2410 legerim,
664 2342 730 2391 nibil
754 2343 820 2391 enim
837 2347 866 2391 tn
883 2343 947 2393 mihi
964 2344 1057 2394 sideris
1081 2346 1135 2395 sine
1159 2345 1258 2395 fortiori
1281 2345 1367 2410 xliqns
1390 2345 1487 2393 rstiom
1509 2343 1589 2407 loqui
1625 2343 1701 2403 Quod
1717 2345 1741 2411 qi

391 2425 476 2461 omnes
493 2413 529 2462 ita
546 2414 668 2477 ratmont,
691 2425 742 2462 non
759 2415 799 2460 tot
816 2419 960 2463 eminerent
980 2414 1113 2465 intiiitstes
1135 2420 1160 2465 et
1177 2415 1299 2466 16666166.
1317 2439 1352 2451 -
1369 2415 1432 2464 Veis
1449 2413 1495 2462 Vir
1512 2414 1697 2476 sapientissime
1716 2417 1741 2462 st

391 2481 445 2531 dies
463 2481 610 2544 snper-dies
627 2481 696 2531 Deus
714 2481 744 2533 0.
762 2480 796 2530 ii
816 2481 926 2544 edJlelet.
962 2483 1075 2534 Venetils
1092 2483 1158 2547 prid.
1177 2482 1215 2533 Id.
1232 2482 1307 2534 liert.
1327 2481 1404 2537 1619.

476 2561 523 2611 His
535 2558 691 2624 iieplsrns
709 2560 838 2625 respondit
855 2563 944 2624 pencls
962 2563 1044 2613 serbis
1062 2563 1166 2626 postrid.
1183 2562 1224 2615 Id.
1235 2563 1330 2624 Aprilis
1350 2559 1430 2614 1619:
1453 2552 1500 2613 Ill.
1524 2551 1638 2614 Comes.
1689 2551 1742 2612 Ll-

388 2647 465 2702 ierae
487 2648 553 2701 tuas
576 2642 676 2718 accepi
697 2658 723 2703 c.
745 2641 832 2703 finem
846 2642 955 2719 Mertii,
978 2644 1147 2705 ineuntibus
1169 2641 1306 2702 nundinis
1321 2643 1439 2723 postris,
1462 2657 1538 2718 quse
1557 2636 1653 2701 solen't
1676 2657 1740 2701 esse

388 2742 529 2807 perquem
560 2729 766 2789 tumultuosae.
818 2728 901 2807 Quae
923 2731 1011 2808 igitur
1032 2729 1079 2793 111.
1108 2731 1196 2808 Dign.
1219 2729 1286 2789 Tne
1312 2730 1397 2808 petiit
1419 2733 1557 2811 (calculum
1565 2734 1741 2796 astrologicam

388 2822 421 2871 ao
439 2824 541 2883 genesin
559 2814 664 2872 6166611
681 2825 868 2894 pertinentem),
891 2821 990 2880 statim
1011 2824 1046 2878 ut
1067 2819 1150 2898 potui
1163 2818 1266 2879 effecte
1280 2816 1358 2896 dodi,
1381 2833 1458 2897 ques
1478 2817 1603 2893 ecoipiet
1625 2813 1742 2891 adjecta

388 2902 497 2963 charte
539 2901 630 2963 Plurs
651 2920 729 2964 nunc
750 2906 780 2963 in
803 2906 896 2966 turbis
910 2906 1104 2966 nundinarum
1120 2922 1244 2983 nequeo.
1288 2902 1375 2964 Addo
1396 2903 1528 2965 residuas
1543 2902 1666 2982 paginae
1688 2918 1740 2961 ns-

388 3006 445 3067 que
468 2989 506 3051 ed
528 2988 614 3051 fluem
635 2990 774 3066 111611,
797 2990 872 3053 liber
886 2992 911 3055 1.
935 3003 964 3054 ei
979 2992 1019 3053 11.
1044 2993 1213 3073 propediem
1234 2992 1289 3053 sub
1311 2992 1424 3071 prelum
1445 2993 1584 3052 mittetur.
1623 2989 1669 3049 De
1684 3007 1740 3070 ep-

387 3076 510 3156 peudice
532 3094 603 3141 sero
625 3079 696 3138 milri
718 3081 899 3141 renunciesit
921 3080 1131 3161 typographus
1168 3079 1273 3158 Itequc
1295 3081 1392 3157 cogito
1413 3079 1495 3141 illam
1515 3079 1632 3138 mittere
1646 3076 1741 3137 Fren-

355 3198 360 3213 ·
387 3164 539 3225 coiurtum.
584 3165 661 3228 1616
683 3165 782 3228 Decus
796 3165 978 3231 Nobilitatis.

1295 3252 1403 3313 illustr.
1427 3253 1465 3314 D.
1487 3250 1523 3312 Τ.
1548 3251 1695 3313 6111616666

1397 3339 1430 3401 J.
1454 3338 1613 3417 Keplertes.

476 3467 652 3520 liisnchns
677 3471 707 3520 ln
729 3471 810 3520 111616
829 3469 853 3519 d.
872 3469 895 3524 1.
913 3469 970 3520 166.
995 3466 1066 3523 1620
1094 3470 1175 3520 emico
1197 3470 1333 3530 exprobret
1356 3467 1465 3530 lieplero
1489 3466 1619 3519 silentium
1642 3467 1741 3517 dintur-

387 3551 456 3603 num,
476 3539 572 3589 eddone
589 3541 682 3590 librum
701 3540 800 3606 (Ptrere
824 3542 921 3591 interno
944 3541 992 3590 6111
1015 3542 1135 3591 66666166
1159 3541 1204 3589 ebe
1225 3552 1289 3588 sono
1310 3552 1383 3601 sopre
1406 3539 1505 3589 menico
1529 3526 1571 3588 del
1588 3537 1689 3590 coltello
1707 3538 1739 3588 do

387 3607 412 3658 S.
431 3608 514 3659 Pietro
534 3606 595 3676 otc.)
621 3624 712 3676 „quem
735 3617 820 3662 nostre
844 3611 936 3661 excudi
954 3610 1107 3661 desiderauit
1124 3605 1292 3673 respublica‘·.
1328 3608 1452 3671 Keplerns
1470 3609 1509 3658 his
1527 3607 1626 3672 culpem
1643 3606 1739 3658 silentii

386 3687 476 3736 diluit:
493 3680 694 3743 illustrissime
710 3680 823 3744 Comes.
861 3681 910 3742 Ab
931 3683 969 3741 iis
989 3681 1092 3757 literis,
1117 3697 1190 3758 ques
1213 3679 1286 3758 prid.
1302 3678 1346 3739 ld.
1362 3679 1462 3739 Martii
1484 3698 1512 3740 6.
1539 3681 1621 3741 1619
1644 3682 1738 3759 scrip-

386 3770 458 3843 sisti,
481 3770 589 3848 primas
612 3786 688 3831 nnnc
710 3771 822 3851 occipio
845 3768 907 3830 cel.
930 3767 1000 3830 Jan.
1029 3769 1112 3829 leno
1135 3770 1276 3845 signatas.
1321 3765 1396 3828 Cum
1417 3769 1494 3827 eninr
1523 3775 1666 3829 mercator
1687 3767 1738 3827 1116

385 3854 535 3937 Venetus,
558 3855 688 3936 Schopsr
711 3856 823 3939 dictus,
854 3856 985 3935 ejusdem
1008 3858 1176 3918 mercatoris
1199 3854 1360 3916 Wolsensis
1382 3857 1502 3932 negotis
1524 3853 1658 3917 Venetils
1680 3872 1736 3932 ge·

383 3951 444 4015 ret,
473 3945 556 4022 cujus
585 3947 705 4023 negotis
727 3944 820 4006 Lincii
849 3947 925 4023 gerit
945 3944 1187 4023 Pergheimerus,
1214 3942 1317 4021 plenus
1349 3958 1404 4019 ego
1426 3941 1627 4004 edmiretionis
1648 3958 1737 4022 super

384 4037 436 4091 tuo
459 4031 576 4093 silentio
599 4031 731 4109 quotidie
753 4034 813 4094 iere
834 4035 946 4094 6666661
967 4039 1121 4111 rogatum,
1151 4046 1222 4090 num
1244 4029 1314 4108 quid
1336 4029 1469 4090 Venetiis
1498 4032 1643 4109 occeperit
1664 4029 1735 4090 lite·

316 4166 320 4173 .
383 4136 495 4199 nerum,
525 4119 646 4196 jamque
669 4124 806 4181 convenit
836 4116 1003 4199 internos,
1030 4119 1221 4179 scriberemus
1250 4116 1288 4177 ed
1310 4114 1507 4196 Schoporum,
1539 4124 1676 4196 regentes
1698 4117 1734 4178 de

382 4206 469 4267 rebus
491 4204 538 4265 Ill.
562 4206 640 4271 cler.
663 4207 746 4269 1666
752 4252 763 4288 ,
786 4225 914 4284 quonam
936 4213 1033 4267 esseut
1055 4205 1123 4266 illae
1146 4205 1222 4266 1666.
1265 4204 1350 4266 Nunc
1371 4204 1542 4266 fasciculum
1564 4207 1654 4266 istum
1674 4222 1734 4266 non

383 4291 624 4375 Perglrelmerns,
655 4290 1320 4371 66616661161668611616166661611616166
1344 4292 1443 4352 attulit
1475 4291 1614 4371 deditque
1636 4292 1733 4355 tebal-

384 4378 457 4440 1666
479 4378 532 4441 6111
555 4379 688 4443 Linclnm
710 4382 836 4444 currenti
866 4390 895 4442 et
916 4380 1077 4442 mercedem
1100 4380 1265 4442 cursoribus
1287 4378 1414 4458 publicis
1444 4378 1618 4443 solvendum
1645 4400 1665 4442 6
1685 4397 1732 4443 me

382 4471 489 4545 exegit.
533 4467 598 4528 Nisi
620 4470 725 4530 feliunt
747 4484 793 4529 me
815 4472 889 4530 istae
904 4469 1149 4547 circumstentlee,
1170 4467 1304 4546 repudiet
1321 4474 1463 4529 memte
1476 4467 1638 4530 1161666616
1659 4469 1733 4529 beet

381 4555 580 4636 internuncia,
607 4557 681 4618 forte
704 4558 774 4635 quis
794 4572 846 4633 per
868 4555 1068 4634 Schopperom
1090 4557 1146 4634 ipsi
1168 4559 1319 4632 negotium
1343 4554 1458 4635 dedisti,
1484 4555 1656 4619 numerendl
1677 4573 1732 4636 pe-

382 4644 483 4703 cunias
504 4659 558 4720 pro
580 4642 678 4721 libris;
701 4662 769 4704 nam
790 4645 936 4722 occeperis
958 4642 1049 4703 libros
1064 4658 1164 4716 66666,
1189 4642 1355 4703 adhucdum
1368 4646 1495 4703 incertos
1514 4660 1589 4718 sum,
1611 4643 1732 4705 iliense-

382 4747 456 4806 666,
484 4729 592 4807 quibus
614 4730 645 4790 id
667 4731 769 4808 procui
791 4731 881 4793 dubio
902 4729 1093 4811 significasti,
1119 4729 1222 4792 fraude
1244 4728 1346 4791 lelium
1368 4731 1548 4793 6166666666
1574 4726 1731 4794 intercide·

380 4824 456 4877 runt
500 4816 606 4893 Itaque
628 4825 709 4877 retus
723 4821 886 4881 occasione
906 4816 1055 4893 utendum,
1079 4816 1182 4878 eedem
1202 4818 1253 4877 sia
1275 4819 1436 4896 evestigio
1458 4820 1616 4880 resenbore
1637 4819 1732 4897 volni,

381 4910 415 4966 ut
436 4905 534 4982 sones,
557 4902 630 4983 quid
651 4912 793 4983 ageretur.
838 4905 952 4984 Quodsi
973 4907 1166 4986 rescripseris,
1188 4907 1374 4967 occisionem
1395 4905 1526 4985 ostende,
1549 4922 1609 4986 qne
1631 4912 1731 4969 nans·
