3872 5846
374 334 439 394 aaa
811 332 854 388 De
868 334 1097 404 limportionibmi
1112 332 1291 391 Harmonicis.

375 524 593 586 quarumnam
620 512 659 571 sii
689 514 830 586 varietas,
860 513 948 595 nullis
975 526 1104 590 unquam
1134 514 1250 590 lmibus
1278 514 1347 597 illae
1370 514 1575 590 comprehendi
1599 524 1732 591 possunt

375 598 488 657 Neutra
508 600 600 675 igitur
620 601 693 658 ratio
716 617 767 676 per
783 600 893 659 sesols
909 607 1006 660 tuetur
1021 601 1213 677 respublicas,
1237 601 1289 661 seri
1304 601 1470 661 miscendas
1493 602 1578 661 docet
1592 603 1732 674 lindinra,

375 695 410 745 ut
432 694 462 745 ei
483 685 564 761 leges
587 688 655 761 slat,
678 687 739 746 sed
753 704 875 764 paucae,
898 690 969 764 qaia
991 689 1090 764 legum
1113 688 1270 748 multitudo
1293 703 1379 766 seges
1400 697 1446 749 est
1468 690 1614 751 uberrium
1628 691 1733 758 litium,

376 780 406 832 et
428 773 521 832 multa
549 775 738 849 magistratus
765 776 885 837 arbitrio
913 783 1115 848 reserventur,
1144 793 1203 835 non
1231 777 1311 836 iacta
1330 784 1446 836 tantum
1474 778 1649 853 singularia,
1681 779 1733 838 sed

377 863 466 921 stiam
497 862 628 937 integrae
658 861 819 922 nonnullae
838 863 990 926 ,factorum
1019 866 1132 940 species
1162 871 1317 940 certaeque
1344 864 1425 924 aliea
1450 864 1549 941 legum
1582 868 1731 938 maurice,

377 948 517 1026 imprimis
544 964 704 1025 menarum
735 951 861 1011 intensio
890 956 921 1009 et
946 952 1080 1019 remissio
1111 951 1267 1027 legumque
1303 953 1432 1027 ipsarum
1469 954 1669 1029 ¹rnterpretatin
1701 963 1732 1012 et

377 1036 415 1096 ad
446 1036 515 1095 laeti
545 1039 778 1097 mirumstentias
807 1037 975 1114 applicatio.
1021 1038 1080 1098 Hic
1109 1055 1168 1097 non
1197 1040 1241 1098 da·
1257 1038 1363 1114 triplici
1383 1042 1457 1115 reip.
1481 1040 1590 1114 forma,
1619 1041 1671 1099 sed
1695 1040 1732 1100 de

377 1123 607 1200 uuiuscujusque
626 1124 807 1200 gubernandi
835 1126 929 1185 forma
952 1125 1059 1201 tripiici
1082 1128 1194 1202 agitur3
1223 1144 1304 1185 mera
1332 1126 1491 1202 aequitatis
1513 1128 1605 1200 rado,
1636 1127 1734 1187 soluta

377 1211 503 1289 iegibus,
526 1219 575 1271 eet
594 1214 796 1273 anstocratiea
818 1212 1002 1290 gubernandi
1023 1214 1108 1286 ratio,
1133 1215 1221 1273 etiarn
1241 1216 1270 1271 in
1285 1213 1420 1291 populari
1441 1216 1628 1290 inqueregio
1643 1222 1732 1275 stite.
1766 1278 1769 1282 Α

379 1298 494 1374 Legum
514 1300 633 1359 vincula
654 1300 896 1376 gubernationem
910 1300 1083 1378 popularem
1105 1300 1225 1374 sedunt,
1250 1304 1338 1361 etiam
1361 1304 1390 1358 in
1405 1304 1496 1377 regio.
1542 1302 1581 1360 At
1602 1304 1629 1361 sl
1653 1303 1734 1379 leges

380 1386 500 1473 quidem
521 1389 588 1459 sint,
613 1388 648 1446 iis
673 1405 742 1448 vero
766 1386 920 1464 derogetur
942 1389 972 1445 ln
995 1388 1061 1447 looo
1085 1396 1114 1449 et
1137 1396 1267 1466 ternpore
1295 1404 1348 1465 pro
1371 1389 1492 1449 arbibio
1519 1384 1733 1463 gubernatoris,

378 1490 397 1533 a
418 1490 534 1533 summa
556 1482 702 1551 potestate
726 1478 894 1555 constituti,
917 1477 1094 1552 gubernator
1115 1477 1187 1549 iste,
1211 1476 1280 1536 licet
1301 1494 1322 1535 a
1343 1475 1455 1552 populo
1479 1475 1576 1550 detur,
1601 1477 1734 1552 regulum

379 1560 528 1637 quendam
550 1564 621 1638 agit.
668 1561 757 1622 Tales
780 1562 951 1640 plerumque
974 1561 1123 1641 praesides
1145 1566 1371 1640 prouinciarum.
1417 1563 1558 1639 inigitur
1579 1573 1631 1624 aut
1653 1562 1734 1640 leges

377 1649 531 1722 observat,
559 1654 613 1708 aut
636 1667 672 1708 ex
692 1666 790 1726 aequo
811 1651 938 1726 judicat,
967 1659 1105 1725 eatenus,
1138 1650 1207 1711 dura
1230 1654 1302 1728 reip.
1325 1650 1406 1711 salus
1427 1653 1555 1727 patitur3
1586 1654 1611 1709 si
1637 1668 1732 1724 secus,

377 1752 436 1795 non
457 1735 575 1802 dubitat
602 1738 775 1797 exorbitare.
824 1736 862 1797 Ut
889 1741 914 1797 si
943 1741 1009 1814 quis
1042 1740 1263 1816 proportionum
1287 1741 1414 1815 speeies,
1447 1755 1523 1813 quae
1550 1738 1732 1799 harmoniam

377 1825 497 1895 lamani,
522 1823 666 1897 admittat,
690 1833 723 1884 nt
746 1828 775 1898 2,
801 1827 830 1899 ii,
854 1829 882 1897 4,
903 1814 955 1885 'rel
982 1829 1007 1899 i,
1033 1829 1062 1897 i,
1087 1829 1115 1899 4,
1140 1844 1217 1902 quse
1241 1826 1471 1898 dissonantiam,
1494 1843 1545 1889 eas
1566 1827 1665 1887 turbet
1687 1829 1734 1884 in·

376 1926 434 1989 que
457 1920 652 1974 consonanter
675 1920 842 1983 commutet,
867 1920 900 1971 ut
925 1916 956 1986 l,
981 1916 1016 1985 3,
1043 1915 1060 1973 ti
1084 1916 1114 1970 in
1141 1917 1171 1985 i,
1197 1916 1232 1984 e,
1258 1915 1276 1973 8
1300 1920 1330 1973 et
1352 1913 1390 1986 b,
1416 1914 1451 1991 5,
1476 1917 1492 1969 i
1518 1915 1548 1972 in
1571 1914 1609 1985 3,
1644 1917 1678 1983 5,
1703 1917 1733 1971 s.

463 1998 505 2057 X.
529 1998 564 2058 In
587 1999 703 2075 legibus
726 2002 808 2076 ipsis,
831 2018 907 2076 qnae
927 2008 999 2059 aunt
1020 1999 1058 2061 ds
1081 1999 1197 2061 mulctis
1219 2002 1405 2076 peeurriariis,
1430 2001 1641 2076 utplurimum
1665 2004 1735 2077 qui-

375 2086 444 2148 dem
465 2086 649 2149 arithmetica
671 2096 807 2148 curatur
829 2086 1004 2165 aeqrraliias,
1027 2097 1060 2147 ut
1082 2088 1223 2148 muletam
1245 2088 1360 2164 legibus
1383 2094 1524 2149 sannen
1547 2087 1648 2147 solvat
1669 2091 1736 2164 qni-

376 2190 492 2252 ouuque
515 2174 652 2252 deliquit,
680 2177 745 2235 sire
768 2175 853 2236 dires
873 2176 939 2236 sira
961 2192 1081 2252 pauper.
1128 2176 1236 2255 Videre
1265 2183 1363 2235 temen
1388 2182 1446 2248 est,
1477 2176 1527 2234 ubi
1559 2185 1589 2234 et
1615 2192 1736 2252 geonic-

377 2264 451 2323 trloa
473 2260 635 2323 similitudo
657 2265 710 2336 sit,
741 2271 775 2322 ut
796 2264 821 2321 si
844 2262 956 2323 mulcta
977 2265 1084 2341 cuique
1107 2280 1160 2340 pro
1183 2266 1297 2322 rabone
1321 2278 1426 2323 census
1448 2265 1604 2338 irrogetur,
1634 2272 1690 2323 aut
1708 2264 1735 2322 si

377 2361 485 2411 temere
515 2350 634 2427 litigans
664 2350 826 2428 aliquotam
853 2358 967 2428 partem
996 2356 1112 2417 amittat
1140 2353 1314 2411 aestimatae
1341 2350 1410 2409 litis.
1456 2349 1508 2409 sis
1532 2359 1631 2409 autem
1663 2354 1737 2411 inter

377 2436 541 2514 locupletes
561 2454 664 2498 omme
686 2439 782 2515 major
802 2437 904 2514 aliqua
926 2438 1037 2509 mulcta
1059 2446 1256 2515 nuncupetur,
1281 2440 1364 2498 inter
1378 2445 1481 2497 tenues
1504 2437 1615 2507 leuior,
1640 2455 1735 2515 seqre

377 2544 395 2584 a
418 2523 542 2600 siugulis
565 2526 709 2602 utiusque
740 2524 850 2585 ordinis
873 2527 1007 2600 exigatur
1036 2527 1214 2602 aequaliter,
1243 2532 1506 2601 temperamentum
1536 2524 1566 2583 id
1590 2527 1646 2585 erit
1667 2540 1737 2602 pro·

376 2613 529 2690 portionis,
554 2612 669 2674 Bodlno
692 2612 788 2673 dictae
810 2613 1006 2672 harmonicae.
1030 2613 1117 2672 ·Non
1141 2620 1290 2672 mutantur
1305 2613 1355 2673 hie
1375 2615 1601 2689 proportionum
1615 2615 1736 2690 melas,

378 2699 432 2761 sed
456 2707 755 2777 compescebantur
778 2699 989 2761 distribuuntur
1011 2702 1110 2776 potius
1127 2702 1157 2758 in
1174 2700 1312 2760 (intincta
1327 2699 1470 2775 subjecta,
1497 2698 1535 2758 ad
1551 2700 1628 2760 idem
1643 2700 1746 2760 totum

376 2789 562 2866 pennensis·
749 2800 753 2809 ⁴
792 2800 796 2805 ’
1656 2820 1667 2839 s
1749 2842 1754 2855 ,

463 2875 521 2936 xl.
546 2875 642 2951 Leges
673 2877 831 2937 vestiariae
858 2873 1015 2952 plurimum
1046 2874 1156 2934 habent
1192 2874 1232 2934 de
1259 2875 1447 2951 proportione
1475 2875 1671 2950 geometrica,
1706 2883 1740 2933 ut

376 2969 488 3038 quanto
511 2964 637 3040 quisque
660 2963 757 3023 aitlorl
782 2963 933 3040 dignitatis
956 2960 1050 3038 gradu
1075 2963 1220 3034 comistit,
1250 2969 1334 3021 tauto
1355 2964 1511 3038 pretiosior
1534 2963 1562 3021 ei
1583 2964 1739 3039 permitta-

377 3059 424 3110 tor
446 3054 568 3110 ornatus
590 3053 733 3125 restium3
755 3050 926 3133 aequalitas·
942 3050 1127 3109 arithmetica
1148 3049 1343 3108 intolerabilis
1369 3049 1420 3107 irie
1441 3057 1494 3109 est.
1539 3048 1617 3124 Quia
1640 3057 1739 3109 samm

376 3154 474 3213 neque
494 3137 560 3199 sola
581 3141 710 3199 variatas
733 3137 867 3197 ordinum
891 3140 921 3195 in
945 3138 1053 3197 vestita
1076 3136 1293 3197 distinctionem
1320 3136 1466 3213 postulat,
1492 3136 1545 3199 sed
1568 3137 1669 3212 &qua
1691 3138 1740 3196 iric

375 3227 453 3285 rabo
475 3225 613 3286 habenda
634 3229 799 3302 copiarum,
835 3224 937 3301 aliqua
964 3226 1146 3296 meritorum,
1180 3242 1276 3300 neque
1299 3223 1386 3284 facile
1416 3240 1517 3284 omnes
1535 3224 1659 3284 ordines
1682 3242 1740 3284 rrna

249 3340 257 3353 ι
376 3312 442 3390 iege
465 3322 590 3391 masura
612 3315 779 3372 enunciari:
802 3320 1064 3389 temperamentum
1086 3311 1205 3388 aliquod
1230 3313 1383 3388 utriusque
1411 3312 1738 3388 proportionisspartim

376 3401 492 3478 legibus
520 3403 592 3478 ipsis
617 3403 707 3460 inseri
731 3398 822 3473 solet,
858 3401 961 3477 partim
983 3400 1112 3459 rarbitrio
1134 3400 1352 3459 moderatorum
1376 3401 1560 3476 permittitur.
1607 3399 1640 3456 id
1663 3408 1739 3457 tem-

374 3497 576 3565 perammtam
600 3487 735 3547 Bodinss
749 3487 961 3547 narmonnum
983 3494 1093 3560 censet,
1117 3489 1187 3562 quia
1203 3486 1373 3545 barmoniae
1396 3486 1600 3561 conjunctione
1616 3485 1739 3545 daarnm

374 3577 539 3653 specierum
561 3577 756 3654 proportionis
779 3574 889 3634 delinit.
935 3574 1008 3633 idibi
1030 3574 1230 3634 harmonicum
1252 3591 1313 3633 aaa
1328 3582 1383 3635 esti
1408 3591 1474 3633 eum
1493 3573 1646 3634 affectam
1669 3591 1740 3651 pro-

376 3666 473 3741 portio
495 3663 556 3722 alia
578 3672 608 3722 et
621 3663 1003 3740 exprimereturperlecte,
1027 3663 1053 3720 ai
1075 3658 1193 3738 posset·

464 3750 538 3812 XII.
564 3749 646 3825 idem
668 3752 728 3810 iere
750 3748 787 3809 de
810 3751 848 3808 iis
870 3748 987 3821 legibus
1010 3748 1180 3820 dicendum,
1204 3764 1281 3825 quae
1305 3766 1371 3809 cum
1394 3748 1435 3808 de
1451 3749 1556 3825 poenis
1579 3750 1647 3821 sint,
1672 3766 1739 3825 per-

379 3854 467 3897 sonas
492 3836 620 3899 illustras
641 3837 773 3913 periculo
796 3837 911 3914 capitis,
936 3836 1049 3896 nobiles
1073 3837 1233 3914 suspendio
1256 3840 1387 3896 eximunt
1410 3850 1629 3915 poenarumque
1644 3850 1739 3909 genas

376 3931 575 3998 commutarat,
606 3942 687 3984 more
708 3942 729 3983 a
750 3924 882 4001 piurimis
904 3924 1043 4000 gentibus
1065 3933 1193 4001 recepto.
1240 3925 1317 3984 Nam
1339 3943 1421 3998 reor,
1452 3922 1626 3999 digrritaiem
1648 3939 1739 3998 quam

378 4012 510 4072 babebat
532 4015 685 4084 amittens,
715 4013 835 4087 granius
857 4011 915 4072 boe
937 4010 1080 4072 dedemrs
1102 4016 1222 4088 punitur
1245 4008 1440 4093 (geometrica
1461 4010 1529 4086 lege
1555 4011 1737 4085 absmarus),

378 4118 467 4176 quam
490 4100 531 4172 ai,
554 4102 605 4176 qui
628 4098 825 4176 indignitate
848 4098 930 4159 nulla
952 4101 1024 4173 luit,
1049 4101 1139 4176 virgis
1162 4099 1303 4160 caedatur
1325 4100 1458 4175 publice;
1485 4097 1740 4173 itaque-dissimi-

377 4188 448 4248 iiam
472 4204 632 4264 poenarum
654 4186 819 4261 mundius
839 4186 983 4261 quaedam
1007 4205 1072 4249 esse
1095 4195 1192 4264 potest
1205 4195 1245 4246 -et
1267 4185 1433 4245 distributio
1456 4185 1628 4247 harmonica
1647 4202 1739 4247 sensu

378 4274 496 4349 Bodini,
520 4277 570 4352 qul
595 4274 644 4335 bie
665 4272 854 4335 Aristotelem
876 4274 980 4351 rejicit,
1002 4278 1055 4351 qui
1071 4278 1108 4333 tn
1129 4275 1269 4351 praemiis
1292 4272 1410 4349 quidem
1433 4276 1641 4349 geometricam
1667 4291 1739 4350 pro·

382 4365 560 4441 portionem,
582 4365 611 4422 iu
634 4362 738 4439 poenis
761 4378 831 4422 rero
854 4362 1067 4422 arithmeticam
1090 4362 1265 4423 servandam
1290 4362 1437 4420 docuerat.

465 4450 555 4511 xiii,
579 4451 631 4509 Est
659 4458 691 4510 et
715 4449 777 4509 aila
802 4450 832 4506 in
865 4448 983 4526 legibus
1014 4449 1191 4526 poenalibus
1222 4447 1415 4508 observabilis
1449 4449 1599 4524 proportio
1633 4446 1737 4507 eodem

377 4545 624 4613 temperamento,
654 4555 733 4614 quae
756 4553 814 4596 non
837 4534 1055 4614 delinquentem
1078 4538 1201 4608 attinet,
1230 4534 1285 4595 aed
1307 4550 1453 4611 personae
1474 4528 1573 4597 laesae
1596 4534 1738 4597 bonorem

376 4634 407 4685 et
429 4623 599 4685 vindictam.
646 4624 775 4685 Grarlrrs
798 4625 876 4683 enim
897 4626 1030 4700 panitur,
1063 4627 1113 4699 qui
1137 4626 1296 4700 principem
1317 4624 1465 4697 ciritatia,
1495 4624 1588 4699 quire
1608 4640 1737 4682 trane

378 4711 506 4790 collegio
529 4710 688 4772 electorum
711 4710 833 4782 mddit,
863 4727 951 4786 quam
975 4714 1024 4786 qui
1047 4711 1224 4787 agricolam
1256 4712 1376 4786 grnrim
1404 4712 1455 4787 qui
1479 4710 1620 4787 liberum,
1649 4728 1738 4787 mam

378 4801 430 4878 qui
452 4816 578 4861 somam.
624 4800 700 4860 liam
728 4800 784 4860 atsi
807 4797 883 4858 baec
904 4800 1033 4859 varietas
1060 4799 1099 4863 ad
1121 4799 1330 4875 geometricam
1359 4806 1405 4859 est
1425 4796 1579 4858 menda
1593 4798 1738 4858 -simiiita-
