3822 5866
784 394 874 453 Notae
889 395 1019 454 Editoris
1510 400 1574 461 493

227 573 361 622 exterioris
379 576 403 622 ot
420 571 531 635 vulgaris
548 577 687 636 respectum
706 588 759 623 esse
777 574 937 639 laudabilem,
955 587 1001 623 uso
1012 586 1063 623 non
1080 572 1237 622 inventiones
1254 586 1298 621 sau
1317 571 1504 639 observationes
1516 586 1575 623 suas

225 645 330 691 minimo
349 644 514 706 spernendasr
542 644 575 697 ad
592 644 716 693 mathesin
738 657 796 693 roro
813 641 940 692 formalem
965 650 990 693 et
1006 644 1154 705 originalem
1165 644 1203 690 ita
1220 656 1276 691 eam
1298 656 1325 692 se
1343 640 1433 692 habere
1451 642 1519 709 dieo,
1547 649 1577 693 ut

224 714 263 761 rei
283 713 372 775 umbra
389 713 421 762 sd
439 717 494 775 ejus
511 713 662 764 realitatem:
681 714 771 767 umbra
788 719 826 763 ost
841 715 968 779 tentetis,
987 713 1032 762 sed
1049 727 1100 762 non
1117 713 1174 775 ipsa
1191 714 1283 762 soritas
1310 751 1316 763 .
1337 749 1353 771 ,Δ
1363 749 1473 765 .....

317 782 398 831 Multa
415 781 467 832 alia
484 787 512 832 tu
530 785 571 832 hio
588 782 684 845 profore
711 797 762 832 non
787 785 870 845 magni
888 785 1020 849 momenti,
1048 797 1111 847 ques
1135 783 1220 831 omnia
1246 782 1415 831 adamussim
1434 784 1589 833 examinaro

225 853 304 901 nimis
328 852 442 902 fortassis
461 852 595 907 lectoribus
621 851 724 916 longum
751 855 816 904 ioret
841 860 914 917 atquo
939 853 1092 918 taediosum,
1120 864 1198 915 quare
1223 853 1294 915 ipsos
1320 851 1355 901 ad
1371 865 1440 902 meae
1458 854 1576 916 Antlysis

227 924 439 972 examinationem
456 925 564 973 remitto.

316 1018 359 1090 tt)
377 1041 433 1089 pag.
451 1030 510 1077 tid.
548 1027 707 1077 Fluddins
730 1030 756 1078 in
777 1029 928 1089 „Discursu“
957 1031 1020 1081 haee
1037 1031 1113 1081 dixit:
1136 1030 1208 1081 liuno
1224 1029 1335 1079 ioannes
1356 1029 1398 1077 hia
1415 1033 1500 1078 nostor
1517 1044 1574 1079 oum

229 1098 329 1158 egregia
342 1110 406 1159 *suso
424 1098 545 1146 uictoriae
563 1099 734 1160 pubiioationo
752 1099 886 1163 appendici
903 1101 962 1150 huie
983 1115 1043 1150 suaa
1060 1102 1135 1150 inam
1151 1102 1279 1163 imponere
1296 1099 1386 1163 gestit,
1409 1100 1502 1161 inquo
1519 1098 1576 1148 lau-

226 1166 301 1216 dibus
319 1168 372 1215 suis
390 1180 498 1229 peronne
517 1163 663 1235 (existimat)
681 1174 868 1219 mouumentum
887 1170 990 1220 condere
1010 1172 1149 1231 iamsmquo
1167 1184 1261 1233 msam,
1283 1166 1469 1233 qualisqualis
1486 1171 1532 1233 sit,
1549 1172 1577 1219 in

226 1235 356 1286 dedeooris
380 1238 511 1297 abyssum¹
525 1232 655 1287 detrudere
681 1242 758 1300 atquo
781 1242 808 1288 iu
833 1240 989 1301 ignorantiae
1013 1242 1177 1301 inseitiaaque
1204 1242 1327 1301 gurgitem
1344 1240 1510 1302 praecipitare
1528 1241 1578 1306 sibi

226 1307 356 1369 proponit,
381 1311 410 1354 ut
426 1308 464 1355 ite
481 1306 584 1356 fortuna
607 1321 664 1357 msa
680 1309 812 1370 gloriosior
834 1309 951 1371 ¹videatur
975 1309 1068 1361 mundo
1087 1313 1140 1372 ejus
1159 1311 1306 1374 triumphus.
1342 1310 1376 1357 Et
1393 1322 1455 1358 saus
1472 1310 1576 1375 ituatur,

227 1377 250 1424 si
266 1377 372 1438 poterit,
398 1383 514 1439 tropaeo,
537 1377 606 1442 qnod
632 1379 706 1439 igere
734 1380 854 1443 speravit.
891 1382 990 1433 Verum,
1008 1394 1116 1445 aequum
1134 1381 1193 1445 erit,
1219 1386 1248 1428 ut
1269 1379 1361 1429 soritas
1382 1377 1466 1428 losum
1484 1380 1578 1428 habeat

231 1445 382 1506 iaisitasqua
400 1446 431 1494 ad
449 1448 565 1496 tenebras
583 1447 682 1511 polaras
699 1451 726 1497 in
745 1448 848 1498 exillum
865 1452 986 1512 relegetur
987 1487 1100 1503 .....
1120 1449 1189 1499 Meas
1206 1449 1309 1515 quidem
1325 1450 1500 1512 proportiones
1517 1450 1576 1497 har·

229 1516 346 1565 monicae
372 1516 403 1564 ab
421 1518 612 1566 toouratissima
638 1517 876 1568 demonstrationum
901 1521 1132 1575 mathematioarum
1159 1520 1308 1569 certitudine
1325 1520 1456 1569 recessisse
1472 1519 1576 1585 judicat,

230 1586 348 1648 quoniam
367 1587 394 1634 in
413 1587 518 1635 mathesi
535 1588 633 1648 vulgari
650 1594 774 1652 uersatur3
799 1589 829 1638 de
847 1590 893 1639 iila
909 1605 968 1640 saro
985 1591 1096 1640 naturali
1118 1595 1143 1639 et
1159 1605 1215 1639 sera
1235 1587 1334 1638 formali
1356 1600 1486 1650 nunquam
1504 1602 1577 1651 pruo-

227 1653 322 1704 libasse
339 1655 447 1708 ridetur.
484 1655 559 1717 Quod
582 1672 638 1706 aum
656 1659 693 1706 ita
709 1660 755 1722 sit,
779 1660 933 1721 impossibiie
956 1675 970 1709 a
988 1662 1106 1725 sapiente
1127 1662 1313 1724 aestimabitur,
1340 1664 1369 1707 ut
1385 1659 1446 1709 talis
1462 1664 1528 1708 reate
1546 1658 1578 1707 ds

228 1723 354 1774 coloribus
370 1725 478 1789 judicet,
504 1731 577 1789 quem
594 1726 658 1777 lueis
677 1732 702 1777 et
718 1730 875 1778 tenebrarum
897 1731 923 1778 in
940 1732 1055 1781 maehina
1071 1731 1201 1782 mundana
1224 1732 1326 1780 oiiootus
1343 1742 1395 1778 nou
1412 1729 1486 1779 modo
1503 1730 1577 1791 igno-

228 1809 294 1862 rero,
313 1808 399 1845 sarum
417 1796 494 1845 etiam
512 1810 553 1846 ore
571 1796 632 1847 duro
651 1799 776 1860 abnegare
793 1813 844 1848 non
861 1800 937 1862 pigot
1531 1804 1533 1809 '

315 1894 358 1964 oti)
376 1890 433 1960 pag'.
452 1901 512 1949 461.
548 1900 702 1952 Fluddius
719 1917 777 1966 pag.
797 1905 837 1956 ot.
856 1910 881 1953 et
898 1907 939 1954 39.
960 1907 1000 1954 sui
1019 1902 1325 1968 „Disoursueinslytioff
1347 1918 1469 1969 summam
1492 1918 1577 1955 eorum

229 1970 355 2030 proponit,
373 1982 438 2032 quas
456 1970 483 2018 in
500 1972 642 2032 praemissis
661 1979 747 2023 ooutm
764 1974 899 2038 Keplerum
923 1981 948 2024 ot
970 1989 1015 2038 pro
1033 1991 1081 2025 sua
1098 1976 1267 2037 „Harmonw
1287 1973 1423 2025 multorum
1447 1976 1578 2025 sorborum

228 2039 322 2156 3013OE
329 2038 435 2156 dilimti
450 2040 603 2158 τίΙιιιζιῖΙρείι
628 2041 693 2093 hano
716 2048 823 2105 partem:
853 2044 1012 2107 Comparatio
1030 2047 1183 2095 Harmoniae
1203 2043 1273 2094 meat
1291 2044 1434 2095 iiuudauas
1461 2042 1579 2094 oum-ilia

229 2120 300 2225 ‚ier
323 2121 539 2238 &iiiiii
562 2110 1020 2248 iiitiiit'tt‘ttiitiii‘
1038 2115 1578 2252 tittittij¹¹t⁸ittit⁴irit3

229 2245 349 2309 Kepplori
368 2250 542 2298 ooniirmautia
559 2249 599 2299 ssi
615 2251 778 2303 refellentia.“
814 2256 872 2317 Pap.
890 2259 992 2305 to-ot
1012 2256 1119 2321 deniquo
1131 2256 1228 2319 prodit:
1248 2256 1420 2317 „Testimonia
1431 2260 1482 2306 um
1494 2255 1578 2319 philo·

230 2318 335 2379 sophiae
352 2332 430 2385 quam
447 2319 596 2389 theologiae,
615 2324 776 2374 Harmoniam
793 2331 905 2376 posnam
921 2326 1077 2377 Mundanam
1094 2328 1310 2378 dominantia!
1480 2349 1483 2357 ¹
