3872 5846
373 353 439 412 tiit
787 340 829 396 De
847 336 1112 408 contracertantes
1133 324 1311 399 Hst'monicls.
1413 408 1417 420 ,

372 538 498 585 omnem.
544 523 679 596 [isumus
701 519 800 579 aalma
821 518 900 594 ipsa,
932 530 1053 578 rstsam
1080 518 1110 576 in
1134 518 1191 579 bae
1219 523 1352 600 energia,
1384 532 1429 585 est
1456 530 1608 607 proposita
1640 531 1725 593 nobis

374 612 537 683 hermonis,
560 611 637 668 siem
657 608 721 666 sins
744 612 877 681 respectu
900 603 987 680 brrjus
1010 607 1146 682 energiae
1169 615 1213 667 est
1228 610 1354 670 circulus
1371 612 1493 690 ejusque
1510 634 1587 692 pars,
1611 623 1725 687 termini

374 716 415 759 sc
438 698 623 771 meeber
652 692 830 769 tandemque
851 691 1003 751 harmonia
1032 694 1148 769 penitm
1177 696 1371 758 animilicstur
1401 699 1536 778 adeoque
1565 702 1724 767 deificatur.

870 954 875 967 ·
945 925 1087 997 CAPUT
1115 926 1150 998 il.

462 1075 554 1145 Quot
573 1071 762 1143 qualesque
780 1072 851 1128 siut
870 1071 1003 1126 animae
1021 1042 1212 1128 facultates
1230 1054 1416 1131 secuud'um
1434 1054 1634 1138 harmonias.

461 1221 595 1280 Diximus
616 1218 758 1281 incanus
788 1217 823 1277 de
853 1216 1090 1295 proportionibus
1111 1216 1301 1294 harmonicis,
1332 1221 1404 1297 quid
1435 1222 1505 1284 iliae
1533 1227 1590 1285 sint
1622 1235 1652 1287 et
1673 1230 1724 1290 nbi

375 1311 553 1383 consistant3
575 1322 672 1383 neque
694 1304 762 1364 duro
787 1304 872 1364 nobis
895 1303 1028 1364 ridemur
1064 1304 1199 1381 attigisse
1227 1309 1431 1383 quaestionem
1461 1312 1594 1372 instituto
1625 1325 1727 1377 nostro

373 1397 613 1466 convenientem,
647 1393 727 1469 quod
757 1408 816 1450 non
842 1399 904 1452 tam
931 1394 960 1448 in
990 1392 1061 1468 ipsis
1090 1393 1328 1470 proportionibus
1354 1394 1544 1474 harmonicis,
1577 1417 1666 1476 qnam
1694 1406 1723 1462 in

372 1482 516 1544 incultate
538 1484 652 1541 ssimae
676 1480 861 1552 harmonica,
891 1479 1005 1538 seilicet
1026 1478 1134 1554 agendi
1155 1480 1316 1540 secundum
1338 1487 1557 1561 proportiones,
1582 1497 1723 1552 emeatus.

375 1571 526 1632 idomenus
557 1570 646 1646 igitur
669 1566 704 1627 de
726 1566 963 1644 proportionibus
986 1567 1100 1640 egimus
1123 1583 1214 1627 causa
1237 1569 1364 1647 ipsarum
1396 1575 1557 1648 essentiae,
1588 1592 1666 1637 nune
1687 1576 1723 1637 de

374 1659 479 1718 nedem
501 1656 648 1733 mendum
669 1670 759 1714 causa
781 1656 873 1730 ipsius
897 1655 1023 1712 animae.

459 1744 576 1822 Duplex
598 1751 696 1803 autem
719 1742 843 1802 facultas
870 1743 948 1800 droa
969 1739 1152 1800 harmonicas
1183 1743 1385 1818 proportiones
1412 1747 1527 1820 existit,
1558 1746 1651 1810 altera
1672 1767 1725 1829 per

374 1824 552 1905 discursum,
582 1829 720 1891 mentalis
740 1827 788 1889 rel
811 1830 910 1906 qnasi,
933 1827 1026 1889 altera
1048 1829 1215 1907 operativa3
1245 1838 1276 1889 et
1305 1832 1440 1893 mentalis
1468 1834 1587 1912 quidem
1609 1850 1723 1897 rursum

374 1910 495 1997 duplex:
518 1924 570 1979 aut
591 1920 667 1978 enin
690 1918 842 1976 invectiva
863 1914 1084 1993 proportionum
1106 1917 1234 1992 ipsarum
1260 1933 1297 1978 cx
1318 1920 1474 1981 abstractis
1497 1926 1723 1999 quantitatibus,

373 2016 427 2068 aut
449 2009 581 2083 agintina
607 2021 660 2065 sen
683 2003 919 2065 animadremira
949 2002 1107 2063 electarum
1135 2006 1355 2080 proportionum
1386 2010 1415 2065 in
1438 2010 1526 2070 rebus
1555 2011 1722 2073 sensilibus.

373 2095 511 2156 Facultss
533 2095 639 2169 igitur,
667 2106 746 2168 quas
766 2090 887 2167 indagat
909 2092 1040 2150 rationes
1062 2089 1260 2165 barmonicas,
1293 2100 1339 2152 est
1360 2094 1476 2168 eadem,
1505 2112 1581 2173 quae
1605 2107 1635 2158 et
1656 2099 1726 2159 reli-

373 2198 449 2259 quas
470 2183 608 2240 scientius
630 2187 767 2255 anaeque
789 2177 1000 2254 complectitur,
1024 2179 1113 2237 animi
1136 2178 1248 2238 seilicet
1271 2178 1391 2239 humani
1413 2199 1481 2259 pars
1498 2187 1639 2261 superior.
1679 2187 1724 2248 De

271 2334 280 2347 ,
375 2269 440 2328 Deo
463 2270 541 2328 esim
562 2268 611 2327 bie
635 2265 726 2343 nibd,
752 2271 788 2324 ut
817 2268 868 2341 qni
896 2280 954 2325 nou
985 2263 1116 2325 discursu
1145 2273 1175 2326 et
1196 2265 1294 2327 studio
1324 2270 1478 2346 quippiam
1506 2270 1645 2354 indagat,
1672 2273 1724 2334 sed

373 2359 430 2416 seit
451 2357 490 2416 ab
512 2361 640 2416 aeterno.

461 2442 600 2502 Faustitas
630 2438 699 2514 illa„
713 2454 790 2516 quae
812 2442 1013 2516 proportiones
1044 2439 1158 2500 nobiles
1188 2441 1218 2496 iu
1240 2440 1397 2501 sensilibus
1419 2444 1468 2503 rel
1490 2448 1578 2505 etiam
1606 2448 1639 2505 in
1659 2446 1725 2508 aliis

373 2531 461 2591 rebus
483 2538 565 2588 extra
585 2544 619 2588 se
641 2526 807 2587 connitaris
829 2525 1036 2586 animadvertit
1057 2527 1260 2604 agnoscitque,
1284 2534 1329 2587 est
1351 2530 1469 2590 interior
1490 2535 1607 2594 animae
1628 2534 1724 2595 lacni·-

371 2626 429 2691 sss,
452 2633 556 2675 seusus
578 2617 710 2694 proxime
730 2614 889 2675 informans
910 2623 963 2672 aut
984 2612 1082 2673 adbuc
1104 2613 1230 2685 infertor,
1254 2616 1316 2674 scii.
1332 2622 1448 2677 mnium
1463 2618 1587 2680 facultas
1609 2624 1725 2683 animae

373 2703 489 2777 vitalis,
519 2707 629 2780 quippe
657 2717 733 2778 quae
762 2718 817 2762 nac
845 2700 993 2772 discurrit,
1025 2708 1058 2757 ut
1085 2699 1252 2777 pbilosopbl
1275 2702 1385 2777 solent,
1410 2705 1587 2768 methodovs
1609 2708 1726 2769 adbuc

372 2793 474 2863 utitur,
498 2807 552 2851 nee
573 2794 603 2848 in
625 2789 690 2848 solo
712 2790 788 2848 inest
809 2787 936 2859 bomine,
958 2784 1011 2846 scd
1034 2789 1123 2846 etism
1146 2788 1175 2845 in
1192 2790 1260 2847 teris
1282 2797 1311 2849 et
1338 2791 1501 2866 pecudibus
1525 2795 1615 2872 inque
1628 2797 1726 2856 anima

373 2878 536 2939 sublunari.
581 2876 730 2953 Quaeras,
763 2877 788 2935 si
809 2873 861 2935 illa
890 2890 948 2934 non
972 2889 1093 2950 compos
1116 2871 1265 2935 diseamus
1292 2884 1387 2954 eoque
1416 2896 1477 2939 nun
1499 2884 1593 2957 possit
1619 2900 1726 2961 apprc-

374 2965 502 3027 hendere
532 2967 684 3023 scientiam
717 2962 949 3023 barmonlcarum
978 2963 1215 3039 proportionum,
1249 2964 1325 3024 unde
1353 2981 1425 3041 ergo
1456 2966 1514 3026 boc
1540 2968 1661 3044 babeat,
1693 2978 1726 3030 ut

334 3098 338 3107 .
373 3060 518 3130 agnoscat
539 3051 700 3110 lorinsecus
723 3049 860 3110 oblatas?
903 3049 979 3109 Nam
1002 3064 1161 3125 agnoscere
1183 3058 1237 3125 est,
1260 3059 1410 3111 extusum
1433 3050 1541 3115 sensile
1564 3072 1631 3116 cum
1652 3056 1725 3117 ideis

377 3142 498 3201 internis
528 3136 657 3199 conterre
685 3139 786 3214 eisque
813 3149 975 3212 congruum
999 3136 1141 3212 iutimare.
1187 3136 1274 3213 Quod
1297 3138 1418 3217 pnlclrm
1447 3144 1582 3217 exprimit
1603 3142 1725 3205 Procius

378 3226 524 3287 vocabulo
553 3222 726 3298 nulnum,
758 3221 840 3283 velut
870 3241 886 3283 e
915 3240 1032 3283 somno·
1074 3223 1158 3285 Sicut
1184 3226 1263 3285 enlm
1292 3227 1412 3285 sensilia
1442 3229 1512 3287 ioris
1543 3232 1725 3292 occurrentia

376 3315 488 3374 ladani
509 3329 566 3372 nos
586 3311 730 3372 recordari
753 3327 866 3383 sorum,
898 3326 976 3386 quae
997 3318 1085 3371 antea
1108 3313 1358 3388 cognoveramus,
1387 3315 1430 3373 sie
1456 3315 1635 3378 mathemata
1656 3334 1725 3380 scu·

371 3400 454 3474 silis,
488 3402 514 3459 si
535 3407 749 3476 agnoscuntur,
781 3398 901 3457 eliciunt
930 3400 1020 3474 igitur
1042 3399 1254 3461 intellectualia
1284 3403 1452 3463 arietatus
1480 3407 1662 3482 praesentia,
1693 3415 1728 3466 nt

372 3506 451 3549 nunc
473 3496 543 3547 actu
564 3486 713 3547 reluceant
736 3488 765 3544 in
787 3487 899 3557 anima,
928 3502 1005 3561 qnae
1027 3486 1108 3564 prius
1130 3485 1222 3546 veluti
1253 3489 1309 3548 sub
1333 3489 1401 3547 reio
1422 3492 1572 3566 potentiae
1594 3489 1727 3554 latebant

303 3620 324 3631 ..
348 3556 357 3623 ι’·
375 3579 405 3634 in
427 3590 473 3637 ca
519 3572 674 3650 Quomodo
696 3575 785 3650 igitur
805 3573 970 3651 irruperunt
991 3572 1092 3633 intro?
1134 3570 1319 3650 Respondes,
1345 3577 1462 3636 omnino
1485 3577 1568 3639 ideas
1590 3594 1643 3639 serr
1666 3579 1727 3639 lon-
1805 3624 1807 3627 .

303 3692 307 3719 ι
375 3664 467 3723 males
488 3664 618 3724 rationes
640 3661 888 3733 harmonicamm,
906 3668 945 3737 ,ut
967 3657 1003 3719 de
1026 3661 1062 3718 iis
1084 3676 1174 3737 supra
1196 3663 1423 3743 disserebamus,
1454 3666 1550 3725 inesse
1574 3667 1627 3745 ils,
1651 3680 1727 3743 quae

320 3752 324 3795 i
374 3749 433 3810 bac
454 3746 634 3827 agnoscendi
662 3747 801 3808 laenitate
822 3747 949 3825 pollent,
978 3746 1030 3806 sed
1060 3760 1118 3805 nnn
1150 3745 1266 3808 demum
1289 3752 1444 3809 introrsum
1473 3754 1563 3829 recipi
1591 3766 1642 3831 per
1664 3753 1726 3813 dis-

373 3852 501 3910 eursnm,
525 3838 595 3913 quin
616 3838 715 3912 potius
738 3852 773 3896 er
796 3836 934 3895 instinctu
956 3833 1082 3893 naturali
1103 3832 1269 3913 dependere
1291 3838 1386 3914 iisqne
1402 3843 1547 3914 connasci,
1572 3848 1605 3899 ut
1626 3838 1726 3901 formis

374 3925 543 4003 plantatim
573 3925 759 3984 connascitur
785 3934 921 3982 numerus
945 3916 1008 4002 (res
1030 3918 1253 4005 intellectualis)
1275 3923 1410 3984 loliorum
1431 3927 1464 3984 in
1484 3927 1556 3987 dure
1581 3934 1610 3986 et
1632 3927 1726 3986 cellro-

375 4012 469 4073 iarum
492 4015 522 4070 in
543 4026 642 4088 pomo.
686 4009 773 4085 Quod
795 4011 1026 4088 experimontum
1049 4009 1077 4065 in
1099 4007 1221 4085 plantis,
1249 4011 1345 4073 simne
1366 4014 1531 4073 rationibus
1552 4013 1725 4075 barmoninls

376 4102 533 4176 (wmarus
554 4100 631 4158 enim
653 4105 683 4158 et
704 4099 852 4176 proportio
874 4112 920 4155 res
943 4103 1086 4173 cognatae
1109 4105 1241 4170 suntet
1263 4114 1353 4176 supra
1369 4094 1491 4181 patuit),
1514 4099 1611 4175 ellloit,
1634 4108 1668 4159 nt
1689 4120 1725 4162 ne

375 4189 564 4264 repentine
591 4184 711 4261 quidem
739 4188 854 4249 animae
880 4182 1015 4245 multati
1044 4182 1210 4260 plantisque
1247 4186 1318 4262 ipsis
1347 4185 1517 4247 seniorem
1545 4188 1723 4263 agnoscendi

374 4275 560 4337 harmonicas
581 4274 784 4351 proportiones
805 4270 952 4330 radiorum
973 4268 1144 4332 sideralium
1165 4272 1343 4333 confidenter
1364 4276 1474 4349 possim
1496 4272 1640 4349 adimere3
1667 4278 1722 4336 etsi

372 4364 438 4422 sine
460 4362 666 4439 experimentis
688 4361 811 4439 propriis
834 4357 906 4417 nibil
928 4366 1036 4418 statuo
1081 4358 1234 4436 sicigitur
1254 4359 1295 4434 iit,
1318 4367 1352 4419 st
1366 4363 1457 4436 pueri,
1482 4368 1514 4421 rit
1529 4360 1623 4437 rades,
1647 4363 1726 4439 agri·

372 4449 476 4520 sclao,
506 4448 623 4511 barbari
651 4449 793 4524 ipsasque
823 4445 899 4506 adeo
927 4444 1005 4506 israe
1035 4449 1195 4523 percipiant
1223 4447 1390 4507 barmoniae
1414 4462 1536 4522 rocam,
1569 4450 1623 4511 etsi
1653 4449 1725 4509 nibil

372 4538 472 4599 selum
493 4536 530 4596 de
552 4535 675 4594 edentia
697 4534 874 4594 harmonica.
919 4531 951 4592 tii
973 4548 1112 4608 quaeras,
1144 4531 1221 4594 unde
1245 4533 1308 4611 ‚iliis
1338 4533 1386 4592 bic
1407 4535 1585 4596 instinctus?
1614 4544 1666 4595 aut
1688 4536 1726 4596 ad

374 4622 475 4684 Deum
506 4621 687 4698 coniugium,
724 4624 775 4697 qui
805 4620 859 4687 bas
889 4618 1059 4695 mrporibns
1089 4620 1210 4692 iormas,
1240 4634 1341 4680 omues
1380 4624 1425 4681 sui
1454 4623 1545 4699 ipsios
1575 4624 1726 4699 imagines,

373 4710 536 4773 sermidam
557 4712 650 4787 magis
673 4716 770 4768 mensu
793 4715 823 4768 et
843 4709 948 4778 minus,
972 4707 1106 4769 stamar
1128 4715 1157 4767 et
1178 4707 1309 4785 praedeit
1331 4723 1489 4786 senumque
1511 4711 1582 4788 ipsis
1604 4710 1724 4770 trenno

373 4801 458 4859 nicae
478 4799 607 4859 rancum
637 4798 861 4874 circumpositae
884 4795 968 4868 tacit,
999 4796 1043 4853 uti
1064 4796 1128 4873 ipse
1151 4810 1202 4855 eus
1234 4795 1275 4855 ab
1295 4802 1415 4857 aeterno
1437 4803 1536 4859 mente
1557 4796 1726 4875 complexus
