3882 5862
880 375 1021 450 Apologia
1433 416 1439 427 ·
1561 384 1625 447 433

271 559 346 620 haec
371 562 447 620 enim
471 558 617 620 caloribus
641 559 836 619 subterraneis
858 536 1113 645 cornelianaloris
1136 558 1223 616 etiam
1247 555 1349 633 adjuta
1367 556 1445 617 Solis
1469 557 1626 639 caloribus,
1731 594 1733 601 ι

273 647 410 707 humores
441 648 645 706 subterraneos
674 649 701 704 in
732 663 869 725 vaporem
900 652 1047 719 attenuat,
1085 662 1153 705 oum
1182 647 1215 702 in
1240 644 1373 719 modum,
1407 662 1466 721 quo
1497 647 1624 707 hominis

272 738 370 794 anima
399 734 521 794 sudores
551 733 637 793 simul
669 741 698 793 et
727 735 953 809 evaporationes
985 735 1057 806 ciet,
1090 734 1203 793 irritata
1235 731 1432 791 mithridatico
1460 742 1512 793 aut
1543 740 1625 794 motu

272 823 401 900 corporis
430 830 615 882 exaestuans.
661 819 730 880 Jam
765 822 924 897 vaporibus
955 819 1161 880 exhalantibus
1192 819 1297 896 reliqui
1326 828 1437 893 motus,
1469 823 1624 898 gravitatis

272 917 301 967 et
323 911 463 983 levitatis,
488 909 592 967 caloris
615 919 644 966 et
666 908 790 985 frigoris,
815 908 969 967 densitatis
991 914 1022 967 et
1043 909 1187 979 raritatis,
1216 910 1372 967 momentis
1395 915 1470 967 ultro
1493 926 1625 986 sequun-

273 1004 328 1058 tur.
375 996 432 1055 Sed
457 1005 659 1072 argumentum
683 999 772 1055 etiam
795 996 950 1054 audiamus
973 1012 1072 1067 uuum,
1096 995 1237 1054 hactenus
1254 998 1331 1054 euim
1352 1012 1448 1055 meras
1466 1001 1626 1058 sententias

275 1082 461 1160 loquebaris:
486 1088 511 1142 si
534 1086 631 1141 anima
654 1082 762 1142 Terrae
786 1090 976 1161 tempestates
998 1086 1028 1140 in
1051 1086 1119 1141 aire
1135 1085 1271 1155 concitat,
1295 1099 1404 1160 eorpus
1418 1086 1514 1158 ipitur·
1534 1102 1626 1144 suum

270 1175 338 1247 ipso
367 1170 492 1229 destruit
520 1179 547 1228 et
577 1170 731 1230 dilacerat.
776 1169 907 1229 Haecine
935 1171 1005 1244 tibi,
1036 1169 1180 1243 Roberte,
1204 1169 1387 1229 absurdum?
1420 1180 1448 1228 ct
1475 1187 1625 1250 nunquam

272 1266 356 1316 tuam
378 1260 440 1333 ipse
465 1258 594 1334 linguam
626 1275 721 1319 erroro
743 1261 954 1336 praecipitatus
977 1257 1174 1331 momordisti,
1209 1266 1360 1333 nunquam
1383 1255 1480 1316 sulcos
1505 1259 1535 1315 iu
1559 1252 1652 1319 cutex

272 1346 357 1421 egisti
380 1345 553 1420 unguibus?
598 1346 645 1403 Ao
667 1345 741 1405 lorte
765 1362 821 1403 non
845 1353 897 1403 tua
918 1344 976 1403 hoc
997 1347 1143 1423 praestitit
1165 1346 1278 1418 anima,
1311 1344 1362 1405 sed
1386 1344 1488 1404 dentes
1517 1353 1547 1405 et
1568 1363 1625 1403 un·

272 1450 345 1509 goes
369 1434 490 1491 seorsim
513 1434 550 1490 ab
574 1432 696 1491 anima?
740 1431 851 1491 Verum
874 1440 906 1490 tn
930 1430 968 1490 ad
992 1434 1152 1492 sententias
1176 1434 1344 1491 reverteris:
1368 1435 1477 1491 anima
1498 1436 1627 1492 univer·-

270 1521 342 1578 salit
363 1520 472 1578 mundi
494 1528 546 1592 ert,
570 1520 651 1578 unde
672 1524 863 1597 tempestates,
887 1526 1018 1578 cometae
1040 1527 1091 1579 ate.
1111 1519 1290 1594 procedunt.
1336 1519 1382 1577 Ds
1409 1523 1530 1578 cometis
1552 1521 1624 1579 nihil

273 1606 434 1684 obloquor,
464 1624 521 1666 uon
545 1609 623 1665 enim
645 1624 696 1666 eos
721 1625 756 1665 ex
779 1607 869 1666 Terra
891 1609 1046 1681 minusque
1078 1624 1114 1665 ex
1137 1610 1204 1665 aire
1226 1615 1326 1665 nostro
1360 1609 1427 1665 oriri
1450 1614 1538 1682 puto,
1574 1616 1643 1667 obt·
1696 1652 1703 1671 r

274 1702 352 1754 certe
380 1697 582 1770 paucissimos.
629 1695 674 1753 De
706 1694 930 1770 tempestatibus
961 1693 1033 1753 cedo
1063 1696 1191 1752 rationes
1216 1701 1273 1779 ¹aut
1302 1694 1392 1759 latere
1423 1695 1496 1752 nihil
1520 1696 1625 1754 abste

273 1781 382 1841 dictum
406 1798 478 1841 esse.
525 1781 586 1855 list,
609 1783 714 1857 inquis,
738 1780 788 1840 aiis
810 1783 976 1859 passivum,
1008 1781 1087 1839 illius
1110 1783 1225 1840 animae
1247 1779 1348 1855 mundi
1371 1783 1519 1859 proprium
1542 1782 1625 1859 ejus-

274 1886 331 1944 que
370 1870 536 1928 actionibus
570 1872 664 1945 magis
705 1878 815 1944 aptam.
872 1865 975 1942 Quid?
1013 1870 1039 1927 sl
1070 1868 1106 1949 de
1141 1867 1248 1927 Terrae
1282 1870 1380 1927 anima
1411 1868 1536 1928 dicerem
1568 1886 1623 1946 ego

273 1956 368 2029 idem,
392 1956 577 2016 verisimilior
600 1955 735 2032 equidem
758 1956 831 2016 haec
854 1963 932 2016 esset
954 1954 1138 2014 familiaritas
1161 1957 1236 2013 inter
1258 1957 1487 2031 vicinos,inter
1509 1975 1623 2033 aequa·

273 2043 326 2117 les,
351 2061 438 2119 quam
469 2052 502 2102 ut
524 2052 637 2102 tautum
660 2045 770 2119 negotii
802 2046 840 2102 sit
865 2041 908 2100 illl
937 2042 1038 2100 mundi
1070 2041 1241 2120 amplissimi
1275 2045 1390 2103 animae
1421 2046 1450 2101 in
1474 2043 1517 2103 his
1549 2046 1624 2104 ae‘ris

273 2133 363 2189 nostri
388 2133 546 2206 angustiis,
580 2138 615 2189 ut
638 2131 757 2208 affadm
781 2130 836 2190 illc
863 2133 897 2188 in
918 2129 964 2188 itis
985 2137 1069 2188 nom
1090 2137 1118 2188 et
1140 2137 1220 2207 aput.
1264 2129 1375 2190 Verum
1404 2139 1433 2189 et
1460 2131 1516 2190 hoc
1538 2146 1624 2207 nego,

272 2221 415 2295 aptiorem
444 2236 508 2277 esse
542 2222 639 2276 aerem
666 2217 860 2294 suscipiendis
883 2218 998 2276 animae
1020 2216 1127 2277 Terrae
1156 2217 1335 2290 actionibus,
1369 2235 1457 2294 qoam
1484 2218 1623 2278 humores

273 2308 402 2383 corporis
425 2305 541 2369 Terrae.
588 2304 665 2380 Quid
689 2304 829 2382 quaeris?
858 2309 908 2364 aer
931 2312 1013 2364 extra
1035 2312 1088 2378 est,
1112 2304 1216 2364 humor
1237 2305 1324 2377 intus,
1349 2306 1378 2362 iu
1401 2305 1521 2366 humore
1545 2308 1625 2366 calor

273 2393 311 2452 ab
335 2395 432 2451 anima
455 2395 618 2452 concitatus
639 2395 751 2452 invenit
773 2390 852 2468 quod
874 2399 960 2467 agat,
983 2396 1034 2452 aer
1053 2392 1115 2468 J'am
1138 2400 1306 2452 ansouatus
1330 2394 1390 2451 sim
1412 2393 1491 2453 illius
1514 2397 1621 2455 evasit.

273 2479 323 2540 Sic
345 2482 406 2554 igni
428 2483 506 2540 actio
529 2489 575 2538 est
597 2482 627 2537 in
650 2479 776 2556 lignum,
800 2482 830 2537 in
853 2481 979 2538 cinerem
999 2495 1058 2539 non
1082 2486 1136 2539 est.
1182 2492 1186 2503 ·

361 2566 457 2625 Velim
480 2571 569 2626 etiam
591 2569 678 2642 seire,
702 2566 849 2644 quodnam
872 2566 942 2624 illud
966 2569 1004 2624 sit
1025 2568 1123 2625 aratu
1144 2570 1267 2625 animae
1288 2566 1476 2637 mundanae,
1507 2566 1625 2645 qrtoqle

273 2656 360 2714 coelia
383 2653 567 2730 quandoque
588 2655 726 2731 impluit,
750 2654 829 2730 quod
852 2670 910 2712 non
933 2655 972 2711 sit
987 2653 1179 2729 configuratio
1198 2654 1374 2726 harmonica,
1400 2662 1433 2713 ut
1449 2671 1505 2728 ego
1522 2653 1624 2727 doceo,

272 2741 324 2801 sed
356 2742 437 2818 quod
452 2741 636 2821 ,testificetur
667 2743 705 2801 ab
734 2741 811 2800 illu?
847 2740 944 2800 Velim
967 2743 1056 2814 scire,
1091 2740 1161 2816 quid
1190 2741 1320 2800 conserat
1349 2741 1502 2800 exhalatio
1523 2748 1624 2800 arrae

271 2831 445 2904 mopsistiae
466 2829 509 2887 cd
529 2830 752 2905 ausupiendum
773 2830 925 2904 spiritum,
950 2826 979 2884 id
1003 2834 1046 2886 est
1068 2828 1191 2886 abrami
1237 2828 1321 2887 Anus
1344 2828 1399 2887 hoc
1423 2830 1477 2900 vis,
1504 2826 1623 2889 Terram

274 2916 420 2975 exhauriri
444 2915 629 2975 exhalatione
653 2916 705 2976 illa
728 2933 822 2991 eoque
844 2918 990 2974 sitientem
1013 2930 1076 2973 sese
1100 2922 1226 2974 attractu
1253 2918 1328 2975 airis
1350 2914 1492 2974 relicere?
1535 2914 1624 2992 Mag·

272 3006 369 3062 natica
389 3002 545 3076 exhalatio,
569 2994 710 3077 lioberte,
741 3020 798 3061 uon
829 3010 872 3062 est
895 3002 1071 3074 materialis,
1103 3001 1155 3060 sed
1178 3002 1362 3079 potentialis3
1393 3011 1438 3062 est
1462 3004 1539 3062 enirn
1562 3003 1624 3062 lor-

272 3090 357 3149 malis
381 3094 507 3169 corporis
530 3092 663 3167 potentie
685 3092 813 3168 aspirare
837 3088 874 3149 ad
898 3091 1035 3148 unionem
1066 3106 1132 3148 cum
1154 3090 1210 3148 sibi
1239 3089 1335 3148 simili.
1380 3087 1493 3165 Quodsi
1517 3089 1623 3150 Terrae

272 3177 310 3236 ad
333 3181 538 3254 generationes
561 3196 636 3255 opus
660 3186 704 3238 est
726 3182 802 3251 aire,
826 3176 941 3237 lacilios
964 3177 1012 3237 hic
1034 3175 1077 3234 illi
1100 3176 1334 3255 suppeditabitur
1356 3178 1394 3236 ab
1417 3180 1504 3252 intus,
1529 3177 1624 3238 calore

273 3267 438 3325 extenuatis
461 3265 642 3325 humoribus.

361 3352 476 3412 Crebris
499 3363 567 3413 ate
591 3354 751 3425 sententiis,
775 3350 912 3423 Roberte,
936 3349 1074 3409 dissideo.
1118 3349 1278 3410 Problema
1296 3351 1474 3428 jocundum,
1498 3368 1549 3410 eur
1571 3370 1623 3413 so-

276 3438 345 3498 dent
367 3457 512 3498 marmora
529 3440 638 3517 pluviis
660 3438 884 3515 ingruentibus?
927 3437 974 3495 Tu
997 3436 1164 3515 respondes,
1189 3442 1285 3501 sitem
1304 3440 1368 3516 jam
1386 3440 1554 3498 humectum
1578 3442 1624 3497 in·

272 3526 355 3603 gredi
378 3527 526 3604 salemque
555 3529 706 3586 marmoris
728 3527 882 3587 resolvere.
927 3524 1064 3585 Pondera
1087 3541 1155 3601 ergo
1178 3543 1304 3607 marmor
1336 3536 1366 3586 et
1387 3528 1478 3600 reier,
1511 3536 1622 3603 quanto

273 3613 303 3672 id
326 3617 365 3673 sit
387 3615 494 3674 lactum
517 3614 621 3687 levius,
646 3616 670 3672 si
694 3623 806 3673 tantun
829 3613 899 3672 salis
921 3613 998 3670 foras
1021 3615 1109 3671 misit.
1154 3613 1218 3686 Ego
1234 3614 1351 3690 quidem
1375 3631 1470 3691 spero,
1493 3632 1540 3672 me
1563 3615 1625 3674 lec·

274 3703 328 3761 tori
352 3701 568 3760 satisfacturum
590 3698 703 3760 melius.
748 3702 813 3760 Non
837 3702 933 3759 solum
956 3716 1091 3769 marmor,
1113 3716 1171 3758 nou
1196 3718 1309 3779 semper
1331 3702 1386 3762 hoc
1408 3709 1547 3778 praestat,
1572 3700 1623 3761 sed

273 3796 342 3847 tunc
365 3798 492 3863 tautum,
524 3790 641 3865 quando
665 3791 754 3864 frigus
783 3796 811 3847 et
833 3789 968 3847 marmori
999 3795 1028 3846 et
1051 3786 1148 3846 densis
1178 3791 1313 3847 omnibus
1342 3791 1501 3865 impactum
1523 3788 1624 3847 haeret

274 3881 420 3949 tenacius,
452 3885 521 3936 tunc
544 3878 642 3935 subito
665 3876 873 3953 superveniens
898 3892 990 3948 vapor
1010 3874 1164 3933 humectus
1196 3884 1226 3933 et
1255 3875 1371 3953 tepidus
1394 3875 1550 3935 resolvitur
1572 3894 1625 3935 cc-

167 3984 173 3993 ·
273 3980 359 4022 cursu
390 3964 487 4040 trigtdt
518 3966 678 4039 inaquam
702 3963 899 4039 adhaeretque
931 3962 1093 4038 superficiei
1123 3965 1282 4022 marmoris.
1328 3963 1404 4023 Nam
1435 3962 1534 4040 tepida
1557 3970 1626 4022 sunt

274 4059 302 4110 et
325 4068 409 4131 rara,
442 4068 518 4128 quae
542 4051 637 4127 frigidi
662 4069 781 4111 occursu
806 4051 984 4110 condensata
1015 4050 1110 4108 locum
1134 4053 1253 4126 capiunt
1276 4055 1490 4126 angustiorem,
1525 4053 1624 4126 itaque

272 4138 388 4214 tepidae
412 4148 510 4215 partes
534 4142 646 4198 vicinae
669 4139 842 4210 succedunt,
876 4156 913 4197 ne
937 4138 1020 4197 detur
1041 4155 1177 4205 vacuum.
1223 4138 1270 4197 Ita
1299 4139 1331 4196 lit
1361 4146 1394 4198 ut
1426 4143 1475 4198 adr
1509 4138 1624 4216 tepidos

272 4225 381 4285 teratur
402 4227 440 4286 ad
460 4244 595 4285 marmor.
640 4226 706 4286 Non
729 4227 834 4304 probat
855 4227 943 4302 igitur
964 4225 1020 4283 hoc
1042 4226 1223 4302 exemplum,
1255 4231 1351 4285 adrem
1381 4228 1410 4283 in
1434 4226 1554 4285 Tenem
1578 4228 1624 4283 in·

272 4312 353 4389 gredi
378 4357 385 4387 ,
409 4316 435 4373 sl
457 4315 527 4373 soris
551 4314 701 4376 adhaeret.
747 4312 835 4372 uliud
859 4320 1061 4387 argumentum
1085 4312 1167 4372 ducis
1198 4332 1216 4371 a
1237 4313 1381 4388 pluviosis
1405 4315 1625 4373 constitutioni-

272 4401 327 4459 hus
349 4409 493 4477 putasque
517 4402 693 4462 deiecturum
715 4403 804 4461 maris
827 4403 951 4479 copiam,
975 4401 1001 4457 si
1023 4399 1090 4458 inde
1113 4402 1236 4460 materia
1258 4409 1287 4459 et
1303 4417 1360 4458 non
1378 4400 1416 4460 ab
1431 4404 1507 4460 abre.
1544 4400 1622 4459 Puto

272 4504 327 4564 ego
349 4497 461 4562 contra,
486 4488 663 4549 delectorum
686 4490 761 4548 airis
785 4492 898 4565 copiam
921 4487 1014 4549 multo
1038 4489 1133 4546 citius.
1179 4486 1228 4546 Sic
1250 4489 1327 4547 enim
1355 4489 1384 4545 in
1410 4481 1523 4565 Opti'cis
1553 4488 1625 4547 olim

273 4582 302 4636 et
324 4593 392 4635 rere
415 4579 530 4653 scripsi,
553 4577 620 4653 plus
644 4595 709 4637 esse
731 4578 870 4634 materiae
894 4577 922 4632 iu
946 4577 1033 4633 unica
1055 4581 1139 4650 gutta
1160 4591 1272 4650 aquae,
1297 4590 1384 4650 quam
1407 4577 1437 4634 in
1460 4578 1536 4635 ueris
1559 4592 1625 4634 am·

165 4680 174 4689 ·
270 4663 403 4739 piissimo
427 4666 542 4740 spatio,
576 4664 654 4740 quod
683 4662 794 4723 scilicet
824 4662 944 4739 impleat
967 4660 1107 4721 conclave
1138 4669 1240 4720 totum.
1288 4661 1381 4739 Igitur
1400 4667 1542 4740 majorem
1565 4681 1622 4740 ego

273 4767 424 4810 assensum
447 4768 542 4827 spero,
565 4754 615 4827 qui
639 4751 755 4828 pluvias
777 4767 836 4809 non
860 4768 895 4810 ex
919 4752 994 4808 aiiris
1010 4749 1130 4822 externi,
1152 4757 1186 4806 ut
1209 4757 1249 4821 tu,
1270 4749 1325 4808 sed
1342 4768 1377 4809 ex
1393 4755 1511 4829 vaporis
1526 4750 1624 4811 adhuc

272 4840 432 4898 amatrice
454 4855 509 4897 sua
530 4839 720 4899 subterranea
747 4840 872 4917 tepentis
902 4836 1131 4898 condensatioue
1153 4852 1271 4912 genero.
1317 4837 1388 4897 Erat
1411 4841 1488 4899 enirn
1518 4839 1624 4901 humor

324 4947 549 5001 montuoso-v.
1417 4945 1458 5005 28
