3882 5862
435 421 498 482 460
903 420 1070 489 appendicis
1087 421 1310 476 Harmonicorum

435 597 566 656 tionibus
594 596 733 673 legitimis
765 597 911 676 explicare
941 617 999 660 non
1028 602 1101 663 vnit.
1145 602 1206 661 Nec
1229 618 1358 678 unquam
1387 602 1498 660 crimini
1530 599 1612 672 dedi,
1643 598 1778 677 mysteria

435 684 565 759 tradere3
596 702 685 760 quare
708 704 765 744 nou
789 694 847 758 est,
880 702 931 745 eur
953 687 1069 747 doleam
1092 692 1258 766 exprobrari
1282 689 1352 748 mihi
1375 689 1506 748 libellum
1529 706 1626 747 meum
1659 689 1778 766 primum

436 771 494 831 hoc
524 773 609 832 titulo
632 776 780 851 scriptum.
827 774 1017 835 Futiiitatem
1046 777 1125 836 iliius
1148 777 1240 837 libelli
1269 785 1338 836 tunc
1360 792 1536 851 agnoscam,
1567 776 1618 833 ubi
1648 785 1680 833 tu
1702 774 1779 834 illam

436 859 589 920 detexeris.
637 860 728 921 Lucia
750 870 778 921 et
799 863 994 921 tenebrarum
1017 865 1136 941 effectur
1157 865 1314 925 nonnullos
1334 866 1468 940 ignorare
1482 880 1612 941 possum,
1636 863 1778 938 abnegavi

436 964 587 1023 nunquam
611 963 661 1008 orc
683 950 762 1011 duro.
808 949 955 1009 Mathesin
978 954 1004 1008 si
1032 963 1064 1011 tn
1087 952 1175 1012 aliam
1198 955 1274 1011 nosti
1299 956 1428 1028 (praeter
1453 953 1605 1025 vulgarem
1634 948 1732 1022 illam,
1763 966 1779 1008 a

436 1051 495 1110 qna
519 1033 699 1095 denominati
728 1037 858 1115 inerunt,
888 1046 1034 1113 quotquot
1065 1039 1206 1099 hactenus
1227 1040 1426 1099 mathematici
1459 1033 1674 1119 celebrantur),
1708 1054 1779 1114 quac

437 1122 550 1181 scilicet
572 1125 611 1180 sit
632 1127 788 1183 naturalia
809 1132 837 1183 et
856 1126 1016 1203 formalia,
1047 1144 1111 1186 earn
1135 1145 1191 1203 ego
1222 1128 1315 1188 latecr
1344 1144 1509 1202 nunquam
1538 1126 1694 1198 delibatae,
1728 1125 1779 1183 nisi

434 1208 473 1268 ad
503 1211 751 1285 generalissimam
783 1214 863 1271 vocis
895 1215 1036 1287 originem
1067 1213 1263 1291 confugimus,
1295 1214 1422 1273 dimissis
1455 1213 1682 1290 quantitatibus.
1736 1211 1778 1270 lle

435 1296 487 1355 illa
509 1298 598 1371 igitur
625 1302 699 1358 scito
730 1318 776 1358 me
806 1299 854 1358 hic
884 1316 942 1357 non
971 1318 1036 1360 esse
1059 1302 1206 1378 locutum;
1237 1303 1349 1361 habeas
1380 1302 1433 1360 tibi
1456 1301 1585 1359 Roberte
1609 1297 1731 1358 landem
1753 1307 1779 1358 ct

436 1384 515 1443 illius
538 1394 567 1444 et
590 1384 871 1446 demonstrationum
895 1388 923 1444 in
940 1387 1000 1459 illa,
1024 1406 1203 1465 quaequam
1227 1393 1286 1448 sint
1299 1397 1463 1459 accuratae,
1487 1405 1575 1463 quam
1591 1394 1698 1458 certae,
1721 1393 1779 1444 tuta

435 1481 531 1530 tecum
551 1472 700 1548 judicabis
729 1477 792 1534 sine
814 1491 861 1533 me
884 1476 1002 1533 arbitro.
1048 1475 1148 1535 Motus
1176 1496 1232 1553 ego
1263 1479 1360 1554 cogito
1384 1475 1518 1536 risibiles
1548 1491 1697 1550 aeneaque
1719 1475 1780 1549 ipse

382 1604 387 1620 .
437 1559 681 1632 determinabiles,
705 1570 736 1620 tu
760 1570 846 1620 actus
868 1564 1002 1623 internae
1024 1565 1213 1626 coruiderato
1236 1566 1330 1641 deque
1353 1564 1388 1622 ils
1410 1566 1440 1621 in
1464 1561 1573 1639 gradm
1599 1562 1781 1638 distinguen-

436 1647 480 1705 dis
502 1647 656 1723 laborat03
679 1648 811 1708 caudam
833 1667 886 1726 epo
900 1657 985 1709 tenea
1006 1650 1058 1710 sed
1074 1669 1170 1725 manu,
1195 1660 1225 1713 tu
1242 1660 1335 1727 caput
1356 1652 1549 1728 amplectaris
1565 1657 1671 1717 mente,
1696 1647 1780 1707 modo

436 1752 472 1792 nc
496 1738 663 1811 somnians3
697 1755 752 1811 ego
780 1745 934 1796 contentus
956 1754 1020 1795 sum
1043 1739 1151 1815 effectis
1180 1757 1231 1799 seu
1257 1739 1439 1817 planetarum
1467 1739 1613 1809 motibus,
1646 1744 1678 1794 tu
1706 1737 1781 1793 siin

435 1824 508 1900 ipsis
532 1826 629 1882 causis
653 1827 788 1882 invenisti
811 1825 978 1884 harmonias
1007 1825 1081 1884 adeo
1104 1826 1247 1903 liquidae,
1279 1845 1366 1903 quarn
1389 1836 1457 1885 sunt
1484 1842 1569 1883 meae
1592 1826 1619 1881 in
1642 1825 1778 1893 motibus,

436 1926 563 1985 aequum
586 1914 657 1983 erit,
686 1921 718 1971 ut
740 1929 795 1987 ego
819 1920 849 1973 et
870 1913 925 1970 tibi
955 1911 991 1971 de
1014 1915 1182 1973 inventione
1213 1914 1334 1974 etmihi
1364 1913 1400 1974 de
1426 1916 1616 1991 perceptione
1641 1910 1780 1988 gratuler,

436 1999 485 2056 nbi
508 2001 632 2073 primum
655 2001 805 2077 percipere
827 2006 939 2078 potero.

521 2084 681 2146 inhaerere
703 2106 762 2159 ma,
786 2088 875 2161 dicis,
905 2105 996 2148 cocao
1018 2095 1046 2147 et
1066 2089 1131 2148 luta
1152 2089 1400 2164 impossibilitatis
1421 2106 1506 2146 meae
1528 2086 1699 2161 docuinam
1727 2102 1781 2143 non

433 2189 498 2231 sum
521 2173 609 2249 hujus
631 2175 833 2250 perplexitatis
855 2175 926 2234 mihi
950 2178 1094 2247 conscius,
1118 2193 1183 2252 age,
1207 2194 1253 2235 mc
1277 2176 1382 2235 doceto
1399 2175 1434 2234 da
1450 2175 1496 2233 his
1511 2176 1665 2251 angrrstiis,
1689 2172 1782 2232 tidelis

433 2263 575 2334 monitor,
607 2261 653 2321 dic
676 2263 740 2333 ubi,
774 2262 863 2341 quid,
895 2262 1043 2338 quomodo
1067 2262 1297 2339 inexplicabile?
1345 2262 1472 2338 Obliqur
1495 2263 1625 2320 aiucrriie
1649 2261 1782 2320 obscuri·

433 2350 504 2405 tatic
522 2349 783 2423 perplexissima?
827 2350 935 2409 Verum
959 2352 1066 2409 crimen
1089 2353 1205 2425 arguis,
1234 2352 1258 2409 si
1281 2353 1423 2409 materiae
1446 2349 1632 2437 insolentiam
1664 2350 1782 2406 novita-

433 2442 561 2513 temque,
584 2438 608 2492 si
633 2453 727 2494 mores
751 2436 839 2512 huius
861 2436 967 2508 seculi,
1003 2439 1028 2494 si
1057 2437 1224 2513 neglectam
1246 2439 1473 2517 mathematunr,
1504 2440 1530 2495 si
1562 2445 1711 2511 stuporem
1735 2438 1782 2492 in-

434 2524 586 2596 geniorum
610 2525 788 2598 respicimus.
835 2524 900 2582 Nou
924 2523 952 2582 id
978 2534 1074 2583 tamen
1090 2527 1237 2600 privatum
1253 2543 1348 2585 mcum
1373 2528 1479 2585 crimen
1497 2532 1550 2596 est,
1573 2526 1671 2582 socios
1687 2522 1781 2581 habeo

438 2609 592 2687 Pappum,
617 2610 773 2683 Serenum,
798 2610 989 2688 Apollonium
1013 2623 1041 2670 et
1064 2609 1133 2693 (pro
1157 2612 1340 2688 tequidem,
1374 2613 1560 2671 obscuritatis
1580 2603 1782 2688 aestimatore)

434 2698 529 2772 ipsum
552 2696 626 2756 adeo
650 2696 810 2759 Euclidem.
854 2698 900 2757 Tu
923 2716 993 2759 vero
1017 2699 1089 2758 cedo
1112 2699 1182 2758 mihi
1206 2699 1390 2771 cathedram,
1425 2698 1497 2759 cedo
1521 2697 1698 2757 auditorium
1723 2699 1779 2756 irc-

434 2801 541 2858 quens,
572 2785 722 2844 assiduum
745 2795 773 2844 et
796 2792 953 2861 attentum,
985 2787 1058 2846 cedo
1077 2789 1264 2864 juventutem
1287 2787 1492 2864 philosophiae
1522 2793 1707 2862 operantem:
1739 2784 1782 2844 el·

434 2872 529 2929 liciam
558 2888 624 2930 cum
649 2873 713 2933 Deo
742 2874 817 2931 intra
848 2882 1003 2947 semestre,
1038 2883 1071 2933 ut
1100 2875 1144 2932 illi
1167 2873 1270 2954 (tuque
1300 2874 1375 2933 adeo
1405 2877 1469 2952 ipse
1499 2876 1573 2932 inter
1594 2881 1724 2946 ceteros,
1757 2873 1780 2929 si

434 2954 579 3037 volueris)
607 2977 644 3020 ec
665 2962 782 3037 laqueis
803 2962 866 3021 istie
890 2961 1170 3039 difficultatibusque
1194 2963 1374 3032 liberemini,
1406 2979 1465 3021 non
1488 2963 1584 3019 minas
1607 2968 1697 3035 atque
1719 2962 1781 3035 ipse

435 3055 636 3105 consummato
664 3047 739 3107 libro
770 3065 852 3107 meae
874 3047 1067 3109 Harmoniccs
1098 3049 1216 3108 tandem
1240 3052 1354 3109 emersi.
1400 3050 1518 3109 Interim
1545 3047 1613 3106 dnm
1644 3049 1674 3104 iu
1695 3048 1782 3121 igno·

438 3137 551 3193 cantiae
574 3136 689 3211 gorgite
721 3143 802 3193 natat
825 3136 1021 3212 pulcherrima
1051 3136 1200 3209 doctrina,
1233 3136 1304 3194 nihil
1327 3153 1383 3212 ego
1406 3136 1442 3195 de
1461 3136 1558 3193 salute
1580 3135 1704 3193 honoria
1722 3135 1781 3191 mei

437 3239 501 3281 sum
525 3222 679 3301 sollicitus,
703 3226 752 3299 qui
775 3240 822 3281 me
844 3226 906 3283 scio
932 3224 986 3283 Dei
1010 3227 1148 3283 creatoris
1171 3224 1274 3283 honori
1298 3222 1480 3300 propalando
1504 3221 1683 3281 destinatam
1706 3237 1780 3280 esee.

523 3308 573 3367 hd
597 3308 733 3370 XXVlI.
763 3328 825 3370 seu
850 3311 1153 3387 complementum
1182 3313 1315 3370 numeri
1345 3310 1559 3387 analysaon.
1605 3308 1662 3367 Per
1687 3308 1780 3367 Deum

435 3396 627 3459 immortalem
651 3404 679 3457 te
701 3413 782 3473 rogo,
806 3398 956 3457 abstineas
979 3416 1097 3458 manum
1120 3401 1310 3457 asummario
1327 3401 1423 3474 operis
1439 3402 1494 3458 mei
1516 3395 1679 3466 scribendo,
1703 3395 1781 3471 quod

437 3485 535 3542 mitius
564 3483 665 3543 dixero
688 3493 718 3544 tc
745 3502 803 3544 non
829 3486 1004 3561 intelligere,
1035 3488 1169 3562 quamsi
1194 3486 1289 3545 dicam
1313 3495 1341 3544 tc
1364 3484 1461 3544 studio
1484 3492 1661 3561 pervertere.
1708 3483 1780 3540 Mihi

437 3579 563 3643 nonest
586 3571 667 3630 aliud
689 3573 869 3632 harmoniae
889 3574 1073 3646 scabjectum,
1104 3591 1191 3648 quam
1216 3575 1275 3632 bini
1299 3574 1441 3649 cujusque
1464 3573 1634 3631 harmoniae
1658 3571 1780 3629 termini.

434 3657 514 3716 Situs
538 3676 607 3717 vero
628 3659 812 3735 planetarum
835 3662 864 3717 in
888 3660 971 3723 coelo
994 3679 1051 3719 nnn
1075 3669 1143 3719 sunt
1166 3662 1381 3720 harmoniarum
1403 3676 1533 3719 mearum
1557 3659 1688 3728 termini,
1721 3674 1779 3715 non

435 3747 522 3819 igitur
552 3746 686 3821 subjecta
713 3747 938 3807 harmoniarum.
989 3748 1020 3807 Si
1049 3766 1120 3807 vero
1157 3748 1193 3808 de
1225 3748 1291 3807 libri
1324 3750 1380 3806 mei
1411 3750 1505 3823 quinti
1538 3747 1780 3805 Harmonicorum

434 3834 577 3909 subjecto,
601 3833 699 3893 idest
721 3837 916 3894 materiaseu
940 3838 1087 3913 capitibus
1109 3835 1233 3911 intelllgi
1258 3839 1310 3905 vis,
1337 3835 1457 3910 loquare
1473 3838 1562 3910 igitur
1572 3833 1724 3901 distincte,
1750 3841 1782 3890 ut

434 3937 471 3978 ne
495 3924 523 3977 in
547 3920 677 3980 fraudem
700 3939 795 3980 meam
819 3922 992 3999 intelligaris
1014 3941 1033 3982 a
1054 3923 1223 3982 lectoribus.
1268 3922 1385 3981 Partem
1407 3926 1483 3983 cuim
1508 3921 1638 3997 aliquam
1662 3921 1729 3978 libri
1745 3919 1781 3977 V.

435 4008 580 4067 lacit‘iila
602 4008 769 4067 distributio
792 4013 880 4086 spatii
902 4011 1002 4069 mundi
1026 4011 1143 4071 mobilis
1166 4013 1240 4070 inter
1261 4009 1405 4087 planetas,
1428 4011 1507 4069 hacta
1530 4007 1690 4067 secundnm
1710 4024 1781 4084 prc-

432 4098 597 4171 portiouem
629 4095 743 4154 orbium
770 4094 934 4172 figuralium
964 4101 1216 4173 geometricorum.
1262 4098 1364 4173 Neque
1391 4097 1462 4155 mihi
1490 4098 1643 4157 collocatio
1671 4094 1782 4153 Terrae

433 4186 512 4241 inter
540 4182 640 4241 sidera
669 4184 920 4258 complementum
953 4194 995 4244 cat
1015 4187 1195 4245 harmoniae
1220 4187 1327 4257 ipsius,
1360 4183 1412 4244 aed
1434 4185 1510 4244 bene
1542 4186 1662 4243 extremi
1684 4190 1780 4240 motos

433 4270 558 4328 Telluris
581 4279 650 4330 sunt
673 4270 916 4347 complementum
945 4276 1057 4331 numeri
1080 4275 1280 4345 terminorum,
1312 4272 1419 4347 quibus
1451 4273 1636 4330 continentur
1659 4285 1781 4348 propor-

432 4360 529 4418 tiones
552 4357 741 4425 harmonicae
761 4360 913 4418 coelestes.
960 4360 992 4418 ln
1024 4361 1130 4419 sitibus
1152 4359 1336 4436 planetarum
1358 4359 1430 4435 ipsis
1460 4358 1555 4417 nullas
1585 4366 1685 4417 statuo
1707 4373 1780 4416 con-

433 4448 593 4518 sonantias,
617 4446 724 4504 trustra
747 4448 823 4505 enim
846 4448 903 4517 foi,
934 4463 999 4505 cnm
1022 4449 1052 4505 in
1075 4448 1134 4506 illis
1157 4448 1210 4507 has
1234 4463 1413 4522 quaererem.
1460 4446 1563 4521 Neque
1586 4444 1779 4522 pbilosopho-

432 4551 495 4592 rum
526 4532 605 4592 dicta
633 4540 773 4608 torqueo,
809 4552 875 4594 cum
907 4534 1020 4593 voculis
1050 4541 1115 4593 utar
1145 4534 1318 4593 dubitatiris
1348 4535 1441 4610 forta,
1475 4533 1582 4609 quibus
1615 4534 1708 4590 omnis
1737 4533 1780 4587 ria

433 4628 640 4681 tormentcrum
664 4630 821 4681 enervatur
843 4631 872 4681 ct
894 4624 1058 4682 remittitur.
1106 4622 1174 4682 Tibi
1196 4638 1322 4697 namque
1346 4625 1510 4696 ceterisque
1526 4618 1683 4679 lectoribus
1704 4618 1781 4677 libc-

432 4726 496 4767 rum
517 4707 659 4783 relinquo,
684 4707 754 4782 quid
777 4709 879 4769 eredas
902 4709 1115 4786 Pythagoricos
1138 4711 1285 4768 insinuare
1309 4706 1447 4767 voluisse.
1493 4707 1555 4767 Nec
1579 4724 1627 4765 mc
1649 4714 1781 4766 contem-

433 4797 579 4871 plationes
601 4795 789 4855 harmonicae
813 4796 929 4855 demum
951 4788 1143 4869 induxerunt,
1173 4804 1206 4856 ut
1228 4797 1348 4857 Terram
1370 4797 1446 4855 inter
1469 4794 1567 4853 sidera
1588 4810 1778 4877 numerarem,

430 4882 495 4957 jam
524 4881 634 4941 dudum
662 4881 719 4943 hoc
747 4881 854 4960 dogma
885 4886 1000 4961 maguis
1033 4886 1182 4963 magistris
1214 4892 1368 4963 acceptum
1398 4882 1478 4958 iero;
1519 4884 1700 4943 aeconomia
1726 4886 1778 4956 eet,
