3882 5862
400 410 465 471 400
913 401 1062 457 Ptolemaei
1079 401 1234 459 Humanis.

401 585 531 644 radens
552 591 684 641 motuum
706 581 736 637 10
759 578 887 655 planetis
910 581 1044 657 singulis,
1072 598 1132 640 uon
1154 590 1252 659 potest
1274 584 1332 642 nisi
1355 586 1437 644 varia
1460 593 1489 644 et
1511 583 1664 663 multiplex
1690 583 1753 644 heri

401 674 622 749 proportionum
650 671 725 726 inter
748 683 799 726 eos
822 667 1017 727 consideratio
1048 676 1078 728 et
1099 669 1209 729 laboris
1231 686 1290 729 non
1313 674 1434 730 minimi.
1479 672 1556 733 Sunt
1585 676 1662 732 enim
1684 671 1752 749 pla·

401 762 478 819 netis
502 759 638 819 omnibus
668 753 968 835 suieecentriet111)‚
1000 772 1124 832 quorum
1154 757 1203 817 vel
1225 758 1355 819 solorum
1388 777 1478 818 eausa
1507 761 1550 819 1111
1580 760 1654 819 fiunt
1676 759 1753 818 tardi

371 920 379 933 ,
402 846 450 907 rel
472 846 608 920 veloces3
630 851 699 901 sunt
721 852 751 902 et
773 842 913 920 epicycli,
947 845 997 919 qui
1020 861 1078 901 non
1101 851 1213 904 tautum
1236 846 1399 905 velociores
1422 847 1489 906 illos
1511 858 1635 924 possunt
1657 848 1751 907 iacere

402 951 490 1010 quarn
513 933 701 1004 eceentrieus,
724 928 776 989 sed
799 937 829 990 et
844 929 931 1006 plane
943 933 1140 1005 stationarios,
1165 940 1216 992 aut
1231 935 1319 993 etiam
1337 934 1520 1009 retrogradus
1531 932 1587 1010 IV).
1615 933 1651 992 In
1666 935 1752 993 Luna

401 1032 430 1081 et
452 1020 596 1080 Mercurio
626 1025 783 1096 apparatus
814 1017 912 1078 adhuc
933 1017 1122 1094 multiplicior
1144 1016 1240 1098 estl').
1284 1021 1343 1081 Sed
1375 1021 1503 1097 generali
1528 1022 1672 1080 divisione
1699 1030 1752 1081 aut

400 1119 496 1168 motus
519 1109 746 1183 eccentricorum
769 1106 890 1164 seorsim
914 1105 1091 1165 considerari
1114 1117 1246 1183 possunt,
1270 1118 1322 1168 aut
1344 1119 1441 1168 motus
1456 1110 1654 1186 epicyclorum
1669 1126 1752 1169 seor·

399 1201 464 1270 sim,
488 1194 582 1257 veluti
604 1194 685 1267 nudi,
709 1201 739 1253 et
760 1196 910 1270 proportio
934 1193 1037 1252 horum
1065 1192 1104 1253 ad
1126 1194 1194 1253 iilos
1222 1196 1252 1252 iu
1273 1195 1400 1272 planetis
1423 1197 1562 1273 siugulis,
1593 1206 1645 1256 aut
1668 1196 1753 1257 deni·

350 1340 354 1351 ,
400 1301 457 1361 que
481 1284 635 1361 compositi
659 1290 755 1340 motus
778 1281 921 1357 cujusque
945 1299 980 1339 ex
1003 1291 1084 1340 motu
1108 1284 1269 1341 eccentrico
1290 1291 1320 1343 et
1334 1284 1503 1361 epicycltco.
1549 1284 1647 1343 Primo
1662 1284 1751 1343 modo

401 1382 498 1445 ruotus
520 1371 704 1448 planetarum
735 1369 864 1428 interae
887 1368 971 1428 relati
1001 1376 1125 1445 possunt
1147 1373 1310 1447 comparari
1339 1374 1420 1430 sonis
1447 1373 1677 1432 consonantibus
1699 1371 1750 1431 vel

400 1458 638 1531 dissonantibus3
665 1454 794 1515 secundo
817 1454 904 1514 modo
933 1456 1069 1533 planetae
1091 1457 1201 1533 singuli
1224 1459 1408 1517 invenientur
1430 1459 1538 1519 habere
1572 1457 1686 1535 aliquid
1708 1461 1752 1517 si·

399 1546 468 1606 mile
491 1562 630 1624 generum
652 1549 772 1618 cantus3
795 1545 897 1602 tertius
919 1543 1042 1616 modus,
1066 1545 1175 1622 quippe
1198 1547 1431 1622 apparitionibus
1454 1555 1613 1625 cognatus,
1633 1563 1752 1629 rursum

402 1635 489 1693 insert
511 1632 759 1708 comparationem
781 1630 962 1707 singulorum
991 1648 1057 1690 cum
1081 1631 1274 1692 tetrachordis
1301 1641 1331 1693 et
1353 1636 1431 1694 tonis
1464 1633 1666 1710 disjunctivis,
1696 1650 1752 1694 nec

401 1725 497 1781 miuus
520 1728 550 1780 et
572 1737 638 1779 cum
660 1720 869 1779 consonantiis.

489 1808 588 1866 Prima
616 1807 703 1884 igitur
734 1812 763 1865 et
792 1805 1040 1887 principalissima
1068 1808 1248 1884 comparatio
1280 1809 1319 1866 sit
1347 1816 1479 1868 motuum
1512 1808 1751 1868 ecceutrieorum.

401 1898 455 1957 Est
478 1904 576 1956 autem
598 1894 672 1953 haec
694 1894 759 1969 ipsa
781 1910 900 1970 quoque
922 1895 1054 1969 gemina3
1085 1893 1133 1952 rel
1157 1895 1233 1952 enim
1255 1902 1353 1954 motus
1382 1898 1456 1956 inter
1478 1914 1509 1955 sa
1532 1896 1620 1955 medii
1649 1898 1752 1970 singu·

311 1994 316 2007 ’
400 1984 495 2043 lorum
519 1991 732 2059 comparantur,
758 1980 804 2040 vel
827 1980 989 2041 velociores
1012 1996 1078 2039 cum
1094 1982 1271 2040 tardioribus
1294 1984 1322 2040 in
1339 1982 1472 2063 singulis,
1496 1994 1525 2042 ct
1540 1982 1648 2060 singuli
1664 1985 1750 2041 unius

402 2090 467 2131 curn
490 2069 822 2153 singulis-reliquorum.
867 2068 921 2126 Est
952 2070 1039 2143 igitur
1069 2066 1231 2129 mediorum
1256 2078 1389 2130 motuum
1413 2070 1607 2145 consideratio
1630 2072 1749 2148 propria

400 2161 489 2235 hujus
511 2159 586 2233 loci,
614 2164 661 2231 ut,
693 2156 764 2231 quia
785 2157 916 2233 proxime
945 2154 1103 2231 deprimis
1127 2156 1313 2233 planetarum
1336 2157 1468 2234 sphaeris
1492 2160 1619 2235 egimus,
1651 2165 1748 2216 motus

401 2250 491 2308 etlam
512 2245 579 2306 illos
598 2245 661 2320 jam
684 2243 888 2321 producamus,
912 2245 962 2320 qui
984 2245 1084 2319 primis
1107 2242 1165 2302 illis
1188 2245 1321 2321 sphaeris
1343 2248 1436 2323 primo
1462 2253 1492 2305 et
1515 2263 1565 2323 per
1587 2264 1618 2306 ae
1642 2248 1750 2304 insunt.

400 2334 466 2395 Hae
489 2335 576 2410 igitur
598 2333 801 2408 proportiones
824 2329 910 2391 facile
941 2332 1068 2389 numeris
1090 2333 1302 2407 exprimuntur,
1336 2336 1406 2409 quia
1436 2332 1596 2392 mediorum
1619 2345 1751 2392 motuum

400 2423 552 2499 proportio
578 2418 670 2479 veluti
693 2420 749 2477 sub
772 2420 909 2494 signifero
932 2418 1040 2477 circulo
1063 2416 1165 2477 eadem
1181 2427 1226 2478 cst
1249 2437 1315 2477 cum
1329 2423 1517 2496 proportione
1533 2438 1638 2480 eversa
1653 2421 1751 2497 perio-

401 2508 514 2571 dorum.
566 2503 606 2566 Ut
634 2508 704 2583 quia
732 2503 850 2564 Saturni
874 2503 1012 2583 periodus
1042 2512 1087 2564 est
1115 2504 1151 2563 ad
1175 2504 1262 2565 Joris
1285 2508 1438 2582 periodum
1467 2511 1543 2568 sicut
1566 2510 1607 2567 30
1638 2506 1676 2565 ad
1702 2509 1750 2580 12,

400 2613 491 2673 quare
515 2597 579 2656 rice
602 2610 688 2653 versa
710 2592 864 2653 Saturniae
893 2592 1036 2671 sphaerae
1067 2602 1164 2651 motus
1194 2595 1248 2652 sub
1272 2594 1337 2654 fixis
1367 2603 1412 2655 est
1441 2595 1479 2654 ad
1502 2594 1611 2655 Joviae
1641 2604 1752 2653 motum

399 2692 434 2743 ut
458 2686 495 2742 12
520 2676 690 2761 003011).

487 2769 554 2830 Hoc
576 2770 675 2844 itaque
697 2775 785 2844 pacto
810 2775 854 2828 est
877 2768 952 2827 inter
974 2772 1072 2825 motus
1094 2764 1213 2825 Saturni
1236 2766 1365 2827 etJovis
1391 2772 1551 2845 proportio,
1575 2785 1651 2845 quae
1675 2770 1750 2827 iuter

403 2859 475 2918 bet
498 2860 517 2916 2
540 2858 610 2930 lere,
633 2859 707 2914 inter
730 2854 847 2915 Saturni
871 2864 900 2914 et
921 2853 1043 2927 Martis,
1076 2871 1152 2931 quae
1175 2855 1249 2913 iuter
1274 2859 1318 2914 lii
1337 2864 1366 2916 et
1391 2860 1404 2914 1
1431 2855 1479 2915 rel
1509 2858 1548 2914 41
1580 2866 1610 2916 et
1632 2858 1651 2915 3
1675 2856 1750 2930 iera3

400 2948 476 3005 inter
499 2945 618 3006 Saturni
642 2953 671 3002 et
694 2942 787 3015 Solis,
821 2942 944 3002 Veneris
967 2950 997 3003 et
1019 2940 1165 3015 Mercurii,
1189 2960 1266 3018 quae
1290 2944 1331 3002 30
1354 2943 1391 3001 ad
1420 2948 1453 3017 l,
1483 2946 1565 3003 inter.
1581 2943 1698 3003 Saturni
1722 2951 1751 3002 et

400 3032 513 3108 Lunae,
538 3049 615 3109 quae
639 3034 702 3090 364
726 3031 764 3090 ad
789 3032 816 3089 1.
862 3029 911 3090 Sic
935 3033 1008 3088 inter
1030 3029 1118 3089 doris
1148 3038 1177 3088 et
1198 3028 1317 3099 Martis,
1348 3048 1425 3106 quae
1447 3033 1522 3090 inter
1546 3032 1563 3090 6
1588 3040 1618 3090 et
1644 3035 1674 3105 i,
1702 3028 1750 3089 vel

400 3123 477 3181 inter
502 3121 541 3179 19
565 3127 595 3179 et
618 3119 636 3176 3
661 3120 796 3195 propins;
819 3118 894 3177 iuter
916 3116 1014 3176 Jovis.
1028 3124 1057 3176 et
1078 3114 1173 3191 Solis,
1196 3118 1321 3177 Veneria
1344 3127 1374 3177 et
1397 3118 1547 3193 Mercurii,
1576 3135 1653 3195 quae
1676 3120 1750 3176 inter

401 3211 439 3267 12
464 3216 494 3267 01
525 3209 540 3267 l
575 3206 627 3279 vel,
656 3207 729 3264 inter
755 3205 815 3264 101
841 3217 870 3263 et
894 3206 923 3263 9.
968 3204 1048 3264 Inter
1070 3201 1160 3263 doris
1182 3212 1212 3265 et
1234 3205 1351 3278 Lunae,
1379 3222 1455 3280 quae
1483 3208 1749 3265 1010147011.

401 3294 481 3354 lnter
509 3293 614 3352 Martis
645 3300 675 3351 et
701 3291 796 3365 Solis,
830 3292 951 3351 Veneria
981 3299 1012 3351 et
1032 3290 1187 3365 Mercurii,
1217 3310 1293 3369 quae
1322 3296 1397 3352 inter
1420 3295 1482 3351 916
1511 3301 1540 3353 et
1563 3294 1644 3366 4873
1675 3296 1750 3350 iuter

399 3381 505 3441 Martis
529 3388 558 3441 et
580 3379 697 3453 Lunae,
721 3396 797 3456 qnae
821 3382 956 3440 101021
981 3386 1011 3438 et
1035 3382 1049 3437 l
1076 3379 1123 3438 rel
1148 3380 1189 3437 80
1213 3382 1294 3439 013.
1339 3381 1418 3439 luter
1439 3379 1531 3455 Solis,
1555 3380 1678 3439 Veneris
1701 3377 1751 3438 vel

400 3466 555 3542 Mercurii,
579 3476 609 3527 et
630 3469 704 3526 inter
726 3467 845 3539 Lunae,
869 3482 945 3543 quae
973 3469 1010 3525 12
1035 3466 1072 3525 ad
1098 3470 1113 3524 1
1138 3466 1186 3525 rel
1211 3468 1273 3525 235
1297 3466 1335 3527 ad
1361 3469 1426 3543 19.Ι

486 3556 589 3633 Neque
619 3557 769 3645 praeteriri
799 3553 887 3614 debet
909 3570 963 3613 nec
985 3553 1055 3626 hoc,
1087 3553 1167 3628 quod
1189 3555 1265 3613 sicut
1294 3556 1324 3612 in
1350 3565 1510 3632 systemate
1537 3557 1649 3614 musico
1673 3553 1748 3613 duae

401 3642 528 3704 chordae
557 3643 691 3703 diversae
723 3644 863 3702 crassitiei
891 3638 971 3701 tendi
1001 3650 1124 3718 possunt
1153 3640 1181 3698 in
1207 3658 1298 3700 unum
1325 3645 1469 3715 sonitum,
1504 3659 1602 3702 crassa
1631 3640 1748 3717 quidem

399 3734 565 3805 remissius,
588 3730 705 3807 gracilis
730 3746 799 3790 vero
823 3727 939 3802 durius,
962 3722 1099 3787 methodo
1124 3728 1191 3803 illa,
1222 3747 1282 3805 qua
1311 3728 1464 3790 docuimus
1494 3729 1567 3789 libro
1590 3728 1630 3791 11.
1654 3732 1749 3806 gemi-

399 3827 470 3879 nata
499 3816 689 3878 monochordi
719 3817 917 3896 applicatione
944 3823 1075 3893 systema
1097 3818 1256 3891 iustruere,
1286 3819 1330 3875 sic
1362 3819 1450 3876 etiam
1484 3820 1513 3874 in
1546 3816 1655 3876 mundo
1690 3828 1749 3877 tres

337 3970 341 3975 ,
400 3906 571 3983 inaequales
601 3905 762 3983 sphaerae,
792 3903 872 3965 Solis
900 3905 1042 3976 maxima,
1072 3903 1194 3963 Veneris
1224 3903 1337 3976 media,
1368 3904 1504 3965 Mercurii
1529 3904 1747 3979 angustissima,

399 4002 511 4071 motum
541 4010 631 4053 unum
665 3994 720 4053 sub
751 3991 874 4052 zodiaco
903 3989 1113 4068 periodumque
1146 3993 1262 4051 unicam
1293 3995 1431 4068 ternporis
1460 4001 1528 4051 sunt
1550 3994 1671 4051 sortitae
1681 3988 1748 4066 vu).

400 4080 512 4159 Quodsi
531 4081 595 4157 jam
617 4082 794 4141 accesserint
815 4078 853 4138 ad
876 4079 930 4138 hos
952 4078 1064 4138 medios
1088 4086 1185 4138 motus
1209 4080 1366 4139 intervalla
1387 4079 1567 4157 singulorum
1590 4081 1665 4139 inter
1687 4087 1751 4138 tar-

400 4168 522 4229 ditatem
544 4170 574 4226 in
597 4184 731 4247 apogaeo
755 4168 908 4228 eecentrici
938 4174 967 4226 et
989 4165 1175 4226 velocitatem
1203 4169 1234 4224 in
1256 4169 1412 4246 perigaeo,
1440 4167 1525 4227 facile
1548 4174 1645 4244 patet,
1667 4168 1751 4227 ,inter

400 4259 486 4316 binos
513 4255 647 4333 planetas
674 4272 762 4332 posse
794 4257 919 4314 existere
950 4256 1153 4332 proportiones
1183 4254 1258 4313 alias
1287 4262 1375 4330 atque
1398 4255 1482 4315 alias.
1527 4254 1644 4313 Mutata
1672 4256 1750 4313 enim

399 4347 485 4404 unius
510 4343 686 4416 velocitate,
715 4349 748 4401 ut
770 4345 909 4415 termino,
940 4349 1077 4401 manente
1100 4341 1228 4417 reliquo,
1259 4345 1476 4418 proportionem
1499 4342 1605 4400 mutari
1628 4359 1750 4402 necesse

399 4440 444 4493 est
473 4439 557 4492 unta
588 4448 642 4509 per
670 4428 802 4507 singulos
831 4430 999 4489 accessione
1028 4427 1076 4487 vel
1105 4430 1320 4502 subtractione,
1355 4437 1495 4505 quantam
1518 4430 1573 4489 lert
1605 4430 1750 4505 cujusque

399 4521 609 4583 ecceuniettas.
655 4519 854 4578 Veruntamen
883 4533 941 4574 non
968 4515 1025 4575 soll
1048 4518 1202 4575 eccentrici
1230 4516 1449 4594 (praeterquam
1479 4519 1510 4576 10
1533 4516 1749 4589 luminaribus),

400 4606 452 4669 sed
477 4608 565 4669 etiam
589 4604 713 4685 epicycli
736 4608 867 4689 incitant·
881 4602 929 4663 rel
952 4600 1106 4662 debilitant
1128 4612 1234 4663 motus.
1279 4604 1383 4679 Itaque
1399 4604 1472 4665 haec
1486 4621 1554 4680 pars
1570 4606 1653 4682 primi
1670 4604 1751 4662 morli

400 4711 553 4756 commune
583 4693 653 4770 quid
680 4693 770 4752 habet
798 4709 864 4752 cum
893 4688 981 4750 modo
1013 4691 1108 4749 tertio.
1153 4691 1349 4750 Transeamus
1381 4708 1458 4752 nunc
1486 4682 1534 4750 ad*
1555 4691 1751 4770 apicyclorum

400 4781 671 4855 considerationem,
695 4797 771 4856 quae
794 4794 914 4837 numero
937 4776 1067 4837 secunda
1089 4778 1152 4838 init.
1197 4778 1281 4838 Haec
1303 4780 1379 4838 enim
1398 4779 1546 4856 peculiare
1569 4784 1601 4837 et
1621 4780 1772 4838 insolens

400 4868 513 4945 aliquid
535 4868 634 4930 habet.
680 4868 715 4926 In
737 4865 878 4946 epicyclis
901 4866 978 4926 enim
1001 4867 1075 4925 ratio
1098 4876 1230 4926 motuum
1259 4874 1304 4925 est
1326 4869 1472 4928 contraria
1493 4867 1622 4926 motibus
1644 4883 1752 4927 eccen-
