3872 5846
592 421 770 481 Harmoniae.
804 425 888 485 Liber
904 426 953 485 ΠΙ.
975 428 1064 498 orpus
1080 428 1153 485 XIV.

748 717 891 789 CAPUT
917 717 998 790 xiv.

461 862 507 915 De
529 860 638 917 modis
661 861 899 934 melodiarum,
924 881 1007 934 qnos
1029 870 1127 920 tonos
1150 872 1281 924 rorant
1336 930 1340 941 ,

281 1020 327 1079 De
351 1022 445 1083 modis
468 1023 596 1082 dicturus
619 1025 743 1099 primum
767 1022 922 1084 hodiernos
946 1024 1090 1086 admoneo
1112 1030 1255 1103 musicos,
1281 1047 1355 1107 qnos
1377 1032 1419 1091 illi
1441 1034 1543 1096 modos

195 1107 342 1185 appellare
366 1108 475 1184 solent,
509 1128 548 1170 ao.
572 1114 789 1187 proportionem
816 1120 911 1171 taetus
934 1112 1067 1192 duplam,
1100 1115 1215 1193 triplam
1244 1126 1273 1174 ιι
1296 1119 1405 1179 similes
1427 1119 1459 1201 (q
1460 1122 1541 1183 nelos

193 1195 297 1254 modos
318 1197 392 1256 forte
414 1198 543 1258 leserunt
566 1199 636 1257 olim
659 1200 768 1258 tibiis
761 1217 790 1256 ru
813 1198 971 1260 comoediis
995 1200 1216 1281 Romanorum),
1241 1203 1309 1263 de‘'
1291 1222 1326 1264 ιιι
1350 1207 1430 1282 ιιιιιι,
1454 1227 1542 1287 proo-

195 1290 326 1384 terqnam
349 1284 460 1371 quod
447 1304 509 1362 yam
533 1294 577 1345 ιιι
600 1286 724 1360 dictum,
758 1304 918 1346 sermonem
946 1305 1003 1347 uon
1026 1289 1097 1350 lore.
1142 1289 1248 1351 Medos
1276 1308 1332 1368 ego
1356 1294 1435 1369 dieo,
1467 1315 1542 1374 quos

194 1371 250 1445 ipsi
274 1388 339 1430 cnm
362 1373 508 1432 veteribus
530 1356 625 1433 solent
648 1371 795 1451 appellare
817 1384 918 1449 tonos,
942 1393 1007 1435 cnm
1030 1379 1193 1459 quaeritur,
1217 1379 1302 1455 cnjus
1325 1384 1385 1438 toni
1409 1386 1448 1440 ιιι
1470 1400 1542 1444 oan-

79 1512 82 1525 ,
194 1464 251 1516 tus.
297 1456 370 1517 Sunt
399 1462 476 1519 enim
506 1470 601 1520 certae
630 1469 732 1520 cantus
760 1463 893 1520 concinni
921 1480 973 1522 sen
1003 1454 1160 1540 qualitates
1191 1483 1244 1526 sen
1267 1470 1393 1542 species,
1428 1470 1542 1533 duabus

194 1547 314 1604 summis
336 1563 476 1622 generum
498 1546 680 1623 differentiis,
704 1547 767 1606 duri
791 1556 820 1608 et
842 1548 953 1621 mollis,
976 1558 1076 1611 ιοιιιιι
1099 1568 1130 1611 ιι
1154 1551 1276 1611 diremti.

281 1630 387 1694 Graeci
409 1656 534 1713 τροιονς
555 1642 585 1695 ιι
605 1632 667 1713 rien
689 1634 803 1710 dixere,
833 1635 905 1695 illud
926 1655 945 1697 a
967 1637 1059 1697 torma
1085 1642 1267 1716 systematis,
1296 1640 1353 1700 hoc
1375 1644 1413 1702 ab
1437 1645 1541 1705 ellectu

194 1723 320 1779 cantus
311 1738 340 1778 ιιι
357 1722 484 1797 homine,
507 1724 577 1799 quia
590 1721 721 1801 plerique
743 1722 942 1799 legislatorum
966 1735 1146 1800 censuerunt,
1170 1726 1271 1787 modos
1292 1737 1431 1791 cantuum
1443 1733 1540 1795 lacere

194 1805 232 1866 ad
253 1825 349 1868 mores
372 1810 601 1869 conformandos

280 1896 326 1956 De
356 1897 459 1956 horum
488 1900 576 1975 igitur
603 1904 736 1958 tonorum
764 1914 885 1956 numero
919 1905 949 1958 ιι
977 1896 1189 1960 discriminibus
1219 1918 1277 1965 non
1304 1902 1393 1965 hodie
1427 1913 1540 1966 tantum

194 1978 319 2059 magnae
348 1993 415 2042 sunt
442 1985 516 2044 inter
539 1987 665 2044 musicos
689 1986 917 2057 controversiae,
946 1986 1051 2046 sedet
1076 1988 1139 2063 jam
1162 1987 1231 2046 olim
1254 1990 1386 2066 inerunt,
1419 2010 1541 2070 quarum

194 2068 308 2147 aliquas
331 2071 409 2148 apud
432 2071 651 2147 Ptolemaeum,
681 2072 835 2148 plerasque
858 2072 936 2148 apud
959 2073 1147 2134 Vincentium
1169 2074 1337 2137 Galilaeum
1363 2079 1462 2140 videre
1486 2090 1540 2142 est.

193 2156 268 2216 Mihi
291 2170 360 2218 vero
383 2176 436 2219 nec
459 2162 624 2221 examinare
647 2176 886 2235 quorumeunque
907 2164 1066 2221 sententias
1089 2173 1134 2223 est
1156 2167 1353 2245 propositum,
1374 2184 1470 2244 neque
1492 2186 1540 2229 re·

193 2245 303 2321 lutare;
325 2248 425 2324 itaque
448 2265 506 2306 non
529 2253 677 2326 exspectet
698 2249 827 2305 musicus
850 2266 868 2305 a
891 2264 937 2306 me
959 2249 1099 2326 quicquid
1122 2250 1202 2310 aliud
1226 2253 1255 2309 ih
1279 2251 1335 2312 hac
1357 2257 1537 2330 quaestione,

195 2350 282 2409 qnam
303 2331 335 2391 id
356 2336 483 2408 unicum,
507 2334 545 2393 ad
567 2333 647 2410 qnod
668 2352 734 2393 mea
756 2351 803 2394 me
826 2334 935 2394 ducunt
956 2338 1099 2414 principia
1122 2337 1262 2417 hactenns
1282 2341 1436 2415 explicata.
1474 2342 1539 2403 Etsi

195 2422 270 2480 enim
294 2422 356 2480 toni
378 2422 416 2481 ab
439 2439 473 2482 ιο
497 2421 565 2481 dicti
588 2422 737 2493 videntur,
766 2420 846 2497 qnod
867 2420 971 2481 modus
995 2440 1069 2483 nnus
1092 2424 1183 2503 altero
1215 2427 1262 2485 ιιι
1285 2426 1374 2486 altius
1396 2428 1445 2489 vel
1467 2447 1538 2507 pro·

194 2507 311 2567 inndins
333 2510 455 2585 incipiat
480 2512 566 2568 unius
593 2511 654 2568 toni
678 2504 741 2589 (vel
772 2505 934 2590 semitonii)
957 2510 1126 2586 intervallo,
1157 2519 1242 2589 tpnos
1265 2520 1376 2574 ιιιιιιιι·
1394 2532 1449 2592 ego
1478 2533 1539 2577 non

194 2596 258 2674 ipsa
280 2613 332 2674 per
353 2612 386 2656 se
409 2603 511 2656 cantus
534 2595 686 2655 altitudine
710 2596 757 2656 rel
779 2598 923 2672 gravitate
946 2595 1121 2672 discrimino,
1147 2599 1226 2675 qnod
1248 2600 1343 2660 solum
1366 2603 1539 2664 observasse

101 2678 104 2685 “
194 2681 339 2760 quosdam
366 2681 540 2743 Vincentius
572 2682 722 2743 Galilaens
753 2689 893 2755 testatur,
931 2683 984 2744 sed
1005 2702 1155 2745 nnmerum
1185 2703 1286 2746 eornm
1318 2688 1356 2747 ad
1387 2706 1539 2752 nnmerum

194 2773 355 2847 specierum
378 2773 465 2830 unius
487 2754 627 2850 diapason
657 2787 721 2830 cum
743 2769 914 2831 Ptolemaeo
938 2773 1023 2848 erigo
1052 2772 1176 2849 dicoque
1207 2774 1329 2861 totidem
1357 2792 1420 2837 esse
1443 2780 1538 2854 tonos,

195 2865 266 2934 quot
286 2864 411 2935 possunt
433 2875 498 2918 esse
520 2859 631 2918 scelata
652 2861 820 2935 systematis
843 2866 965 2918 octavae
986 2859 1118 2935 legitima
1140 2868 1169 2919 et
1192 2865 1347 2935 concinna,
1371 2866 1538 2940 generibus,

195 2944 295 3004 ordine
319 2947 525 3006 concinuornm
547 2946 764 3005 intervallorum
788 2955 818 3004 ιι
839 2947 898 3003 sitn
913 2945 1171 3020 tetrachordorum,
1193 2965 1246 3007 seu
1263 2947 1405 3010 electione
1427 2951 1539 3011 medle-

195 3040 288 3092 tatnm
310 3033 445 3093 binarum
472 3032 704 3094 harmonicarnm
730 3035 807 3092 inter
836 3049 868 3091 se
900 3032 1070 3093 differentia.
1115 3033 1188 3093 Tres
1218 3037 1355 3094 nimirum
1387 3046 1455 3096 sunt
1480 3055 1538 3113 res,

195 3137 270 3196 qnae
293 3127 379 3180 tonos
402 3122 518 3181 variant
540 3123 671 3198 interque
694 3137 759 3179 sese
783 3119 979 3196 distinguunt:
1010 3138 1116 3196 genus,
1132 3121 1260 3196 ¹sequela
1281 3127 1487 3185 concinuornm
1509 3132 1539 3185 et

198 3206 361 3267 articulatio
384 3207 483 3268 sceleti
507 3227 542 3268 ιι
564 3209 762 3267 consonantiis
784 3207 953 3267 minoribns.

279 3294 409 3354 Primum
431 3312 537 3373 genera
559 3296 625 3369 dno,
650 3313 712 3374 cap.
731 3297 758 3354 6.
782 3296 941 3353 constituta
957 3293 1109 3353 divisionis
1125 3298 1293 3372 systematis
1309 3306 1441 3372 οιιιιιι,
1465 3316 1537 3360 con·

191 3385 316 3445 stitunnt
336 3383 422 3443 uobis
445 3382 517 3443 duos
538 3385 682 3460 principes
704 3391 734 3443 et
756 3391 860 3441 natura
881 3385 990 3458 primos
1011 3390 1112 3456 tonos,
1137 3400 1203 3442 cum
1224 3386 1289 3460 ipso
1314 3403 1354 3446 se.
1377 3393 1547 3464 systemate>

190 3471 277 3530 nnius
299 3469 392 3529 solius
416 3478 539 3530 οιιιιιι
569 3477 655 3530 ortos.
701 3469 815 3529 Deinde
838 3472 866 3528 in
892 3478 1014 3545 utroque
1036 3486 1142 3545 genere
1164 3474 1349 3573 systematis,
1380 3482 1442 3534 tam
1463 3473 1535 3534 duro

191 3575 280 3636 qnam
302 3556 398 3630 molli,
428 3574 465 3617 ιι
487 3560 696 3636 compositione
719 3557 842 3616 duorum
865 3556 1040 3632 diapason
1032 3574 1061 3614 m
1084 3575 1174 3615 unum
1200 3560 1296 3634 majus
1326 3570 1355 3620 ιι
1377 3562 1537 3637 perlectum

190 3654 329 3724 systema,
353 3662 441 3721 quam
464 3645 633 3706 tradidimus
653 3648 751 3721 eapite
777 3648 825 3717 ll,
849 3644 953 3702 dantur
974 3652 1135 3720 systemata
1149 3645 1340 3722 singularium
1357 3657 1536 3736 octavarum,

192 3733 353 3793 differentia
383 3731 530 3791 radicibus
561 3750 614 3792 een
635 3735 732 3804 metis,
762 3732 869 3807 quibus
897 3729 1097 3806 includuntur;
1130 3741 1197 3790 snut
1224 3742 1322 3793 autem
1348 3734 1418 3795 illae
1440 3744 1535 3797 metae

190 3820 255 3880 losa
276 3821 443 3899 systematis
473 3818 613 3880 naturalis
636 3808 771 3898 diversa,
799 3836 852 3878 seu
880 3817 1019 3879 hodierno
1050 3818 1195 3879 vocabulo
1217 3819 1316 3881 clares
1339 3822 1416 3883 allae
1446 3830 1535 3899 atque

189 3907 279 3981 aliae,
307 3924 381 3983 quas
410 3909 595 3984 consequitur
616 3909 780 3967 necessario
810 3905 925 3965 diversa
947 3905 1071 3971 altitudo
1094 3912 1227 3982 respectu
1257 3912 1425 3985 systematis
1446 3918 1535 3969 natu-

189 3995 268 4069 ralis,
292 3993 370 4072 qnod
393 4012 412 4052 a
436 3990 463 4053 G
485 3997 601 4071 incipit,
625 4005 654 4054 ιι
675 4012 726 4073 per
748 3993 827 4052 illam
851 3992 983 4053 diversus
1006 3997 1094 4053 etiam
1116 3996 1190 4053 situs
1211 3998 1367 4072 semitonii,
1389 3996 1468 4073 qnod
1491 4005 1534 4056 est

189 4083 238 4142 vel
260 4083 348 4142 tertio
371 4080 418 4140 vel
440 4085 556 4157 penimo
587 4083 634 4141 vel
664 4085 722 4140 imo
745 4080 810 4139 loco
833 4088 966 4140 octavae.
1011 4081 1087 4140 Nam
1114 4081 1193 4157 qnod
1216 4084 1320 4143 attinet
1348 4083 1533 4144 altitudinem

189 4171 284 4246 ipsam
312 4168 446 4229 absolute
462 4169 695 4247 consideratam,
725 4167 780 4228 illa
808 4185 859 4244 per
887 4186 919 4227 se
948 4167 1020 4226 nihil
1042 4174 1136 4231 mutat
1164 4172 1290 4245 speeiem
1319 4178 1434 4245 cantos,
1469 4188 1534 4231 cnm

190 4257 291 4318 eadem
313 4258 425 4333 species
448 4256 495 4317 vel
518 4257 576 4316 ulte
598 4259 692 4334 possit
720 4257 845 4315 intonari
873 4255 921 4316 rel
944 4255 1099 4318 humiliter.
1142 4256 1245 4333 Neque
1268 4256 1474 4334 adstringimur
1495 4259 1533 4319 ad

188 4345 253 4418 hoc,
276 4350 309 4404 nt
331 4353 465 4404 tonorum
487 4343 662 4420 reliquorum
691 4341 841 4401 dimidiam
870 4350 981 4419 partem
1003 4361 1152 4403 sumamus
1184 4362 1250 4404 cum
1271 4344 1441 4406 Ptolemaeo
1462 4362 1534 4422 pro·

188 4432 350 4492 lundiorem
377 4438 534 4509 systemate
560 4429 761 4507 Gprincipali
783 4439 812 4489 et
834 4430 976 4504 naturali,
1009 4431 1158 4490 dimidiam
1184 4431 1325 4491 altiorem.
1370 4433 1531 4494 Possumus

189 4521 264 4579 enim
287 4518 336 4579 vel
359 4535 459 4579 omues
483 4519 615 4593 altiores,
646 4517 695 4577 ιιι
722 4534 822 4577 omnes
850 4517 1018 4578 humiliores
1040 4535 1169 4590 sumere,
1204 4518 1369 4579 cumidem
1398 4523 1533 4597 utrinqne

188 4614 327 4684 sequatur
348 4606 419 4667 ordo
443 4611 657 4682 concinuornm,
680 4616 750 4665 tunc
770 4606 921 4679 nimirum,
950 4606 975 4663 si
998 4613 1127 4681 systema
1150 4603 1274 4682 duplicis
1296 4614 1421 4668 octavae
1443 4616 1532 4669 natu-

187 4694 286 4755 raliter
309 4695 501 4771 compositum
523 4695 643 4771 incipiat
664 4711 684 4753 a
706 4692 784 4753 clari
809 4691 845 4753 G.
891 4692 930 4752 At
952 4694 978 4750 ιι
999 4700 1113 4769 partem
1135 4691 1320 4768 humiliores,
1350 4702 1462 4772 partem
1485 4693 1532 4755 al·

187 4785 274 4842 tiores
296 4781 437 4841 iaciamus
460 4797 525 4841 curn
546 4781 731 4854 Ptolemaeo,
763 4788 891 4849 systema
912 4780 1044 4840 naturale
1073 4783 1116 4841 sie
1138 4781 1192 4839 erit
1220 4783 1465 4858 componendum,
1499 4789 1533 4841 nt

187 4869 261 4930 inira
283 4869 419 4947 diapente
442 4867 598 4943 addamus,
628 4886 717 4944 snpra
738 4866 935 4940 diatessaron,
966 4874 996 4926 ιι
1026 4870 1067 4926 ιιι
1098 4873 1230 4944 systema
1251 4872 1444 4946 compositum
1475 4868 1533 4929 du·

1311 4972 1377 5033 ra·
1423 4964 1426 4977 '

570 5068 582 5099 h
