3872 5846
360 386 423 447 252
772 383 815 437 De
833 379 1097 451 Gondgurationibus
1115 380 1294 438 Harmonieis.

794 498 802 529 i

362 568 394 622 et
412 562 648 637 somniatorium3
679 563 772 637 magis
795 559 966 637 increpandi
988 558 1125 619 videntur
1147 558 1351 639 philosophiae
1374 562 1552 649 professores
1574 558 1713 633 celebres,

361 652 411 727 qui
434 666 499 709 enm
521 652 665 726 recipiant
685 648 742 708 boe
764 649 802 709 ab
828 647 984 708 Aristotele
1007 665 1070 719 suo,
1095 648 1185 706 vitam
1209 651 1389 708 animantum
1417 648 1641 727 plantarumque
1664 648 1711 706 io·

361 739 424 796 veri
446 741 554 797 virtute
568 735 655 809 Solis,
677 753 737 795 non
759 737 951 813 perpendunt,
973 737 1083 812 percipi
1100 752 1169 810 ergo
1185 736 1296 796 abillis
1311 741 1451 798 creaturis
1473 738 1609 796 virtutem
1625 734 1711 794 Solis.

363 825 445 885 Iners
469 826 586 884 omnino
611 832 641 883 et
662 824 847 883 somnolenta
868 823 1063 900 philosophia,
1088 839 1164 897 quse
1186 825 1295 900 patitur
1309 824 1408 885 Solem
1431 827 1460 882 in
1483 825 1556 884 baec
1578 825 1714 907 inferiora

267 914 272 933 ⁸
363 930 469 999 agere,
496 920 526 971 ut
548 913 706 971 statuarius
729 914 791 987 agit
812 914 841 970 in
864 913 1016 971 materiam
1039 913 1216 984 exanimem,
1251 926 1318 971 enm
1340 912 1456 989 sculpra
1479 912 1540 971 Soli
1573 920 1603 971 et
1631 909 1713 970 caela

295 1010 302 1030 ¹
362 1008 391 1059 ct
415 999 553 1059 dolabrae
577 999 673 1058 desint
697 1007 726 1059 et
749 1001 848 1057 emnia
870 1001 1061 1057 instrumenta
1084 1014 1232 1073 corporea.
1279 999 1396 1075 Quanto
1423 999 1592 1075 vigilantior
1614 998 1714 1074 pbilo-

363 1086 463 1163 sophis
491 1087 571 1147 hisce
600 1091 689 1162 poeta
711 1086 871 1163 Virgilius,
893 1093 1004 1162 quanto
1032 1093 1061 1143 et
1090 1086 1270 1160 sapientior?
1301 1090 1351 1163 qul
1379 1105 1416 1147 ne
1444 1086 1554 1164 pluviis
1585 1085 1712 1161 quidem,

364 1192 440 1251 quae
462 1181 531 1233 sunt
552 1182 651 1234 tamen
676 1182 704 1233 et
725 1176 809 1250 ipsae
832 1191 899 1250 pars
922 1175 1071 1245 materiae,
1095 1168 1280 1243 transscribit*
1300 1177 1407 1248 omnia,
1430 1174 1482 1235 sed
1501 1174 1713 1233 Terraesinua

364 1270 514 1338 comparat
535 1265 650 1338 premio
673 1260 809 1337 moringis
840 1259 1008 1336 etquidem
1032 1261 1142 1331 laetae,
1174 1260 1231 1319 hoc
1259 1270 1304 1320 est
1333 1264 1533 1340 percipientis,
1565 1260 1634 1336 quid
1657 1262 1713 1319 eibi
1778 1292 1783 1307 ι

365 1349 430 1423 fiat,
461 1367 526 1409 cum
550 1349 702 1427 voluptate
732 1359 871 1424 motuque
895 1348 1000 1408 idoneo
1031 1348 1168 1406 maritum
1195 1348 1378 1424 adjuvantis,
1408 1340 1488 1426 qnae¹
1507 1352 1605 1408 emnia
1633 1351 1714 1408 vitae

309 1452 313 1461 ’
365 1444 434 1496 sunt
456 1436 566 1497 indicia
588 1440 774 1512 animamque
798 1443 966 1513 supponunt
989 1437 1017 1492 in
1041 1451 1160 1511 corpore
1183 1438 1314 1512 patienti.
1359 1438 1421 1497 Nec
1438 1440 1513 1497 enirn
1528 1435 1613 1496 facile
1628 1436 1715 1495 tuerit

366 1523 445 1598 Soli,
468 1524 609 1585 militibus
633 1525 746 1584 idoneis
769 1523 923 1591 destituto,
954 1522 1093 1581 invadere
1121 1538 1216 1581 arcem
1238 1523 1314 1583 hanc
1337 1528 1480 1584 viscerum
1506 1525 1627 1595 Terrae,
1658 1525 1714 1581 nisi

368 1622 525 1672 concurrat
547 1616 646 1672 anima
668 1611 891 1688 qualiscunque,
915 1610 1020 1670 sedens
1043 1611 1130 1681 intus,
1153 1626 1218 1668 cum
1233 1611 1317 1672 hoste
1334 1612 1483 1672 colludens
1508 1614 1594 1687 eique
1616 1618 1716 1688 portas

336 1692 340 1705 '
368 1701 512 1777 aperiens.
559 1699 677 1767 Videas,
701 1699 835 1759 laborare
857 1698 945 1775 hujus
969 1696 1209 1756 considerationis
1224 1699 1358 1774 neglectu
1383 1718 1435 1760 ceu
1450 1706 1571 1760 veterno
1587 1698 1716 1774 quodam

368 1786 534 1864 plerosque,
558 1790 607 1864 qni
631 1786 679 1851 vel
701 1788 851 1845 minimum
882 1783 1060 1860 astrologiae
1083 1785 1229 1862 tribunum
1258 1786 1332 1846 adeo
1355 1787 1488 1864 quidem,
1520 1796 1553 1845 ut
1575 1804 1641 1847 eum
1663 1804 1717 1846 ex·

367 1877 457 1935 orirer
479 1891 551 1951 ego,
582 1876 634 1951 qul
663 1873 782 1933 medum
812 1873 1060 1947 demonstrabam,
1094 1889 1152 1947 quo
1183 1881 1353 1949 sequeretur
1381 1894 1418 1935 ex
1440 1883 1563 1953 aspectu
1593 1875 1716 1934 mutatio

367 1969 592 2039 tempestatum,
623 1964 760 2021 existeret
782 1964 827 2020 vir
849 1961 976 2033 celeber,
1006 1960 1055 2035 qui
1080 1968 1112 2017 ut
1134 1977 1180 2019 me
1202 1962 1341 2021 refutaret
1367 1981 1476 2039 magna
1498 1958 1717 2028 assereretione

368 2049 578 2122 contendebat,
607 2049 774 2126 pluviarum
796 2051 947 2109 materiam
971 2045 1064 2123 (quod
1086 2064 1175 2122 supra
1196 2048 1245 2107 iol.
1270 2051 1333 2108 235
1356 2054 1385 2108 in
1409 2050 1498 2127 vulgo
1528 2052 1617 2110 etiam
1638 2048 1718 2108 ride·

366 2137 485 2214 bamus)
508 2136 664 2197 coelestem
687 2154 767 2210 esse,
790 2153 885 2212 neque
908 2144 1015 2209 tamen,
1039 2151 1075 2192 ne
1098 2137 1140 2192 eie
1163 2136 1289 2211 quidem,
1306 2137 1449 2215 docebat,
1473 2154 1532 2214 qno
1555 2145 1642 2214 pacto
1657 2136 1717 2208 fiat,

368 2232 401 2285 ut
424 2241 489 2284 cum
518 2243 633 2300 semper
662 2227 691 2282 in
714 2224 805 2284 Terra
832 2229 937 2283 coeant
966 2221 1149 2299 planetarum
1171 2223 1260 2298 radii,
1291 2225 1410 2300 pluviae
1440 2233 1510 2284 tunc
1534 2227 1633 2301 potius
1665 2224 1717 2283 de-

257 2362 260 2371 .
369 2312 476 2383 cidant,
499 2314 525 2370 si
546 2312 621 2371 radii
644 2313 776 2372 binorum
792 2312 976 2388 planetarum
991 2310 1099 2368 iaciant
1113 2309 1252 2385 angulum
1270 2310 1334 2386 60⁰,
1359 2331 1446 2389 quam
1468 2314 1492 2371 si
1511 2309 1567 2371 59⁰
1584 2320 1634 2372 ent
1653 2306 1718 2371 61⁰.

456 2400 519 2475 ligo
549 2417 619 2459 rere
650 2407 718 2460 ante
747 2402 845 2458 omnia
872 2397 921 2458 Je.
946 2397 1008 2456 Pici
1031 2395 1215 2458 Mirandulae
1239 2399 1361 2459 Comitis
1389 2401 1479 2461 libros
1502 2398 1589 2458 XIV.
1619 2407 1721 2457 contra

368 2485 558 2563 astrologiam
579 2487 652 2546 mihi
673 2486 813 2564 legendos
830 2472 938 2547 'censui
960 2486 1155 2558 rationesque,
1180 2502 1252 2560 qnas
1275 2488 1300 2545 ie
1323 2489 1428 2564 cuique
1445 2490 1532 2565 capiti
1549 2496 1718 2564 opponeret,

369 2573 575 2650 excutiendam
598 2593 656 2651 qua
677 2592 708 2634 re
730 2575 855 2646 iactum,
888 2583 1001 2633 utnon
1023 2579 1136 2630 tantum
1160 2573 1342 2635 confirmarer
1364 2577 1393 2634 in
1417 2575 1603 2635 damnatione
1625 2573 1720 2651 pluri-

369 2680 481 2722 marum
504 2664 752 2738 superstitionum,
775 2661 826 2720 sed
850 2663 938 2721 etiarn
961 2663 990 2717 in
1014 2659 1189 2734 quibusdam
1212 2678 1290 2721 nora
1313 2661 1385 2721 mibi
1406 2662 1457 2721 iux
1480 2665 1617 2735 oriretur,
1650 2661 1719 2719 dum

369 2751 430 2808 vim
454 2751 651 2826 objectionum
684 2752 794 2827 ingenii
817 2752 1002 2809 contentione
1035 2745 1194 2805 discutiens
1231 2766 1292 2808 rem
1314 2753 1408 2826 ipsam
1431 2751 1557 2828 peqitins
1579 2749 1720 2825 introspi-

370 2838 493 2897 ciebam.
538 2838 675 2913 Denique
697 2838 766 2898 iecit
788 2836 861 2896 liber
882 2836 932 2895 iile
953 2832 1107 2894 refutando
1131 2835 1280 2909 nonnulla,
1304 2845 1336 2896 nt
1351 2839 1387 2896 iis
1411 2855 1466 2915 ego
1488 2837 1574 2897 iidern
1597 2836 1721 2897 adbibe-

370 2943 450 3004 rem,
480 2927 589 3001 quibus
611 2934 698 2985 antea
717 2935 750 2984 ut
772 2923 858 2984 iidem
882 2924 1059 2999 derogarem,
1084 2921 1224 2997 astrologi
1251 2923 1433 2984 defendendo
1464 2926 1626 3001 effecerant.
1673 2923 1722 2983 Sic

369 3013 425 3071 luit
447 3030 513 3072 cum
535 3014 712 3088 aspectibus.
759 3012 832 3071 Cum
855 3016 932 3072 enim
955 3028 991 3069 ex
1014 3022 1073 3066 uns
1094 3016 1176 3084 parte
1199 3015 1371 3088 respicerem
1394 3011 1432 3071 ad
1455 3012 1721 3073 constantissimam

371 3102 596 3176 experientiam.
621 3117 679 3159 non
703 3099 820 3175 quidem
844 3100 980 3172 nivibus,
1004 3102 1055 3155 aut
1079 3098 1188 3169 ventis,
1213 3108 1265 3159 aut
1290 3101 1456 3159 tonitrubus
1478 3099 1620 3175 aliisque,
1645 3116 1720 3174 quae

372 3187 540 3265 praedicere
563 3188 659 3247 solent
681 3187 836 3262 astrologi,
860 3189 954 3246 sicin
977 3184 1074 3260 specie
1096 3182 1231 3265 inhians,
1261 3188 1313 3267 sed
1336 3187 1510 3264 generaliter
1531 3186 1720 3246 animadver-

371 3282 445 3347 tens,
470 3282 578 3334 statum
601 3277 677 3333 adria
692 3292 868 3351 quocunque
883 3274 970 3332 modo
986 3273 1172 3344 commoveri,
1196 3275 1219 3331 si
1243 3284 1341 3335 essent
1357 3283 1500 3352 aspectus,
1525 3276 1606 3335 verbi
1623 3290 1720 3347 causa,

371 3365 397 3420 si
421 3370 517 3421 esseut
540 3363 689 3438 conjuncti
710 3362 790 3421 Mars
813 3371 843 3421 et
865 3362 990 3439 Jupiter,
1015 3360 1173 3433 quiescere,
1197 3363 1221 3418 si
1242 3380 1298 3422 non
1316 3362 1468 3436 essent3⁴li
1492 3380 1527 3421 ex
1544 3363 1636 3421 altera
1650 3376 1721 3420 vero

270 3472 275 3483 ·
372 3457 455 3525 parte
489 3448 726 3508 Mirandulanum
750 3448 896 3524 audirem,
931 3452 1131 3523 quaerentem:
1166 3464 1255 3521 qnare
1288 3452 1387 3528 potius
1413 3450 1525 3523 eredat,
1561 3449 1670 3509 Jovem
1693 3455 1722 3507 et

373 3536 513 3609 Martem,
538 3554 604 3596 cum
625 3537 763 3597 videntur
785 3537 871 3596 simul
894 3554 966 3603 esse,
989 3533 1101 3607 majora
1123 3532 1233 3607 secere,
1268 3556 1356 3614 quam
1385 3545 1541 3596 comeant
1569 3533 1723 3612 separati?

374 3626 484 3701 qnippe
507 3624 711 3701 conjunctione
734 3642 793 3683 non
816 3627 917 3701 augeri
939 3623 1064 3692 lumina,
1094 3627 1236 3694 quantum
1260 3628 1337 3685 enim
1364 3620 1556 3701 possederant
1586 3622 1723 3700 separati,

374 3718 488 3771 tanturn
511 3713 612 3771 afferre
634 3715 664 3769 in
687 3729 887 3788 congressum,
912 3709 1016 3788 quodsi
1040 3706 1222 3767 diversarum
1241 3713 1417 3788 qualitatum
1445 3711 1581 3788 planetae
1604 3713 1724 3781 coirent,

376 3796 468 3858 videri
490 3799 614 3861 alterurn
637 3801 675 3859 ab
698 3798 791 3859 altero
813 3802 911 3879 potius
935 3792 1083 3873 impediri3
1108 3792 1154 3852 hic
1176 3797 1296 3871 inquam
1313 3817 1368 3875 ego
1390 3802 1609 3877 responsionem
1632 3814 1725 3874 quae-

375 3903 458 3959 rens,
489 3894 522 3946 ut
543 3895 680 3962 aspectus
702 3894 811 3961 tuerer,
844 3887 881 3946 ad
905 3902 977 3962 ques
1000 3888 1131 3940 meteora
1153 3889 1236 3958 sequi
1261 3887 1415 3959 ridebam,
1451 3891 1577 3965 primum
1599 3883 1666 3944 ilios
1693 3892 1727 3944 ut

376 3990 503 4047 caueam,
528 3972 633 4033 deinde
656 3974 728 4033 haec
752 3982 783 4032 ut
805 3975 939 4034 effectum
955 3969 1123 4046 diligentius
1139 3974 1322 4034 considerare
1344 3977 1437 4051 coepi.
1484 3975 1631 4050 depectus
1648 3974 1724 4032 enim

376 4061 479 4133 iorma,
503 4077 579 4136 quae
601 4079 638 4121 aa
654 4054 882 4138 configuratione
906 4060 952 4121 rel
969 4054 1159 4133 angulatieue
1174 4065 1341 4134 promiscua
1356 4072 1506 4138 aspectum
1527 4062 1606 4134 iacit,
1630 4076 1726 4136 quan-

376 4150 446 4208 titas
469 4147 647 4224 qualitativa
669 4157 744 4223 erat,
774 4153 833 4209 imo
862 4149 964 4209 relatio
987 4145 1089 4204 talium
1114 4150 1310 4218 quantitatum
1341 4158 1418 4222 erat,
1451 4167 1502 4210 ens
1531 4165 1571 4209 sc.
1594 4150 1726 4206 rationis.

376 4233 418 4298 Ut
438 4238 529 4313 igitur
551 4243 748 4297 commoveret
770 4240 875 4311 a‘e'rern,
899 4233 1067 4313 opertebat,
1102 4238 1135 4287 ut
1157 4239 1298 4296 rationem
1333 4237 1462 4313 aliquam
1483 4239 1564 4314 prius
1585 4242 1726 4308 moveret,

377 4340 454 4401 quae
476 4325 525 4383 vel
548 4329 653 4399 adrem,
677 4324 725 4384 vel
738 4324 777 4399 id,
802 4342 860 4400 que
883 4327 908 4383 is
931 4321 1072 4390 turbatur,
1096 4318 1125 4373 iu
1141 4330 1288 4393 potestate
1304 4324 1404 4383 habet.
1449 4323 1543 4383 Simul
1566 4324 1604 4382 eb
1626 4321 1727 4382 oculos

378 4412 551 4470 versabatur
574 4415 752 4488 comparatio
775 4420 944 4489 aspectuum
967 4426 1032 4468 cnm
1053 4406 1269 4471 concordantiie
1290 4413 1417 4485 musicis,
1441 4410 1644 4470 aPtolemaeo
1666 4418 1728 4470 tra·

377 4498 453 4571 dita,
482 4498 658 4559 ailardsno
691 4499 852 4577 explicata,
885 4490 1131 4558 aMirandulano
1153 4515 1224 4557 vere
1251 4500 1337 4557 nimie
1360 4506 1469 4559 temere
1497 4498 1636 4575 explosa,
1668 4513 1728 4572 qua

370 4586 517 4663 analogia
544 4586 699 4664 plurimum
730 4605 793 4646 snm
821 4588 939 4663 adjutus
976 4589 1006 4644 in
1034 4596 1189 4645 causarum
1221 4586 1421 4683 indagatione.
1472 4587 1545 4646 Nem
1577 4585 1726 4661 pleraque,

378 4716 584 4727 ...η-*α

456 4780 480 4830 “)
494 4780 554 4822 (iare
572 4782 747 4831 ambiguitatem.
776 4780 811 4821 Ari
830 4779 924 4822 allectus
943 4782 1053 4821 meteorea
1074 4778 1211 4829 generaliter
1230 4778 1367 4816 concurrunt
1386 4778 1493 4826 aspectus
1514 4775 1574 4814 inter
1587 4783 1680 4824 caueae,
1704 4776 1729 4814 at

379 4831 475 4882 aliquam
489 4836 577 4884 longam
591 4839 677 4885 partem
696 4836 749 4876 anni
772 4834 865 4885 sineque
880 4834 1011 4884 qualitatem
1024 4835 1151 4875 conunuam
1172 4834 1196 4870 et
1209 4829 1335 4877 generalem
1356 4832 1464 4880 aspectam
1478 4828 1603 4879 quotidiani
1616 4836 1660 4867 non
1674 4836 1725 4868 cau·

379 4887 472 4936 tantur,
487 4887 529 4929 aad
541 4890 613 4938 munt
624 4889 649 4928 in
661 4888 711 4929 diae
725 4890 812 4929 tantum
826 4888 941 4938 singulos,
954 4887 978 4926 in
993 4897 1049 4937 quoa
1062 4886 1172 4928 incidunt.
1200 4882 1257 4924 Vide
1270 4881 1337 4925 intra.
