3940 5856
756 365 840 429 Liber
856 368 889 422 V.
908 367 998 437 Caput
1014 364 1062 423 IX.
1249 395 1273 473 ιι
1515 372 1578 433 stt

317 542 580 620 Epiphonema
601 543 653 603 IL.
698 543 814 609 Bonum
830 553 900 618 erat,
917 545 1028 605 solidas
1049 544 1160 621 ligurus
1181 547 1211 603 iu
1233 546 1336 621 ganesi
1358 542 1580 606 intervallorum

231 628 332 690 cedere
352 631 515 691 rationibus
537 632 713 691 harmonicis
735 631 960 709 harmoniaeque
975 634 1110 693 binorum
1130 632 1257 709 majores
1278 633 1437 693 harmoniis
1459 635 1580 695 univer·

231 717 342 776 salibra
366 720 504 793 omnium,
527 727 669 796 quantum
692 718 780 794 hujus
802 730 865 780 erat
886 736 1014 780 neeesse.
1124 734 1127 753 ¹

316 804 443 865 Pulchro
467 823 538 865 casu
559 806 598 867 ad
618 807 773 885 septenarii
798 807 973 883 quadratum
994 809 1035 868 te
1062 805 1247 881 devenimus,
1267 814 1301 865 ut
1322 806 1380 867 hoo
1394 806 1486 867 veluti
1507 809 1579 869 sab-

230 892 332 952 batum
354 892 502 970 quoddam
525 893 672 969 succedat,
694 896 862 970 praemissis
884 912 936 954 sex
958 892 1061 954 solidis
1077 897 1233 954 octonariis
1256 893 1409 953 effatorum
1432 894 1468 953 de
1491 911 1579 972 opere

231 980 386 1039 coelorum
431 976 537 1041 Merito
561 985 648 1042 etiam
672 981 866 1059 epiphonema
887 983 957 1058 ioci,
989 982 1067 1058 quod
1090 984 1163 1041 iuter
1185 983 1334 1041 axiomata
1356 982 1502 1060 praemitti
1521 999 1580 1059 po-
1617 989 1621 997 ’

230 1070 301 1127 tuit:
325 1070 396 1145 quia
418 1072 508 1128 etiam
531 1069 644 1128 Deus'
631 1087 694 1143 Jam
719 1068 871 1147 defunctus
895 1086 984 1147 opera
1013 1071 1168 1130 creationis
1195 1068 1272 1128 uidit
1294 1072 1409 1144 omniu,
1433 1087 1512 1146 quae
1532 1070 1576 1148 fc·

230 1162 322 1229 cerat,
345 1163 374 1214 et
394 1173 457 1215 ecca
478 1165 568 1216 aaut
589 1156 677 1215 uui&
699 1157 809 1218 bona.-
883 1176 889 1181 ·

318 1242 386 1302 Duo
409 1249 478 1303 suut
500 1244 735 1322 epiphonematis
757 1245 902 1304 membra·
926 1245 1051 1321 primum
1066 1243 1102 1303 do
1117 1242 1298 1303 harmoniis
1291 1260 1320 1301 rrr
1335 1260 1442 1319 genere
1456 1244 1500 1303 sic
1522 1241 1577 1304 de·

231 1337 418 1392 mouebatur
448 1330 524 1390 Nam
546 1332 597 1391 ubi
621 1330 750 1391 delectus
773 1342 817 1391 est
839 1333 913 1391 inter
936 1330 1053 1392 diversa
1074 1348 1106 1390 se
1129 1338 1231 1390 mutuo
1252 1332 1311 1391 iton
1334 1347 1370 1390 er
1392 1347 1458 1390 asse
1481 1331 1578 1392 leren-

232 1418 282 1490 tia,
305 1418 348 1477 ibi
370 1418 560 1495 praeferenda
581 1435 646 1479 esse
668 1422 881 1495 praestantiora
896 1417 1153 1495 derogandumque
1175 1418 1338 1490 vilioribus,
1360 1427 1501 1495 quantum
1524 1437 1579 1479 ne-

232 1520 313 1565 cesse
346 1513 406 1578 est,
438 1507 505 1582 lpse
535 1522 593 1567 vox
612 1528 667 1567 rou
689 1529 811 1580 κοσμου,
844 1524 919 1583 quae
951 1514 1085 1566 ornatum
1112 1506 1274 1582 significat,
1304 1522 1427 1581 arguere
1453 1503 1577 1565 videtur.

233 1592 324 1668 Atqui
346 1602 456 1668 quanto
480 1595 541 1652 vita
562 1608 698 1671 corpore,
723 1594 814 1653 iorma
836 1596 971 1667 materia,
995 1601 1077 1654 muto
1099 1601 1230 1670 praestat
1251 1599 1371 1653 umatus
1392 1593 1578 1713 harmonicus

231 1682 408 1755 geometrico
431 1681 566 1767 simplici.

318 1764 394 1827 Nam
417 1775 450 1826 ut
472 1768 651 1828 animantum
681 1784 803 1846 corpora
830 1767 943 1853 perficit
970 1769 1046 1837 vita,
1080 1768 1151 1844 quia
1178 1765 1216 1828 ad
1245 1766 1322 1827 hauc
1343 1765 1489 1843 agendam
1510 1774 1579 1827 sunt

233 1861 321 1914 naue
347 1860 418 1927 (vids
444 1860 553 1915 iro.1v
572 1862 616 1913 iol.
635 1858 727 1930 256),
746 1854 825 1932 quod
848 1872 885 1915 ex
906 1854 1065 1932 archetypo
1087 1853 1200 1927 mundi,
1223 1856 1275 1931 qui
1296 1856 1371 1914 est
1363 1872 1428 1933 rpsa
1451 1857 1579 1914 essentia
1646 1920 1648 1929 ,

233 1940 343 2015 divina,
365 1943 513 2017 sequitur,
546 1943 590 2001 sic
610 1943 747 2018 regiones
767 1942 894 2019 planetis
917 1943 1071 2003 attributas
1093 1948 1200 2016 motus,
1222 1941 1326 2001 sideris
1354 1959 1501 2019 quamque
1523 1943 1580 2016 sui,

236 2035 377 2104 metatur3
410 2030 481 2105 qnia
510 2037 544 2087 ut
565 2027 646 2088 sidus
677 2032 789 2089 moveri
811 2038 924 2108 posset,
957 2031 1039 2107 regio
1062 2029 1105 2088 illi
1131 2046 1187 2089 sua
1207 2028 1262 2088 luit
1284 2030 1444 2106 assignua.
1489 2029 1582 2105 Atqui

235 2115 346 2192 figurae
368 2118 498 2193 quinque
519 2116 631 2176 solidae
660 2118 796 2177 vivacis
828 2118 921 2194 ipsius
944 2115 982 2177 ad
1012 2117 1108 2195 spatia
1136 2117 1287 2193 regionum
1316 2118 1462 2192 pertinent
1493 2122 1523 2176 et
1541 2116 1581 2176 ad

235 2202 350 2262 illarum
373 2219 585 2280 corporumque
608 2221 776 2280 numerum3
804 2204 974 2271 harmoniae
1006 2221 1076 2263 varo
1099 2202 1137 2263 ad
1159 2210 1266 2263 motus.
1309 2203 1437 2269 Rursum
1462 2211 1494 2262 ut
1515 2220 1581 2262 ma·

235 2292 312 2353 teria
331 2290 437 2351 diffusa
460 2302 505 2351 est
527 2302 557 2352 et
579 2288 731 2352 indefinita
753 2310 789 2352 ex
811 2308 843 2353 se
873 2295 952 2368 ipsa,
983 2292 1076 2351 forma
1098 2290 1232 2365 definita,
1264 2292 1348 2351 unita
1370 2299 1400 2351 et
1423 2292 1582 2350 terminans

235 2379 302 2455 ipsa
323 2380 489 2438 materiam:
521 2381 565 2439 sic
588 2382 677 2439 etiam
699 2380 918 2457 proportionum
940 2380 1182 2456 geometricamm
1203 2377 1335 2439 infinitas
1357 2385 1439 2447 sunt,
1462 2377 1582 2438 humo·

236 2467 303 2525 niae
325 2482 447 2545 paucae.
478 2466 540 2525 Etsi
563 2468 640 2527 enim
663 2468 739 2525 inter
753 2470 945 2544 geometricas
959 2468 1048 2526 etiam
1071 2468 1140 2525 certi
1163 2472 1231 2525 sunt
1252 2464 1360 2542 mades
1382 2464 1583 2526 definitionum

236 2553 501 2629 formationumquo
524 2560 553 2613 et
574 2555 804 2630 restrictionem,
838 2571 893 2615 nec
922 2554 1021 2631 plures
1049 2555 1142 2613 tribus
1172 2557 1296 2614 existere
1324 2561 1447 2631 possunt
1469 2570 1505 2613 ex
1527 2553 1582 2612 ad-

236 2643 394 2718 scriptione
418 2641 532 2700 orbinm
554 2641 592 2702 ad
613 2642 722 2717 figuras
744 2640 908 2719 regulares:
931 2648 1060 2702 muman
1084 2640 1137 2700 bas
1160 2643 1248 2701 etiam
1271 2657 1512 2701 commonacum
1532 2657 1582 2700 re·

235 2726 325 2803 liquis
358 2729 492 2787 omnibus
522 2729 657 2789 accidens
689 2732 835 2806 sequitur,
866 2727 946 2806 quod
970 2730 1213 2807 praesupponitur
1242 2726 1354 2786 infinita
1387 2729 1582 2804 quantitatum

126 2810 138 2823 ⁸
237 2817 328 2873 sectio
351 2814 517 2892 possibilis,
540 2833 630 2892 qnam
653 2819 742 2878 etiam
764 2825 832 2877 ectu
855 2815 1072 2893 quodammodo
1094 2814 1250 2875 involvunt
1272 2812 1354 2889 illae,
1377 2831 1501 2891 quarum
1522 2823 1584 2875 tor-

237 2904 307 2959 mini
330 2913 399 2962 sunt
420 2905 494 2963 iuter
516 2921 548 2962 se
570 2903 886 2968 incommensurabiles
910 2903 949 2962 ht
963 2903 1147 2963 harmonicae
1169 2904 1371 2980 proportiones
1393 2918 1494 2961 omnes
1516 2908 1585 2961 sunt

238 2988 381 3065 ellabilos,
405 2992 534 3049 omnium
556 2995 670 3051 termini
692 2991 1005 3066 commensurabiles,
998 2992 1077 3068 rique
1099 2989 1224 3050 desumti
1239 3007 1276 3049 ex
1295 2988 1454 3066 figurarum
1477 2989 1584 3068 plana·

237 3094 300 3135 rum
324 3084 403 3139 certa
425 3091 455 3138 et
476 3077 559 3138 finita
574 3082 688 3174 specle.
732 3078 865 3139 infinitae
888 3095 957 3139 vero
980 3079 1117 3138 sectionis
1140 3079 1308 3151 materiam,
1341 3078 1584 3138 commensuratio

239 3180 309 3223 vero
332 3181 385 3224 aen
408 3148 579 3225 affabilitas
597 3169 783 3227 terminorum
805 3167 927 3227 formam
955 3172 1163 3243 repraesentet.
1207 3161 1248 3224 Ut
1269 3165 1357 3241 igitur
1378 3166 1500 3224 matula
1520 3166 1583 3224 ior·

239 3269 327 3324 mam,
351 3260 384 3312 ut
405 3251 477 3312 rude
500 3271 620 3328 susum,
640 3254 741 3330 justae
764 3253 882 3330 quidem
904 3255 1092 3329 quantitatis,
1116 3252 1212 3312 ideam
1234 3252 1354 3312 humaui
1378 3252 1518 3329 corporis,
1541 3251 1585 3312 sio

238 3341 433 3416 geometricae
456 3338 592 3416 figurales
616 3344 817 3420 proportiones
839 3341 1006 3400 harmonias
1019 3349 1179 3418 appetunt,
1202 3356 1260 3399 non
1281 3347 1316 3399 ut
1335 3338 1448 3415 fingant
1470 3346 1501 3398 et
1522 3337 1584 3398 ior·
1629 3366 1632 3385 ·

201 3442 204 3455 ·
239 3434 319 3485 ment
340 3424 423 3500 illae,
456 3427 508 3487 sed
531 3430 600 3504 quia
622 3430 696 3490 haec
717 3431 840 3490 materis
861 3427 898 3487 ad
921 3428 996 3487 hauc
1024 3427 1162 3501 sormam,
1192 3427 1267 3488 haec
1288 3428 1353 3485 saxi
1376 3428 1524 3502 quantitas
1546 3425 1585 3486 ed

237 3512 314 3573 hanc
337 3514 471 3591 effigiem,
493 3514 567 3576 baec
588 3520 676 3577 etiam
698 3515 829 3593 figuralis
851 3517 999 3594 proportio
1021 3513 1060 3575 ad
1082 3515 1158 3574 hanc
1179 3514 1360 3575 harmoniam
1383 3511 1509 3595 quadrat
1529 3530 1585 3592 ap·

238 3604 311 3674 tius,
342 3611 375 3662 ut
398 3604 486 3678 igitur
507 3601 653 3680 fingantur
675 3605 890 3680 iormeutnrqua
914 3602 1054 3681 amplius,
1084 3604 1206 3662 materia
1229 3601 1346 3678 quidem
1368 3620 1387 3661 a
1409 3618 1463 3661 sua
1484 3600 1585 3676 forms,

238 3706 343 3748 sarum
366 3707 384 3748 a
405 3690 521 3768 colepte
543 3692 571 3749 in
602 3694 729 3770 speciem
752 3694 924 3765 animantis3
953 3691 1103 3769 proportio
1126 3705 1196 3751 vero
1227 3689 1341 3750 orbium
1370 3687 1537 3766 figuralium
1567 3704 1587 3747 a

237 3793 301 3849 sua,
325 3776 355 3835 id
378 3786 422 3836 est
444 3780 608 3855 propinqua
630 3788 661 3840 et
682 3787 753 3858 apta
774 3778 935 3839 harmonia.
1476 3802 1480 3811 ⁴

325 3862 407 3939 Quae
430 3864 487 3923 huc
509 3883 602 3943 nsque
624 3875 692 3925 sunt
714 3866 808 3940 dicta,
842 3866 965 3926 clariora
986 3863 1057 3923 fient
1079 3881 1115 3923 ex
1137 3863 1262 3924 historia
1283 3880 1414 3923 mearum
1436 3863 1585 3923 invenim-

231 3966 316 4035 num.
361 3951 435 4011 Cum
456 3961 525 4013 aute
548 3956 589 4012 tt
611 3971 705 4014 annos
727 3957 756 4012 in
779 3953 854 4023 hano
878 3951 1152 4029 contemplationem
1178 3950 1360 4024 incidissem,
1390 3952 1515 4029 primum
1538 3951 1585 4008 irr-

237 4039 364 4114 quisivi,
396 4057 464 4098 num
493 4041 668 4117 aequalibus
701 4039 864 4102 intervallis
895 4041 933 4100 ab
962 4041 1089 4099 invicem
1119 4037 1259 4098 distarent
1286 4038 1372 4098 orbes
1399 4036 1585 4116 planetarum

236 4126 344 4201 singuli
366 4123 530 4207 (distento.
547 4130 632 4188 orbes
654 4132 684 4188 iu
707 4129 877 4206 Copemico,
901 4144 956 4186 nec
978 4144 1043 4187 sese
1063 4134 1166 4186 mutuo
1182 4123 1354 4204 attinguntJ:
1377 4124 1450 4184 nihil
1472 4124 1585 4185 scilicet

236 4213 385 4291 pulchrius
417 4216 613 4291 agnoscebam
641 4215 830 4294 aequalitatis
860 4216 982 4274 ratione.
1028 4212 1077 4272 llli
1098 4231 1168 4273 vero
1198 4221 1287 4291 caput
1315 4219 1345 4273 ot
1368 4212 1463 4273 cauda
1485 4210 1585 4273 deest:

236 4300 350 4360 nulium
373 4305 450 4361 enim
472 4319 623 4364 numerum
646 4311 756 4365 certum
779 4319 932 4381 corporum
953 4300 1122 4374 mobilium,
1157 4299 1267 4362 nullam
1290 4307 1399 4362 comm
1420 4299 1584 4362 intervallis

237 4392 429 4464 quantitatem
459 4391 619 4467 praebebat
652 4392 725 4453 haec
751 4390 910 4452 materialis
944 4387 1118 4465 aequalitas.
1164 4388 1302 4465 Cogitavi
1323 4389 1411 4464 igitur
1433 4388 1470 4449 de
1493 4389 1584 4447 inter-

237 4474 382 4536 vallorum
403 4477 592 4538 similitudine
614 4477 652 4539 ad
675 4480 769 4553 orbes,
792 4477 890 4537 id-est
912 4476 948 4536 de
969 4477 1175 4554 proportione„
1203 4477 1244 4535 ht
1265 4475 1441 4556 sequebatur
1464 4472 1584 4552 querela

236 4562 357 4639 eadem3
380 4581 448 4625 nam
471 4568 526 4624 etsi
548 4558 761 4644 proveniebant
783 4564 900 4643 quidem
923 4562 1079 4624 intervalla
1106 4566 1181 4623 iuter
1203 4564 1288 4623 orbes
1310 4562 1479 4639 inaequalia
1500 4578 1584 4642 sans,

237 4659 268 4709 at
290 4668 345 4713 nec
368 4651 560 4728 inaequaliter
582 4654 760 4732 inaequalia,
783 4659 817 4712 ut
839 4652 903 4715 vult
917 4651 1107 4730 (lopenricus,
1129 4667 1183 4710 neo
1205 4652 1354 4729 quantitas
1375 4650 1584 4729 proportionis,
1621 4713 1623 4716 ,

235 4754 290 4798 nec
311 4757 447 4800 numerus
471 4740 585 4800 orbium
606 4742 794 4805 alliciebatur.
838 4740 975 4800 Transivi
1004 4737 1045 4799 ad
1066 4737 1175 4816 figuras
1196 4736 1300 4818 planas
1322 4736 1488 4815 regularem
1520 4735 1582 4797 ior·

286 4848 510 4911 xsprsnosenv.
1381 4841 1422 4900 21
