3792 5860
412 411 473 471 100
854 400 895 453 De
912 399 1074 468 Figuratum
1090 398 1311 454 Harmonicarum
1423 399 1424 402 ’

415 578 550 648 hexagoni
573 583 600 633 et
614 576 663 632 FG
681 574 816 643 decagoni,
835 575 888 629 hoc
905 522 950 628 est
966 572 1191 628 semidiametrnrn
1209 570 1259 626 Ae
1280 578 1309 627 et
1326 576 1417 627 sectae
1440 571 1568 639 majoram
1585 571 1691 638 partem
1708 567 1756 623 Ao

413 657 502 712 simul.
537 657 612 712 Haec
635 653 827 710 demonstratio
850 655 878 709 in
896 652 1011 708 Euclide
1037 650 1224 733 difficultatem
1241 649 1324 705 habet
1341 657 1451 735 captus;
1475 648 1586 704 tentabo
1609 646 1692 716 igitur
1714 647 1758 702 bio
1795 674 1802 682 ·

414 735 657 871 fafflffieltlerminis
675 814 768 870 lateris
785 811 957 883 pentagonici
975 811 1009 874 Β,
1032 810 1056 864 D
1076 809 1211 863 ducantur
1232 823 1283 878 per
1299 806 1325 861 A
1343 814 1464 863 centrum
1484 811 1575 873 rectae
1592 803 1640 858 BG
1659 808 1687 858 et
1702 802 1757 857 DI:

797 897 825 946 et
842 896 873 945 ut
894 889 944 943 DB
961 888 1100 944 subtendit
1121 885 1162 956 sia
1191 887 1230 943 sic
1246 889 1369 958 proxima
1385 887 1434 942 DL
1454 893 1511 941 tres
1528 890 1556 939 et
1571 884 1623 937 DK
1642 888 1758 951 quatuor

551 956 600 1007 ²³¹⁸·
615 955 648 998 ¹*
797 966 943 1031 subtendit,
963 974 1092 1021 ‘secantes
1109 965 1157 1021 BG
1175 968 1203 1025 in
1215 970 1242 1039 S,
1261 968 1286 1022 R
1302 966 1419 1036 punctis.
1453 965 1538 1035 Igitur
1549 963 1612 1019 LDI
1632 958 1757 1028 angulus

600 1054 603 1061 ’
798 1045 825 1101 id
844 1053 886 1101 est
904 1045 981 1113 sut,
999 1047 1083 1103 habet
1099 1050 1116 1122 ξ
1135 1050 1214 1105 unius
1231 1048 1312 1115 recti,
1334 1045 1397 1117 quia
1413 1043 1452 1097 LI
1469 1053 1512 1099 eat
1528 1045 1546 1116 l
1563 1039 1668 1105 cuculi,
1687 1036 1757 1091 ⁸50¹st

690 1105 707 1146 L
799 1125 895 1191 etFH,
914 1131 941 1179 et
957 1140 1021 1180 vero
1039 1129 1197 1197 aequalibus
1216 1128 1332 1183 uoubus
1350 1122 1443 1193 anguli
1459 1120 1495 1175 ad
1514 1115 1757 1176 circumferentiam

737 1255 757 1293 Κ
798 1197 928 1257 insistunt
945 1204 1072 1272 aequales
1089 1208 1178 1275 (Eucl.
1190 1208 1238 1262 III.
1257 1207 1300 1261 21.
1319 1203 1380 1270 tt).
1416 1201 1468 1256 Est
1487 1217 1550 1257 vero
1568 1199 1649 1289 DAB,
1666 1197 1696 1253 id
1714 1199 1757 1251 est

800 1281 868 1336 DAS
886 1284 903 1358 ξ
921 1283 1001 1338 unius
1019 1287 1102 1356 recti,
1121 1288 1186 1355 qnia
1201 1285 1250 1340 DB
1267 1288 1331 1354 pars
1350 1281 1445 1352 quinta
1463 1287 1505 1336 est
1522 1277 1626 1346 meua,
1648 1290 1756 1331 mensu·

800 1361 884 1415 rantis
903 1368 1019 1429 quatuor
1035 1372 1124 1420 rectos
1142 1366 1214 1420 circa
1230 1363 1271 1429 A,
1295 1360 1384 1431 juncti
1401 1360 1484 1429 igitur
1501 1359 1584 1426 SAD,
1602 1356 1672 1411 ADS
1691 1362 1756 1411 sunt

740 1452 750 1491 1
799 1441 914 1511 innius
931 1442 1008 1496 recti.
1044 1444 1081 1498 At
1098 1459 1190 1499 omnes
1216 1449 1272 1497 tres
1290 1447 1357 1498 sunt
1374 1442 1413 1513 ¹3⁹,
1440 1454 1504 1507 ergo
1522 1435 1604 1493 etiam
1630 1434 1755 1490 residuus

799 1519 870 1574 DSA
888 1527 931 1575 est
947 1522 971 1592 ξ.
1007 1521 1060 1577 Ειι
1076 1522 1158 1591 igitur
1175 1520 1246 1578 DSA
1263 1520 1386 1589 aequalis
1402 1520 1456 1589 ipsi
1472 1517 1557 1585 DAS,
1584 1515 1656 1570 latus
1673 1514 1756 1583 igitm

681 1602 703 1643 Η
801 1597 847 1651 DS
866 1597 981 1666 aequale
999 1608 1041 1655 est
1057 1601 1135 1657 lateri
1148 1604 1199 1658 DA
1217 1599 1423 1657 semidiametro.
1454 1595 1527 1666 Ergo
1544 1611 1595 1664 per
1609 1593 1687 1663 ptiar
1703 1605 1754 1659 se,

799 1675 959 1731 midiametri
971 1678 1021 1732 DA
1038 1678 1276 1747 proportionaliter
1293 1682 1384 1733 sectae
1401 1691 1465 1746 pars
1482 1675 1569 1743 maior
1586 1678 1686 1743 aequat
1701 1668 1755 1741 SA,

410 1765 452 1815 est
468 1758 550 1824 igitur
567 1757 611 1811 SA
630 1755 750 1826 aequalis
770 1755 849 1811 lateri
868 1756 1011 1825 decagoni,
1029 1774 1079 1827 per
1097 1758 1175 1814 dicta.
1212 1759 1250 1813 Et
1266 1756 1317 1813 DA
1335 1762 1378 1811 eat
1395 1753 1602 1820 semidiameter,
1625 1750 1698 1805 latus
1717 1763 1755 1803 sc.

408 1836 552 1904 hexagoni.

494 1915 572 1983 Dieo,
591 1911 663 1968 latus
674 1913 822 1983 pentagoni
832 1913 884 1989 ΠΒ
895 1926 977 1982 possa
987 1919 1130 1984 auumque
1142 1922 1169 1969 et
1181 1914 1224 1969 SA
1243 1922 1272 1970 et
1282 1913 1341 1968 AD.
1378 1912 1507 1966 (innuero
1524 1907 1598 1963 enim
1613 1911 1636 1959 K
1655 1921 1717 1960 cum
1734 1905 1754 1961 S

409 2000 437 2049 et
455 2008 516 2049 eum
534 1993 565 2062 A,
585 1992 649 2061 qnia
665 1990 728 2062 DA,
747 1993 798 2046 ΑΚ
816 1999 880 2047 sunt
897 1992 1040 2062 aequales,
1059 1999 1087 2048 et
1102 1993 1163 2060 DS,
1183 1993 1228 2049 ΒΚ
1246 1992 1342 2048 iisdem
1359 1989 1502 2059 aequales,
1521 1993 1602 2044 erunt
1617 1992 1646 2041 et
1662 1991 1754 2056 partes

409 2073 461 2143 SR,
480 2073 529 2128 ΒΑ
546 2071 690 2140 aequales,
709 2078 737 2125 ει
754 2072 827 2126 DRB
851 2078 942 2126 rectus
961 2080 1011 2128 est
1047 2073 1121 2142 Ergo
1140 2073 1187 2127 DB
1205 2076 1298 2142 petest
1314 2069 1378 2138 DR,
1405 2068 1463 2123 RB.
1497 2066 1581 2135 Atqui
1597 2064 1649 2119 DR
1665 2066 1754 2120 minus

407 2160 500 2223 potest
517 2168 598 2222 qaam
615 2153 666 2207 DA
686 2151 837 2220 quanumte
855 2151 993 2218 potentiae
1010 2152 1074 2217 ΒΑ,
1101 2158 1130 2206 ει
1146 2152 1197 2207 BR
1213 2151 1302 2206 minus
1324 2153 1417 2219 potest
1435 2162 1515 2217 quam
1532 2146 1581 2202 BA
1603 2145 1754 2213 quantae

408 2239 436 2286 st
453 2231 602 2303 rectanguli
619 2231 670 2287 sub
688 2231 745 2298 BR,
764 2230 814 2285 RA
831 2230 887 2298 bis,
908 2235 937 2284 et
953 2229 1092 2298 potentiae
1109 2230 1195 2299 ipsius
1212 2230 1261 2284 RA
1275 2227 1439 2295 iunctorum.
1473 2226 1589 2280 iunctae
1606 2223 1689 2291 igitur
1705 2239 1753 2294 po-

407 2310 508 2364 tentiae
525 2309 589 2377 DR,
620 2308 668 2363 RB
685 2309 803 2362 minores
822 2314 885 2362 sunt
898 2307 1002 2375 junctis
1020 2310 1148 2377 potentiis
1165 2307 1228 2378 DA,
1246 2308 1295 2363 AB
1316 2304 1473 2374 rectangulo
1491 2305 1542 2360 sub
1560 2304 1618 2373 RA,
1636 2302 1683 2357 AB
1700 2300 1752 2368 bie,

407 2386 461 2442 hoc
480 2395 523 2443 est
538 2387 695 2456 rectangulo
715 2389 766 2443 sub
779 2388 831 2455 SA,
851 2388 898 2441 AB
918 2384 1009 2441 semel.
1044 2387 1128 2456 Atqui
1146 2387 1199 2442 duo
1218 2385 1377 2456 reetangnla
1393 2390 1443 2440 sub
1462 2383 1513 2453 SA,
1524 2383 1574 2438 AB
1592 2390 1620 2437 et
1637 2380 1687 2437 sub
1700 2380 1753 2448 SB,

404 2460 456 2520 ¹BA
475 2466 645 2521 constituunt
662 2472 750 2521 totum
768 2466 930 2533 quadratum
942 2468 997 2521 BA.
1034 2467 1133 2521 Ablato
1152 2481 1215 2536 ergo
1233 2464 1389 2535 rectangulo
1407 2464 1458 2519 sub
1475 2463 1531 2533 SA,
1550 2462 1607 2531 AB,
1623 2457 1751 2528 relinqui-

407 2551 453 2599 tur
480 2544 641 2614 quadratum
662 2545 748 2614 ipsius
765 2545 817 2600 DA
844 2551 872 2598 et
893 2544 1078 2612 rectangnlum
1104 2545 1155 2599 sub
1175 2545 1231 2614 SB,
1256 2544 1316 2610 BA,
1339 2546 1489 2613 junctaque
1515 2547 1666 2612 aequantur
1682 2552 1752 2607 qua·

409 2625 486 2680 drato
504 2625 560 2679 DB.
597 2626 664 2680 Cum
680 2639 745 2678 vero
763 2625 811 2679 BA
829 2623 1026 2679 semidiameter
1052 2623 1088 2677 sit
1104 2622 1341 2692 proportionaliter
1356 2630 1433 2679 scota
1457 2623 1485 2678 in
1503 2621 1522 2677 S
1540 2629 1568 2676 et
1584 2634 1649 2691 pars
1665 2619 1752 2687 major

408 2702 464 2760 AS:
483 2703 671 2773 rectangnlnm
689 2702 772 2771 igitur
789 2702 841 2772 SA,
859 2705 908 2758 BA
926 2700 1097 2772 est‘aeqnale
1115 2702 1247 2771 quadrato
1267 2702 1319 2759 SA
1355 2702 1429 2771 Ergo
1446 2701 1517 2758 latus
1540 2697 1686 2770 pentagoni
1702 2712 1751 2767 po.

407 2787 464 2837 test
481 2783 535 2838 duo
553 2781 686 2850 quadrata
702 2780 753 2836 DA
771 2787 799 2836 et
815 2781 868 2845 AS,
885 2782 999 2838 laterum
1017 2779 1121 2838 seilicet
1138 2781 1274 2853 hexagoni
1291 2788 1320 2838 ει
1336 2781 1503 2852 decagonis}

494 2861 574 2930 Quod
600 2862 696 2917 attinet
713 2859 810 2916 stellae
833 2861 1028 2930 pentagonicae
1053 2861 1124 2916 latus
1142 2861 1202 2931 BF,
1229 2861 1297 2917 illud
1323 2869 1365 2918 est
1383 2861 1561 2931 compositum
1588 2875 1622 2914 ex
1640 2856 1688 2914 BD
1706 2853 1750 2911 sel

407 2941 463 3011 ΕΤ,
481 2941 567 2997 latere
583 2940 739 3011 pentagoni,
758 2947 786 2995 et
803 2956 837 2996 ax
854 2940 910 3008 BT,
929 2939 987 3009 ejus
1006 2941 1073 2999 secti
1089 2941 1329 3011 proportionaliter
1348 2947 1425 3010 parte
1442 2940 1550 3009 maiori,
1575 2954 1624 3009 per
1640 2936 1708 2992 XIII
1725 2935 1751 3005 8,

409 3022 481 3090 quod
499 3019 571 3075 idem
588 3020 669 3075 etiam
687 3017 795 3088 probari
813 3024 906 3087 petest
923 3035 958 3074 ex
975 3017 1109 3088 triangulo
1128 3018 1354 3090 quinquangnlari
1370 3019 1456 3088 PBH,
1475 3024 1613 3087 utsupra

496 3100 563 3155 Cum
578 3100 662 3168 igitur
678 3098 751 3153 latus
769 3098 915 3168 pentagoni
932 3098 1020 3166 possit
1036 3096 1275 3164 semidiametrnm,
1293 3112 1364 3168 quae
1382 3107 1424 3153 est
1443 3095 1557 3153 effabilis
1574 3094 1751 3166 longitndine,

407 3185 435 3232 et
452 3178 512 3246 ejus
530 3184 621 3232 sectae
638 3176 998 3247 proportionaliter‘partem
1015 3176 1160 3247 maiorem,
1184 3183 1216 3232 nt
1232 3176 1259 3230 iu
1277 3176 1414 3231 schemate
1431 3175 1580 3244 praemisso
1599 3172 1752 3231 semicircu-

407 3247 459 3311 lsri
473 3256 511 3326 (a)
522 3255 571 3311 PG
586 3260 677 3326 potest
688 3255 781 3310 PA-et
791 3254 849 3325 AG,
868 3262 896 3310 et
913 3260 944 3310 ut
954 3254 1002 3310 ΡΑ
1020 3264 1062 3312 est
1079 3256 1114 3311 aa
1130 3255 1187 3321 Ad,
1206 3257 1246 3311 sio
1262 3256 1298 3311 sit
1313 3255 1361 3311 Pu
1377 3253 1450 3309 latus
1466 3252 1612 3323 pentagoni
1628 3253 1663 3309 sd
1678 3251 1753 3307 utus

408 3350 475 3391 suae
492 3333 598 3403 stellae,
626 3335 661 3388 sit
677 3347 741 3387 vero
761 3341 791 3387 at
807 3333 855 3388 ΡΛ
872 3333 906 3387 ad
924 3333 986 3403 AG,
1008 3334 1047 3389 sic
1063 3334 1111 3390 PG
1129 3334 1164 3391 ad
1181 3334 1243 3389 GX:
1268 3348 1332 3402 ergo
1351 3333 1460 3389 (illest
1478 3330 1547 3387 illud
1563 3331 1636 3387 latus
1653 3330 1752 3387 stellae

407 3420 551 3484 potestque
569 3420 598 3468 et
616 3412 664 3467 (ΞΑ
684 3411 910 3467 semidiametrum
928 3411 1022 3468 cuculi
1032 3414 1112 3469 cirea
1129 3413 1241 3481 figuram
1260 3410 1442 3480 decangulam
1460 3418 1488 3465 et
1504 3410 1556 3465 AX
1574 3409 1751 3480 compositam

409 3507 443 3557 er
460 3492 509 3547 ΡΑ
527 3501 555 3547 ει
572 3492 629 3547 AG.
666 3491 756 3558 Quare
773 3507 824 3562 per
840 3491 877 3546 ibi
895 3492 1079 3547 demonstrata
1097 3492 1147 3546 ΘΧ
1165 3500 1207 3547 est
1223 3493 1319 3561 mizon,
1340 3490 1387 3546 GP
1404 3490 1521 3546 elasson.
1558 3489 1685 3559 Singulae
1701 3488 1751 3558 igi·

406 3576 452 3625 tar
470 3570 579 3626 suntin
596 3577 692 3624 ocmvo
710 3569 796 3638 gradu
815 3570 944 3626 scientiae
961 3570 1074 3639 ejusque
1092 3571 1209 3626 secundo
1229 3570 1329 3626 ordine.
1367 3570 1437 3637 Quia
1454 3584 1517 3624 vero
1534 3569 1645 3638 junctae
1661 3569 1751 3624 linem

407 3648 462 3713 PG,
481 3649 530 3703 Gli
547 3648 651 3703 iaciunt
667 3649 860 3716 quadratorum
877 3663 1007 3704 summam
1025 3647 1168 3716 effabilem,
1186 3665 1223 3705 sc.
1241 3648 1382 3718 aequalem
1397 3646 1529 3716 quadrato
1542 3647 1598 3713 ΡΧ,
1616 3647 1689 3717 quod
1706 3651 1751 3702 eet

406 3729 491 3796 ipsius
505 3729 552 3782 GA
571 3727 684 3782 effabilis
703 3727 827 3796 quadrati
845 3726 1025 3800 quintuplum,
1044 3727 1208 3797 eaedemque
1221 3729 1276 3797 PG,
1295 3728 1346 3783 ΟΧ
1362 3727 1549 3796 rectangulurn
1566 3726 1750 3781 fermantme.

406 3820 470 3859 son:
488 3805 541 3861 hoc
558 3807 665 3862 nomine
679 3806 792 3875 junctae
809 3807 864 3873 PG,
882 3806 933 3862 GX
951 3813 1014 3861 sunt
1030 3806 1058 3860 in
1077 3807 1162 3875 gradu
1179 3808 1308 3863 scientiae
1326 3813 1414 3876 sexto,
1433 3805 1466 3860 de
1485 3822 1538 3874 quo
1551 3813 1592 3861 est
1613 3806 1652 3862 18.
1671 3820 1750 3875 praa·

406 3884 494 3939 missa
530 3885 654 3953 Denique
676 3885 739 3954 quia
756 3885 828 3940 latus
846 3885 992 3954 pentagoni
1020 3892 1047 3940 ει
1064 3884 1136 3941 latus
1163 3886 1259 3942 stellae
1282 3894 1346 3944 sunt
1365 3891 1397 3942 ut
1415 3884 1542 3941 sectionis
1560 3884 1666 3940 divium
1682 3898 1749 3954 pars

405 3965 492 4031 major
509 3971 537 4017 et
554 3970 626 4029 tota,
651 3962 712 4023 ideo
731 3971 794 4018 sunt
812 3964 893 4017 etiam
916 3964 944 4018 in
962 3962 1047 4032 gradu
1066 3964 1194 4034 scientiae
1212 3972 1323 4035 quarto,
1347 3965 1460 4035 junctae
1484 3966 1597 4021 invicem
1615 3964 1689 4036 (ride
1705 3964 1750 4020 29.

404 4042 509 4110 hujus).
546 4042 725 4110 Consequitur
752 4048 843 4096 autem
860 4042 910 4097 has
927 4041 1120 4112 proprietates,
1147 4051 1178 4098 ut
1204 4046 1275 4113 sicut
1295 4044 1443 4114 pentagoni
1468 4042 1538 4099 latus
1564 4052 1608 4099 est
1633 4042 1751 4107 auson,

405 4120 502 4176 rmllae
519 4119 615 4189 mizon,
634 4120 673 4175 sio
691 4121 772 4175 etiam
790 4121 940 4190 composita
957 4137 991 4175 ex
1009 4127 1125 4191 utroque
1143 4123 1179 4178 sit
1195 4124 1292 4178 iterum
1306 4123 1403 4192 mizon,
1422 4128 1449 4176 et
1465 4121 1538 4177 latus
1549 4121 1697 4192 pentagoni
1713 4119 1752 4175 sit

404 4199 487 4268 hujus
499 4199 672 4268 compositae,
690 4207 721 4255 ut
738 4200 859 4269 mironis,
878 4200 1039 4257 elementum
1055 4202 1152 4268 minua
1168 4201 1242 4259 latus
1259 4218 1323 4259 vero
1336 4200 1432 4258 stellae
1450 4200 1486 4255 sit
1502 4198 1575 4254 illius
1588 4198 1749 4254 elementum

405 4279 507 4347 majus,
525 4283 553 4331 et
569 4284 601 4332 ut
619 4278 699 4333 etiam
717 4277 868 4336 differentia
885 4280 957 4336 inter
978 4288 1122 4350 auumque
1139 4282 1212 4338 latus
1230 4284 1266 4339 sit
1284 4281 1376 4352 aliqua
1388 4279 1504 4349 elasam
1523 4279 1626 4335 scilicet
1637 4278 1687 4346 DQ
1705 4276 1751 4332 rel

406 4354 467 4425 QF,
486 4371 535 4424 per
553 4355 665 4411 eandem
683 4356 726 4412 29.
745 4357 835 4428 injus.
1113 4358 1120 4373 '

490 4445 605 4511 XLIII.
628 4445 864 4524 Propositio.
909 4449 1004 4511 Plana
1036 4450 1177 4528 decagoni
1207 4459 1238 4511 et
1261 4452 1421 4528 pentagoni
1449 4447 1557 4510 cadunt
1585 4450 1614 4507 iu
1642 4446 1750 4524 gradus

405 4534 546 4593 scientiae
568 4536 754 4608 remotiores,
783 4544 815 4594 ut
845 4545 875 4614 ει
896 4536 975 4597 latus
996 4539 1139 4613 icosigoni
1161 4544 1191 4597 at
1212 4538 1327 4615 reliqua
1348 4538 1436 4614 hujus
1458 4536 1560 4596 dassia
1581 4535 1748 4611 figurarum.

490 4615 560 4671 Nam
576 4616 649 4671 latus
666 4619 812 4685 pentagoni
823 4619 873 4673 ΡΗ
891 4619 949 4690 (lig.
967 4621 1015 4689 13)
1034 4619 1144 4675 ductum
1160 4619 1449 4688 inAlldacitduplum
1460 4618 1544 4685 ΓΔΗ,
1562 4617 1672 4687 quintae
1683 4630 1745 4685 par

404 4692 440 4748 tis
457 4708 536 4748 areae
554 4694 756 4763 pentagonicae'.
791 4696 843 4751 Est
861 4704 925 4752 tero
942 4698 993 4753 ΕΗ
1011 4696 1131 4764 elasson,
1160 4706 1189 4753 et
1205 4698 1255 4752 AN
1282 4704 1325 4754 est
1341 4697 1419 4766 talis,
1445 4711 1515 4766 quae
1532 4702 1624 4766 potest
1640 4692 1750 4750 effabile

404 4772 461 4842 AF,
479 4772 638 4827 diminutum
654 4773 778 4841 petentia
794 4772 925 4832 elassonis
942 4772 1000 4831 FN.
1037 4776 1065 4831 si
1082 4782 1181 4843 auten,
1200 4777 1273 4846 quod
1293 4783 1335 4832 eat
1352 4775 1387 4831 ab
1405 4773 1536 4840 elusone,
1557 4773 1697 4830 auiamtnr
1713 4771 1750 4826 ab

404 4866 450 4920 eo,
477 4851 551 4920 quod
569 4859 612 4905 est
628 4849 663 4904 ab
680 4850 790 4921 effabili,
816 4853 977 4923 relinquitur
994 4868 1065 4910 nora
1082 4855 1188 4924 species
1206 4855 1310 4925 lineae,
1338 4868 1408 4924 quaa
1425 4858 1517 4924 potest
1531 4851 1587 4908 tale
1601 4851 1748 4908 residuum.
