3792 5860
397 451 457 512 106
745 450 747 455 ’
836 447 878 503 De
896 446 1055 517 Figuratum
1074 448 1305 523 annonarum,

395 627 513 686 stitutus
531 626 664 686 omnibus
678 627 856 702 geometriae
870 627 1031 704 praesidiis,
1055 628 1177 690 haerens
1200 631 1272 691 inter
1287 631 1401 707 spineta
1415 646 1608 705 numerorum,
1630 630 1737 691 busim

396 730 510 775 cossam
533 731 617 773 suam
638 721 789 791 respectat
828 714 895 775 Hoc
916 732 1005 777 unum
1028 725 1079 778 est
1094 716 1248 779 discrimen
1269 719 1344 777 inter
1366 719 1494 779 cossicas
1517 726 1547 779 et
1567 714 1641 779 uter
1662 734 1737 796 geo·

395 805 529 862 metricas
548 799 815 863 determinationes

482 888 614 949 Alterum
636 897 689 964 est,
712 888 791 966 quod
813 896 876 950 tota
897 889 971 953 haee
991 894 1066 952 ratio
1081 892 1230 970 Byrgiana
1252 893 1384 951 inuititur
1406 894 1548 953 essentiae
1564 854 1737 969 quantitatis

396 977 537 1036 discretae
559 993 612 1037 seu
635 993 833 1051 numerorum,
863 984 893 1037 et
921 977 1026 1037 dividit
1048 980 1250 1039 diametrum
1242 997 1270 1038 ur
1300 980 1459 1056 particulas
1482 988 1593 1059 certas,
1621 982 1736 1056 quoties

396 1072 426 1124 st
447 1063 588 1140 quamdiu
609 1064 690 1139 vult,
713 1063 915 1143 generaliter
907 1082 936 1123 m
959 1073 1056 1142 partes
1079 1066 1167 1143 duas3
1200 1069 1247 1126 eui
1269 1083 1389 1126 numero
1411 1074 1491 1127 totus
1512 1083 1666 1145 processus
1689 1070 1737 1124 in·

395 1152 496 1209 nititur
517 1157 744 1228 mutareturque,
767 1157 792 1211 si
814 1169 919 1213 nomen
941 1151 1082 1214 diametro
1105 1153 1185 1215 aliud
1208 1171 1260 1215 seu
1282 1171 1418 1213 numerus
1440 1155 1516 1215 alius
1539 1154 1664 1215 daretur.
1697 1155 1737 1213 At

395 1254 453 1297 non
476 1240 519 1298 sic
540 1241 700 1321 geometria
715 1240 881 1317 figurarum,
905 1244 1038 1318 superius
1061 1242 1175 1315 tradita,
1199 1259 1275 1319 quae
1289 1241 1382 1301 latera
1405 1242 1534 1303 effabilia
1554 1241 1738 1319 longitudine

396 1327 494 1403 signat
514 1343 586 1387 sane
608 1328 753 1403 uomens,
784 1336 816 1387 at
838 1327 998 1388 ineffabilia
1019 1346 1204 1406 nequaquam
1230 1331 1356 1387 numeris
1380 1337 1579 1404 consectatur,
1611 1329 1663 1389 sed
1684 1346 1738 1406 per

395 1431 464 1475 suas
487 1422 580 1477 comae
602 1416 714 1492 species
737 1415 892 1475 distributa
914 1419 957 1474 sie
979 1419 1130 1490 enunciat,
1154 1423 1187 1475 ut
1209 1423 1357 1495 appareat,
1379 1434 1438 1477 non
1462 1418 1497 1477 de
1521 1417 1661 1493 tunsam,
1684 1415 1738 1477 sed

397 1501 434 1563 de
457 1503 602 1561 continuis
625 1502 837 1578 quantitatibus
860 1505 921 1581 agi,
943 1502 979 1562 de
1001 1503 1085 1564 lineis
1108 1511 1137 1564 et
1159 1504 1377 1581 superficiebus.

482 1588 581 1649 Tertio
604 1588 745 1649 hacteuus
768 1596 797 1651 ot
818 1590 901 1650 lateri
932 1590 1042 1667 figurae
1064 1599 1093 1650 et
1120 1591 1204 1661 lateri
1226 1590 1329 1653 stellae
1352 1591 1533 1666 cognominis
1555 1592 1660 1667 cuique
1683 1582 1738 1651 sua

395 1684 475 1737 certa
491 1685 553 1737 erat
567 1676 739 1754 descripti03
761 1678 791 1735 in
806 1677 862 1737 bac
877 1678 1043 1753 algebraica
1058 1677 1170 1757 analysi
1187 1678 1259 1737 illud
1281 1676 1407 1738 maxime
1429 1681 1536 1737 mirum
1554 1689 1599 1739 ast
1614 1675 1738 1761 (quam-

394 1767 440 1823 vis
462 1771 640 1841 geometram
661 1766 823 1843 praecipue,
839 1762 1024 1847 absterreat),
1049 1766 1127 1842 quod
1146 1783 1203 1825 non
1221 1783 1280 1827 una
1294 1767 1344 1826 via
1366 1767 1506 1841 praestari
1528 1774 1633 1842 potest,
1658 1766 1737 1843 quod

397 1852 563 1928 imperatur.
609 1850 791 1928 Quanquam
814 1852 845 1912 id
866 1869 924 1912 uon
948 1855 1026 1913 omni
1049 1853 1114 1931 lege
1144 1853 1273 1914 solutum
1302 1862 1361 1926 est,
1396 1853 1464 1926 sed,
1499 1860 1533 1911 ut
1562 1871 1650 1929 supra
1678 1853 1737 1914 dici

395 1946 538 2015 coeptum,
561 1946 605 1998 tot
627 1948 694 1999 sunt
716 1942 827 2001 numeri
849 1939 988 2001 facientes
1011 1943 1198 2017 imperatum,
1228 1948 1299 2018 quot
1321 1950 1389 1999 aunt
1412 1943 1440 1997 in
1463 1940 1555 2018 figura
1579 1942 1737 2001 subtensce

396 2043 449 2086 seu
472 2026 602 2103 diagonii
624 2026 803 2103 longitudine
826 2026 1004 2100 differentes,
1038 2036 1070 2087 ut
1101 2031 1129 2087 in
1158 2026 1377 2105 quinquangulo
1407 2026 1479 2100 duo,
1512 2029 1540 2085 iu
1563 2029 1738 2106 septangulo

310 2152 314 2163 .
395 2121 462 2186 tres,
486 2131 560 2173 unus
581 2131 634 2191 pro
655 2114 756 2188 latere,
781 2115 884 2191 reliqui
909 2132 961 2192 pro
977 2115 1122 2176 subtensis
1138 2116 1255 2193 angulo.
1287 2116 1391 2192 Itaque
1406 2115 1545 2191 quicquid
1568 2118 1739 2177 enunciatur

395 2194 512 2261 taudem
535 2199 571 2260 de
592 2203 779 2278 proportione
792 2201 904 2278 figurae
926 2205 1052 2279 propria,
1075 2203 1105 2263 id
1127 2219 1278 2265 commuue
1300 2210 1345 2264 cst
1360 2204 1488 2263 omnium
1510 2203 1574 2280 eJus
1595 2203 1739 2263 linearum

394 2289 630 2365 proportionibus
652 2287 690 2348 ad
713 2288 894 2349 diametrum.

481 2374 607 2450 Quarto,
631 2378 743 2452 posito,
767 2376 846 2454 quod
869 2395 927 2436 uua
948 2377 1013 2436 sola
1034 2378 1182 2455 proportio
1205 2376 1294 2438 iaciat
1316 2378 1505 2453 imperatum,
1535 2376 1617 2437 illam
1639 2385 1737 2437 mmen

394 2478 452 2521 oon
475 2461 582 2523 doceor
603 2464 766 2537 absolvere,
789 2464 840 2524 sed
863 2464 966 2524 saitem
981 2467 1082 2524 venari
1105 2466 1226 2524 eminus.
1265 2465 1337 2524 Cum
1360 2467 1437 2525 enim
1459 2467 1571 2540 speeies
1593 2464 1738 2525 linearum

396 2567 485 2610 eausa
506 2551 646 2611 scientiae
669 2560 818 2612 versentur
841 2554 869 2609 in
892 2568 998 2629 genere
1012 2551 1202 2611 incllabilium
1224 2550 1266 2629 (id
1288 2560 1333 2612 est
1354 2569 1411 2612 nou
1428 2551 1660 2627 numerabilium,
1683 2570 1740 2612 sau

394 2653 529 2697 numeros
560 2640 774 2718 respuentium)
803 2655 897 2715 eoque
926 2637 1007 2698 nulla
1033 2657 1163 2716 unquam
1197 2638 1381 2700 multitudiue
1410 2648 1624 2700 consummetur
1651 2643 1740 2714 ratio,

395 2728 465 2802 quin
489 2742 602 2803 semper
617 2725 729 2802 aliquid
752 2729 782 2786 iu
797 2728 905 2787 incerto
927 2726 1122 2802 relinquatur:
1146 2727 1220 2786 baec
1243 2734 1343 2787 contra
1365 2729 1449 2803 ratio,
1472 2736 1505 2787 ut
1527 2726 1592 2787 loeo
1607 2726 1741 2787 secundo

395 2812 522 2892 dictum,
549 2821 663 2889 praeter
691 2831 826 2874 numeros
856 2832 913 2875 noo
941 2816 1064 2873 assumit
1093 2815 1153 2874 alia
1179 2814 1342 2890 praesidia,
1374 2815 1425 2874 sed
1456 2812 1626 2874 diametnrm
1656 2817 1741 2874 varie

395 2917 508 2978 semper
534 2900 639 2960 dividit
661 2903 690 2960 in
713 2900 820 2962 multas
842 2901 988 2983 myriadas
1020 2900 1197 2980 myriadum,
1226 2909 1259 2959 ut
1286 2903 1414 2961 exactior
1443 2902 1493 2962 liat
1520 2903 1612 2977 ratio3
1643 2909 1674 2961 at
1696 2905 1743 2962 sic

393 3004 542 3065 nunquam
563 2987 597 3049 ut
618 2990 813 3065 exactissima,
836 2997 866 3049 et
888 2989 1023 3064 breviter,
1038 2990 1094 3049 boc
1108 3006 1167 3049 nou
1190 2995 1234 3048 est
1256 2990 1329 3048 scire
1351 3007 1411 3049 rem
1433 2992 1535 3067 ipsam,
1558 2988 1743 3049 sedsaltsm

394 3074 505 3153 aliquid
526 3076 657 3153 proxime
678 3078 775 3154 maius
792 3076 846 3138 *vel
868 3080 982 3156 minus,
1008 3084 1164 3154 potestque
1187 3092 1300 3152 semper
1321 3079 1463 3153 posterior
1485 3076 1592 3154 aliquis
1615 3093 1741 3153 compu-

394 3170 471 3223 tator
492 3165 693 3240 approximare
716 3166 827 3242 magis3
860 3166 1013 3242 pervenire
1040 3163 1077 3225 ad
1104 3169 1244 3241 punctum
1271 3165 1367 3240 ipsum
1395 3165 1467 3224 nulli
1491 3181 1619 3241 unquam
1642 3162 1741 3225 datur.

393 3250 480 3310 Talia
501 3252 636 3310 nimirum
658 3258 726 3312 sunt
748 3254 862 3326 omnia,
887 3269 961 3328 quae
983 3252 1127 3312 latentia
1150 3249 1215 3312 sola
1236 3252 1432 3327 possibilitate
1454 3252 1594 3312 materiae
1617 3254 1742 3329 quanti-

395 3339 516 3411 tativae,
540 3356 635 3416 neque
657 3339 859 3400 formationem
882 3340 992 3400 liabent
1012 3337 1164 3419 scibilem,
1197 3355 1256 3414 qua
1278 3341 1307 3397 in
1329 3347 1427 3401 actum
1449 3338 1625 3417 quaudoque
1648 3340 1743 3399 scibi-

395 3424 485 3484 litatls
508 3425 652 3487 humanae
675 3429 895 3487 constituantur.

482 3511 609 3588 Quinto,
644 3522 677 3575 ot
697 3517 727 3573 in
750 3516 846 3592 specie
870 3514 905 3575 de
927 3511 1101 3592 septangula
1122 3510 1280 3589 figurisque
1303 3512 1389 3589 hujus
1411 3516 1526 3590 generis
1555 3530 1743 3591 consequen-

395 3601 473 3660 tibus
496 3618 626 3683 agamus,
650 3618 715 3661 cum
736 3621 788 3679 per
811 3620 861 3663 eas
885 3602 985 3662 ordine
1007 3618 1061 3661 sno
1084 3616 1149 3659 sese
1165 3610 1373 3678 consequentes
1387 3600 1645 3678 proportionalitas
1667 3618 1744 3662 con·

395 3689 477 3767 unua
500 3688 673 3750 extendatur
703 3706 768 3750 cum
790 3693 854 3767 ipso
883 3707 1003 3750 numero
1025 3687 1163 3748 laterum:
1195 3705 1263 3765 ergo
1283 3690 1307 3746 si
1330 3691 1455 3749 maxime
1478 3692 1670 3749 innotesceret
1693 3688 1743 3748 ul-

395 3775 466 3833 tima
473 3803 488 3853 ,ν
512 3783 545 3835 ut
565 3777 595 3835 in
618 3777 792 3856 septangula
815 3776 1074 3854 proportionalium
1097 3776 1238 3851 septima,
1267 3793 1325 3835 non
1355 3785 1453 3839 tamen
1475 3794 1526 3852 per
1548 3793 1614 3835 eam
1636 3775 1742 3837 baberi

394 3870 515 3939 possent
536 3865 733 3925 intermediae.
762 3865 854 3925 ·Nam
877 3864 1060 3937 interdum,
1093 3857 1179 3939 quae*
1198 3879 1256 3921 non
1288 3863 1398 3923 habent
1425 3865 1642 3943 proportionem
1664 3867 1743 3925 inter

394 3966 436 4024 se,
459 3967 547 4027 quam
571 3952 628 4012 duo
651 3956 762 4014 numeri
778 3951 1058 4030 proportionalitatis
1081 3950 1275 4022 continuatae,
1298 3958 1331 4010 ut
1345 3951 1474 4025 cubicae,
1499 3949 1659 4031 sursolldae
1682 3958 1741 4011 etc.

394 4048 542 4115 nequeunt
563 4044 738 4117 geometrice
761 4043 897 4101 constitui
919 4040 1055 4100 continue
1077 4037 1308 4115 proportionales
1330 4036 1517 4099 intermediae
1539 4045 1741 4115 quotcunque,

393 4125 446 4185 sed
468 4125 563 4187 solum
590 4145 649 4188 uua
676 4128 808 4189 veltres
835 4128 882 4189 vel
910 4133 1023 4203 septem
1045 4124 1092 4184 vel
1115 4123 1279 4201 quindecim
1306 4134 1378 4199 ete,
1412 4125 1470 4185 duo
1494 4142 1562 4186 vero
1592 4125 1639 4185 vel
1663 4143 1743 4202 qua-

394 4220 468 4289 tuor,
491 4217 630 4292 quinque,
653 4232 714 4288 sex,
738 4223 812 4289 octo,
834 4232 940 4275 novem
956 4221 1009 4274 etc.
1033 4214 1170 4273 constitui
1192 4220 1261 4272 tuuc
1282 4229 1339 4273 non
1360 4221 1485 4290 possunt
1505 4215 1533 4271 in
1549 4213 1648 4290 pleno,
1672 4228 1742 4273 cum

393 4299 442 4361 bic
464 4299 500 4361 de
521 4302 617 4379 planis
639 4301 739 4381 figuris
760 4319 889 4379 mamus.

480 4388 550 4450 Jam
578 4407 648 4451 vero
677 4392 752 4450 inter
773 4390 1017 4460 semidiametrum
1043 4391 1058 4446 l
1089 4393 1118 4447 et
1139 4388 1293 4464 septimam
1314 4386 1561 4464 proportionalem
1587 4382 1645 4446 ΓΠῙ
1667 4405 1744 4466 pro·

393 4476 535 4553 portionis
558 4477 772 4555 septangularls
794 4485 864 4536 sunt
885 4475 997 4536 medlae
1018 4473 1250 4551 proportionales
1272 4492 1339 4547 sex,
1369 4473 1400 4532 id
1423 4482 1469 4534 est
1495 4479 1508 4532 l
1534 4474 1573 4535 ad
1598 4468 1657 4534 lvu
1678 4492 1743 4536 uon

394 4570 428 4623 ut
448 4580 585 4624 numerus
607 4564 644 4624 ad
666 4581 817 4625 numerum
838 4563 1031 4642 proportionis
1054 4564 1209 4621 continuae
1225 4578 1318 4638 acque
1334 4561 1457 4638 longae,
1480 4578 1538 4621 nou
1561 4569 1605 4623 est
1627 4561 1743 4624 scilicet

393 4651 543 4727 proportio
566 4651 769 4713 semidiametri
792 4650 831 4711 ad
852 4649 932 4711 latus
963 4647 1127 4725 septanguli
1148 4648 1308 4708 secondum
1337 4648 1411 4709 duos
1433 4666 1584 4723 numeros,
1615 4649 1671 4710 hoc
1694 4659 1743 4711 est

394 4755 452 4796 non
476 4736 599 4798 effabilis
621 4746 674 4799 est
718 4740 793 4798 Nam
821 4741 846 4800 si
869 4744 946 4800 esset
969 4735 1107 4810 effabilis,
1135 4735 1252 4795 caderet
1272 4736 1302 4794 in
1331 4738 1444 4813 species
1474 4740 1554 4813 prius
1577 4735 1743 4814 explicatas

394 4826 531 4885 classium
552 4826 695 4901 priorum,
718 4834 748 4887 et
769 4835 881 4904 septam
902 4823 1003 4903 anguli
1025 4840 1082 4883 non
1105 4831 1202 4883 essem
1224 4830 1351 4900 septem,
1374 4824 1426 4885 sed
1449 4831 1506 4885 tres
1531 4824 1578 4885 vel
1601 4832 1741 4901 quatuor,

395 4911 474 4989 qood
498 4911 753 4975 contradictionem
776 4915 911 4975 involuit.
944 4913 987 4973 Ex
1012 4910 1128 4991 augulis
1150 4912 1227 4972 enlm
1247 4911 1405 4990 primarum
1426 4912 1583 4991 figurarum
1607 4920 1669 4973 erat
1690 4911 1741 4972 la-
