3882 5862
371 404 434 470 era
494 394 497 405 '
689 411 838 467 Palenses
856 413 1010 471 samona
1046 416 1130 472 siser
1147 416 1197 471 111:
1214 418 1303 487 caput
1321 420 1390 475 ιιιι.

370 580 570 650 suspicionibus
588 583 783 654 indulgendum
801 590 975 660 censuissem,
994 590 1137 646 ridebatur
1148 591 1215 646 mihi
1232 608 1299 648 sane
1310 547 1467 651 Macr⁸obius
1485 595 1541 667 ills,
1559 615 1630 669 quae
1648 600 1720 655 dieto

369 660 430 715 loco
447 661 532 717 tradit
542 680 666 735 quasque
684 683 734 734 ego
753 668 885 737 exscripsi
903 669 930 723 in
942 666 1137 724 Ptolemaicum
1155 677 1269 736 textum,
1287 671 1412 728 hausisse
1425 688 1459 728 ex
1471 676 1624 732 adulterino
1641 682 1720 732 textu

370 741 468 809 capitis
490 740 574 809 hujus
593 744 637 812 16,
662 744 740 813 qnasi
764 745 809 800 hic
831 747 1036 816 antiquissimus
1061 748 1103 802 sit
1139 748 1272 818 Utrinque
1298 749 1367 803 enim
1395 750 1429 805 de
1447 753 1578 810 maleficis
1602 755 1721 825 planetis

370 821 467 888 agitur,
487 821 612 894 utrinque
630 838 663 877 ex
682 824 810 880 beneficis
828 826 937 895 Jupiter
955 827 1019 895 8011,
1040 830 1132 889 Venus
1145 830 1240 884 Lunae
1258 830 1350 899 potius
1369 828 1479 886 additur
1496 849 1547 901 pro
1566 837 1667 901 amico;
1688 848 1721 888 ex

369 898 500 954 maleficis
518 914 581 955 vero
601 903 733 957 Saturnus
746 903 812 972 8011,
831 905 905 961 Mars
918 907 1014 962 Lunae
1031 908 1189 964 familiarior
1205 908 1373 978 perhibetur.
1398 910 1504 981 Itaque,
1523 912 1546 966 si
1565 913 1721 968 Macrobius

370 976 445 1066 hunc
462 977 641 1035 adulterinum
660 990 765 1037 tentum
784 984 880 1039 habuit
890 986 917 1039 in
931 986 1028 1055 animo,
1048 995 1157 1057 oportet
1175 996 1214 1056 ut,
1233 1004 1304 1057 quae
1316 989 1375 1056 ipse
1387 988 1499 1059 addidit,
1519 1006 1574 1046 non
1592 996 1723 1045 contenta

369 1070 398 1145 ιιι
415 1055 462 1111 1110
480 1064 558 1113 textu
576 1060 736 1129 adulterino,
755 1079 793 1117 sc.
806 1063 969 1120 denumeris
983 1066 1133 1135 jugalibus,
1152 1068 1180 1122 in
1198 1068 1297 1136 quibus
1316 1068 1412 1123 harum
1427 1078 1520 1124 rerum
1539 1085 1640 1125 causae
1659 1084 1722 1124 con·

370 1141 517 1226 uneantnr,
536 1139 612 1207 haec,
630 1141 753 1211 inquam,
772 1141 928 1200 Macrobius
947 1162 980 1200 er
1000 1155 1099 1217 suopte
1116 1147 1241 1215 cerebro,
1262 1155 1393 1216 tanquam
1408 1148 1509 1217 juvans
1526 1147 1723 1215 Ptolemaeum,

370 1212 509 1270 addrderit
524 1226 642 1286 oportet.
677 1222 714 1274 At
732 1221 796 1290 quia
813 1230 869 1277 tam
887 1224 961 1278 clare
979 1224 1099 1295 loquitur
1117 1226 1281 1293 Macrobius,
1300 1243 1329 1281 se
1348 1244 1418 1296 quae
1435 1228 1528 1283 tradat
1546 1227 1620 1297 apud
1638 1241 1723 1281 unum

370 1294 479 1349 omnino
497 1296 684 1354 Ptolemaeum
703 1302 847 1369 reperisse:
870 1304 933 1357 nolo
951 1303 1035 1372 igitur
1052 1304 1194 1373 indulgere
1212 1306 1367 1375 suspicioni
1386 1308 1451 1377 quin
1469 1308 1561 1377 potius
1579 1306 1614 1360 do
1634 1304 1723 1359 consi·

371 1372 519 1429 derandum
538 1377 646 1445 lectori,
674 1396 738 1437 0οι0
755 1381 873 1436 fortasse
890 1383 1021 1436 Macrobii
1044 1391 1134 1438 aetate
1152 1392 1235 1452 caput
1253 1385 1306 1439 hoc
1324 1386 1351 1439 in
1370 1387 1521 1442 Ptolemaei
1539 1401 1623 1454 opere
1640 1383 1725 1441 fuerit

370 1452 477 1507 auctius
495 1463 524 1510 et
541 1458 689 1513 correctius
707 1459 843 1529 planeque
860 1461 1007 1531 integrum,
1031 1469 1062 1516 ut
1080 1462 1132 1531 ita,
1157 1478 1227 1532 quae
1244 1464 1289 1520 hic
1316 1481 1350 1520 ex
1368 1466 1507 1521 Macrobio
1526 1463 1674 1534 exscripsi,
1692 1478 1725 1517 00

370 1545 433 1584 00ιο
450 1531 552 1588 fuerint
563 1553 628 1604 pars
640 1540 746 1608 capitis,
765 1540 889 1608 pluribus
902 1542 1011 1611 quidem
1029 1541 1119 1598 verbis
1131 1549 1159 1598 01
1170 1559 1342 1599 numerorum
1355 1545 1563 1615 allegationibus
1578 1544 1724 1613 explicata.

439 1612 501 1666 Non
519 1616 596 1683 potui
614 1622 705 1672 tamen
722 1620 865 1687 ipsissimis
884 1622 985 1690 ubique
1002 1623 1094 1677 serbis
1107 1621 1240 1677 Macrobii
1252 1623 1385 1680 insistere.
1414 1626 1475 1681 Non
1493 1623 1641 1679 eratenim
1659 1621 1725 1677 mihi

371 1688 524 1781 vsdsimile,
544 1695 729 1753 Ptolemaeum
746 1699 799 1769 hic,
818 1701 896 1769 quasi
909 1717 979 1755 0000
992 1701 1126 1771 principio
1135 1707 1226 1769 usum,
1244 1702 1319 1772 loqui
1338 1705 1372 1760 de
1390 1705 1509 1760 numeris
1523 1704 1673 1773 jugalibus,
1691 1719 1725 1759 ex

371 1769 470 1837 quibus
487 1773 644 1832 harmoniae
661 1795 716 1833 non
734 1788 835 1847 essent,
854 1788 884 1834 ut
897 1796 930 1835 ex
944 1781 979 1836 27
984 1801 991 1850 3
1011 1781 1059 1835 sed
1078 1780 1117 1835 sic
1129 1780 1183 1836 feci
1194 1781 1379 1837 Ptolemaeum
1398 1792 1549 1853 temperare
1567 1783 1725 1848 orationem,

373 1855 403 1899 ut
420 1847 492 1904 hunc
508 1851 555 1906 1110
579 1871 730 1912 sermonem
753 1874 815 1912 cunr
837 1857 1038 1915 harmoniarum
1064 1867 1125 1915 ortu
1142 1868 1331 1929 connecteret,
1354 1869 1439 1931 utque
1461 1878 1516 1916 non
1540 1861 1668 1929 alligarer
1691 1859 1725 1915 ad

373 1926 446 1983 solas
463 1929 513 1986 has
531 1935 736 2004 proportiones:
765 1938 798 2006 ll,
816 1945 844 1992 et
864 1938 895 2006 il,
915 1942 1041 2007 0111,οῑ
1062 1943 1093 2006 ¹l,
1115 1946 1143 1993 et
1166 1940 1195 2007 Ἰ,
1214 1945 1243 1992 01
1263 1939 1307 2010 ’με
1334 1941 1399 2009 quia
1417 1941 1440 1996 si
1465 1941 1507 1996 his
1527 1940 1593 1995 solis
1610 1940 1725 1995 fuissem

372 2004 534 2078 adstrictus,
562 2030 615 2067 non
640 2016 791 2083 potuissem
809 2017 984 2093 probationes
1002 2018 1115 2073 idoneas
1136 2033 1169 2071 ex
1188 2033 1256 2086 cap.»
1270 2020 1309 2073 15.
1329 2019 1429 2087 petitas
1452 2019 1612 2086 (secundnm
1631 2034 1726 2073 mann·

372 2080 526 2142 ductionem
544 2091 685 2161 Macrobii)
703 2096 801 2151 afferre
819 2096 853 2150 ad
872 2086 920 2166 es,
932 2113 1003 2167 qnae
1020 2097 1175 2152 Macrobius
1195 2112 1211 2151 0
1228 2096 1386 2151 Ptolemaeo
1404 2100 1521 2166 probata
1538 2098 1585 2153 ait.

393 2239 399 2251 ·
458 2166 563 2224 Eadem
581 2180 644 2228 tene
663 2174 698 2230 de
715 2175 825 2231 vocibus
845 2176 1008 2245 «00110ιο0»,
1028 2176 1180 2245 «0111οι00»,
1198 2191 1270 2230 ame
1282 2176 1420 2245 adhibitis,
1439 2192 1489 2245 pro
1507 2176 1606 2246 quibus
1619 2177 1726 2230 Macro·

372 2240 433 2297 brus
450 2248 537 2303 utitur
553 2250 596 2305 his
614 2252 739 2308 vocibus:
760 2268 895 2315 «ornnes»,
914 2253 1049 2323 «plures».
1076 2255 1146 2308 Nam
1164 2268 1259 2308 omnes
1274 2254 1332 2320 jam
1351 2254 1431 2308 modo
1450 2269 1595 2324 expressas
1612 2268 1726 2322 propor-

371 2324 641 2460 tionssslinterlovis
663 2331 782 2387 0180110
809 2341 898 2387 motus
924 2347 975 2403 ego
1002 2348 1174 2404 nequaquam
1198 2333 1295 2388 docere
1319 2348 1440 2401 possum.
1477 2333 1580 2388 ‘lentes
1596 2332 1624 2387 id
1642 2331 1724 2398 alius,

372 2420 415 2458 me
445 2410 545 2463 eicior.

459 2485 501 2540 Ne
519 2504 582 2543 vero
602 2499 744 2561 exspectet
762 2510 778 2548 a
795 2508 838 2548 me
856 2494 950 2562 lector,
970 2501 1001 2548 ut
1013 2492 1211 2549 familiaritates
1230 2469 1401 2563 planetarum
1420 2502 1454 2546 ex
1471 2507 1532 2546 mea
1549 2491 1636 2561 ipsius
1654 2489 1725 2544 Har·

372 2569 462 2623 monia
480 2568 593 2624 coelesti
610 2571 725 2626 tradam.
754 2573 825 2627 Nam
843 2572 1013 2627 consideravi
1031 2572 1082 2642 e'go
1101 2589 1179 2627 veros
1198 2580 1296 2640 motus,
1314 2580 1346 2627 01
1363 2572 1382 2625 11
1401 2587 1435 2626 ex
1453 2571 1517 2627 8010
1534 2577 1678 2641 apparent,
1698 2575 1726 2624 at

373 2648 531 2717 astrologia,
556 2648 634 2718 cujus
652 2667 716 2721 pars
735 2651 941 2720 (familiaritates
959 2652 1141 2722 planetarum)
1164 2651 1319 2707 considerat
1339 2651 1476 2720 planetae,
1502 2657 1534 2704 ut
1554 2649 1574 2704 ii
1591 2654 1726 2719 apparent

373 2730 560 2798 spectantibus
580 2746 615 2784 ex
633 2731 726 2800 Terra,
746 2748 816 2800 quae
835 2730 900 2787 mihi
919 2738 961 2786 est
978 2731 1040 2799 ipsa
1057 2731 1128 2786 inter
1145 2732 1270 2800 planetas
1288 2747 1360 2785 unus
1378 2746 1393 2783 0
1411 2744 1524 2785 numero

460 2809 489 2864 81
506 2811 567 2879 quis
584 2820 650 2865 verb
666 2828 755 2867 meam
774 2812 855 2867 etiam
874 2810 1035 2866 sententiam
1058 2810 1092 2863 de
1116 2810 1289 2865 distinctione
1312 2808 1483 2878 planetarum
1501 2808 1528 2861 in
1547 2807 1725 2878 qualitatibus

373 2887 517 2955 desiderat,
536 2888 610 2942 illam
628 2890 746 2946 inveniet
764 2889 904 2946 in'Tertio
920 2888 1130 2956 interveniente,
1149 2904 1167 2943 a
1183 2904 1296 2944 numero
1313 2889 1355 2944 32.
1372 2903 1423 2956 per
1446 2893 1593 2957 sequentes
1611 2885 1725 2955 aliquot.
1794 2922 1797 2933 .

373 2968 483 3023 Summa
501 2968 570 3023 haec
588 2976 643 3025 est:
664 2970 753 3026 80110
771 2970 872 3025 mundo
885 2969 997 3040 formae,
1015 2968 1095 3023 Luna
1106 2970 1243 3034 materiae,
1262 2967 1366 3023 scilicet
1378 2981 1465 3036 aquae
1483 2966 1615 3021 rationem
1633 2965 1725 3021 habet.

373 3046 512 3102 80110100
531 3049 644 3118 igneus,
666 3050 784 3118 speciem
809 3051 891 3105 etiam
914 3049 1120 3106 immateriatam
1142 3047 1240 3103 emittit
1261 3054 1347 3102 totam
1365 3047 1486 3116 igneam,
1508 3044 1536 3099 id
1560 3051 1604 3100 est
1626 3044 1725 3114 lucem,

372 3128 466 3194 Luna,
485 3131 544 3180 tota
561 3143 649 3195 aquea
666 3127 708 3182 001
728 3131 818 3197 quasi,
842 3129 942 3184 emittit
959 3128 1041 3184 etiam
1059 3128 1177 3197 speciem
1195 3128 1410 3194 humectantem,
1433 3139 1520 3193 eaque
1538 3124 1680 3179 humectat
1697 3125 1726 3179 in

373 3206 465 3260 Terris
483 3206 582 3262 idonea
599 3209 739 3287 subjecta,
763 3215 832 3277 puta
853 3206 972 3261 virentia
995 3223 1158 3275 quocunqne
1181 3206 1252 3260 ritae
1276 3218 1384 3273 genere.
1420 3203 1456 3257 Hi
1478 3204 1605 3272 planetae
1624 3201 1723 3275 singuli

374 3285 494 3355 singulas
513 3286 607 3340 unicas
624 3287 727 3342 habent
745 3285 898 3341 facultates.
935 3284 1066 3341 Planetae
1084 3284 1168 3339 ceteri
1193 3284 1313 3352 quinque
1339 3281 1540 3337 distribuuntur
1556 3284 1585 3336 in
1602 3289 1658 3338 tres
1678 3298 1724 3336 sn·

373 3365 493 3434 perfores
512 3369 540 3418 et
558 3364 626 3418 duos
644 3364 785 3419 inferiores
803 3363 914 3418 realiter
931 3370 959 3418 et
977 3364 1031 3419 situ
1054 3362 1245 3433 sphaerarum,
1268 3376 1339 3431 qnae
1365 3368 1429 3416 sunt
1451 3361 1640 3417 interstinctus
1658 3376 1724 3432 qno·

374 3442 435 3496 dam
453 3441 536 3495 veluti
555 3441 759 3510 diaphragmata
776 3442 849 3497 orbis
868 3442 967 3511 magni.
1005 3444 1042 3496 llt
1060 3442 1088 3495 hi
1105 3458 1218 3497 numero
1237 3441 1323 3509 multi,
1342 3440 1448 3497 scilicet
1465 3442 1593 3512 quinque,
1611 3444 1726 3512 possent

373 3523 443 3575 inter
461 3536 491 3576 se
508 3521 636 3590 distingui
654 3538 704 3592 per
722 3522 831 3577 easdem
850 3522 917 3577 duas
935 3522 1079 3576 facultates
1099 3520 1258 3577 calfaciendi
1271 3527 1299 3575 et
1315 3522 1507 3576 humectandi:
1526 3521 1647 3591 oportuit
1663 3521 1726 3575 sslas

374 3600 521 3655 combinari
539 3609 567 3656 et
583 3601 611 3655 id
628 3601 656 3654 in
674 3602 840 3669 geometrica
858 3600 1012 3656 differentia
1030 3616 1180 3670 excessus„
1193 3599 1289 3667 medii,
1309 3599 1443 3654 defectus.
1480 3600 1550 3655 Hinc
1568 3614 1618 3669 pro
1637 3600 1724 3655 tribus

373 3695 442 3749 supe
459 3680 559 3734 'ombus
578 3681 701 3737 nascitur
719 3681 898 3736 contrarietas
917 3696 978 3734 cum
996 3680 1093 3733 medio.
1129 3679 1199 3733 Nam
1224 3678 1251 3733 in
1271 3677 1358 3732 medic
1377 3677 1525 3733 secundum
1544 3678 1724 3744 altitudinem,

374 3758 450 3813 scilic
496 3759 523 3812 in
541 3758 618 3825 Jove,
637 3765 679 3814 est
696 3759 870 3814 mediocritas
888 3758 986 3814 caloris
1002 3765 1032 3813 st
1043 3756 1217 3813 mediocritas
1235 3757 1368 3826 humoris,
1386 3764 1588 3827 temperaturae
1606 3758 1725 3828 optimae

373 3847 402 3895 01
420 3840 459 3894 010
477 3837 630 3907 beneficae,
649 3838 676 3892 in
695 3839 785 3892 Marte
803 3854 934 3893 excessus
952 3837 1062 3905 caloris,
1082 3837 1206 3892 defectus
1225 3837 1360 3902 humoris,
1385 3837 1448 3892 hinc
1465 3838 1525 3907 ipse
1543 3837 1679 3907 malefica,
1697 3837 1725 3891 in

374 3920 490 3975 Saturno
509 3932 637 3972 excessus
656 3917 778 3971 humoris
797 3927 825 3974 et
842 3918 964 3974 defectus
983 3916 1082 3972 caloris
1101 3916 1213 3985 (quippe
1231 3916 1291 3984 ipse
1309 3916 1484 3986 longissimus
1502 3932 1519 3969 a
1536 3915 1619 3985 Sole),
1636 3916 1665 3971 id
1684 3922 1726 3970 001

374 3999 484 4069 glacies,
503 3997 567 4052 hinc
584 4003 612 4051 et
629 3995 688 4064 ipse
705 3997 845 4052 maleficus
864 4003 891 4053 01
907 3995 992 4050 Marti
1009 3995 1170 4049 contrarius.
1193 3995 1247 4048 Pro
1266 3993 1372 4049 duobus
1390 4009 1455 4049 vero
1472 3993 1645 4050 inferioribus
1662 4010 1725 4050 con·

374 4076 500 4134 trarietas
519 4078 577 4130 sinc
594 4076 683 4131 medio
702 4077 831 4132 constitui
849 4083 953 4146 potest:
980 4082 1010 4129 ut
1033 4076 1061 4128 in
1084 4074 1170 4129 altero
1195 4075 1292 4128 humor
1315 4072 1530 4127 mediocritatem
1548 4081 1674 4144 superet,
1698 4074 1724 4128 in

374 4156 479 4226 reliquo
498 4154 580 4223 calor,
599 4154 692 4210 Venus
711 4171 748 4209 sc.
767 4155 908 4210 humorem
926 4153 1035 4211 Saturni
1055 4169 1115 4207 cnm
1133 4153 1223 4207 calore
1240 4151 1370 4206 mediocri
1387 4150 1472 4219 Jovis,
1489 4151 1651 4223 Mercurius,
1669 4150 1726 4208 8011

374 4235 493 4305 propior,
512 4234 652 4288 humorem
670 4232 831 4288 mediocrem
850 4234 926 4288 Jouis
945 4249 1005 4289 cum
1024 4231 1114 4286 calore
1133 4246 1238 4285 summo
1257 4230 1354 4285 Martis
1369 4230 1475 4297 jungat

461 4314 515 4369 Hic
531 4329 608 4368 meus
627 4319 670 4367 est
687 4311 781 4379 lusus,
810 4320 839 4368 at
857 4312 1059 4382 metaphysicus
1077 4310 1124 4364 ille
1142 4309 1185 4363 vel
1202 4310 1340 4379 physicus,
1359 4308 1426 4363 nihil
1445 4309 1647 4364 communicans
1664 4322 1726 4365 cum

374 4392 523 4449 harmoniis
541 4391 727 4461 planetarum:
745 4399 840 4449 utatur
858 4393 904 4463 qui
922 4392 1004 4456 00101,
1022 4389 1141 4460 corrigat
1158 4404 1223 4443 vero
1242 4388 1288 4458 qui
1306 4392 1405 4457 potest.

564 4532 641 4588 Finis
659 4537 784 4588 notarum
802 4531 830 4585 10
848 4529 946 4586 librum
963 4530 1012 4584 111.
1031 4527 1183 4583 Ptolemaei
1201 4536 1229 4583 et
1247 4544 1308 4583 cum
1325 4526 1359 4581 ils
1377 4526 1535 4597 appendicis

789 4610 929 4678 totiusque
946 4608 1015 4664 adeo
1027 4605 1124 4676 Operis
1141 4606 1307 4664 harmonici.
