3882 5862
395 395 460 457 880
907 388 1057 446 Ptolemaei
1073 389 1229 447 Harmmib

394 584 510 628 samma
539 566 700 629 mediarum
730 574 760 630 et
783 567 887 627 baua
914 567 1139 646 disjunctarum,
1171 569 1368 645 positionibus
1397 567 1682 646 quadrangulatim
1711 582 1749 626 ex

394 663 521 732 unoque
541 656 734 732 oppositionis
766 652 926 736 latercli),
959 664 992 716 ut
1024 663 1093 715 sunt
1121 659 1150 714 in
1173 656 1257 715 buno
1280 657 1409 717 bieectae
1440 658 1562 733 species,
1591 663 1621 714 ct
1651 652 1747 713 altera

395 742 513 821 quidem
535 742 728 819 configuratio
751 743 789 802 ab
812 751 877 803 ortu
900 744 1042 821 cujusque
1058 741 1170 818 sideris,
1193 752 1224 803 et
1246 746 1274 800 in
1301 743 1384 803 huna
1407 747 1500 821 prima
1520 742 1642 820 quadra,
1665 757 1748 800 com·

394 839 513 908 paretur
535 829 720 889 tetrachordo
743 848 938 890 summarum:
968 835 1040 908 quia
1062 847 1176 890 rursum
1192 826 1223 910 l)
1250 848 1402 891 commune
1433 838 1479 891 eat
1508 833 1643 906 utrinque
1665 831 1748 905 priu-

395 919 512 995 cipinm,
536 917 598 977 illic
620 919 649 974 in
672 924 746 992 ortu,
768 918 816 978 bic
838 920 867 975 in
892 920 1075 994 gravissimie
1096 919 1193 993 souis3
1217 926 1346 994 atquae
1369 918 1437 978 huic
1460 916 1591 978 succedit
1613 915 1749 991 conligu-

394 1007 469 1064 ratio
491 1002 534 1086 (in
556 1004 641 1063 Luna
662 1004 742 1081 prior
762 1006 853 1080 gibba
875 1003 994 1083 iacies),
1018 1007 1224 1083 aequiparetur
1247 1005 1432 1065 tetrachordo
1454 1005 1625 1065 mediarum.
1669 1001 1748 1061 Rur-

394 1110 459 1151 sum
482 1099 581 1152 autem
604 1092 796 1168 configuratio
820 1093 886 1167 iila,
909 1110 986 1169 quae
1009 1093 1056 1153 vel
1080 1093 1119 1152 ab
1142 1094 1279 1170 opposita
1303 1094 1502 1182 apparitione,
1524 1099 1557 1152 ut
1579 1095 1610 1150 in
1632 1088 1748 1149 Venere

395 1187 425 1239 et
446 1179 608 1252 Mercurio,
636 1179 683 1238 vel
707 1180 745 1239 ab
768 1187 898 1241 extrema
920 1189 1006 1241 nocte
1038 1188 1172 1240 censetur
1201 1180 1298 1259 (utin
1327 1181 1421 1240 tribus
1443 1179 1564 1257 reliquia
1587 1197 1623 1239 ex
1646 1195 1748 1237 erran·

394 1264 504 1347 tibus),
534 1265 583 1326 vel
605 1285 625 1324 a
648 1264 820 1329 decussione
844 1266 939 1342 dicta,
969 1276 1001 1326 nt
1023 1269 1065 1327 in*
1076 1267 1173 1341 Luna,
1206 1284 1311 1345 nempe
1334 1269 1479 1345 posterior
1501 1267 1566 1344 elus
1587 1266 1678 1344 gibba
1700 1264 1748 1323 sa·

395 1356 463 1429 cies,
486 1360 670 1432 comparetur
692 1338 877 1414 tetrachordo
904 1354 1129 1431 disjunctarum,
1160 1371 1237 1432 quae
1260 1355 1371 1423 iaciunt
1394 1355 1431 1415 ad
1459 1356 1587 1432 primaru¹
1605 1353 1748 1439 quadram

395 1450 484 1518 atque
513 1440 729 1502 tetrachordum
762 1460 906 1509 summam
937 1444 1152 1519 oppositionem
1186 1441 1386 1503 diametralem
1409 1453 1439 1503 et
1461 1442 1603 1519 diapason
1639 1441 1748 1500 identi-

395 1545 550 1604 sonorum;
581 1545 658 1605 quae
689 1545 759 1589 vero
782 1529 834 1588 his
859 1531 990 1591 succedit
1013 1547 1105 1606 nsque
1134 1528 1171 1589 ad
1195 1528 1421 1590 occultationem
1444 1539 1473 1590 et
1501 1538 1569 1608 post
1589 1526 1748 1589 secundam

395 1616 547 1693 quadram,
571 1615 735 1693 applicetur
757 1616 944 1676 tetrachordo
965 1616 1178 1690 excellentium,
1203 1634 1279 1693 quae
1301 1618 1414 1676 rursum
1437 1617 1548 1677 iaciunt
1561 1615 1600 1676 ad
1621 1616 1747 1693 primam

395 1705 516 1780 gibbam
539 1705 644 1764 taciem
667 1711 696 1763 et
716 1703 935 1763 tetrachordum
947 1704 1109 1766 mediarum
1126 1707 1342 1781 oppositionem
1365 1704 1565 1767 diametralem
1586 1711 1617 1762 at
1639 1702 1746 1779 diapa-

394 1809 449 1851 son
471 1791 700 1852 identisonorum
718 1787 775 1872 ll).
821 1791 859 1851 Et
880 1800 949 1851 sunt
971 1791 1090 1869 quidam
1118 1791 1273 1851 intervalla
1296 1792 1335 1852 ab
1358 1792 1605 1852 occultationihus
1627 1789 1666 1849 ad
1689 1806 1745 1866 ap·

395 1880 564 1956 petitiones,
586 1882 668 1938 etin
690 1880 735 1954 iis,
759 1880 810 1954 qui
833 1885 980 1945 extremae
996 1880 1095 1939 noctis
1113 1886 1194 1938 onus
1216 1878 1337 1959 habent,
1360 1879 1516 1939 intervalla
1537 1897 1557 1938 a
1570 1879 1748 1953 vespertinis

395 1965 509 2025 ortibus
540 1982 634 2042 usque
669 1964 706 2024 ad
738 1969 898 2026 matutinos
929 1968 1081 2026 occubitus
1096 1962 1151 2046 lu)
1179 1964 1332 2042 (quamdiu
1357 1984 1397 2026 sc.
1421 1974 1610 2027 accensentur
1631 1966 1668 2024 iis
1690 1964 1748 2023 hae

394 2051 612 2133 apparitiones),
636 2056 665 2112 in
680 2051 771 2121 ,Luna
794 2070 874 2127 vcro,
897 2053 1038 2130 quamdiu
1060 2053 1113 2113 iila
1134 2052 1221 2129 pleno
1245 2060 1368 2130 apparet
1389 2054 1460 2113 orbe
1474 2050 1558 2129 νΠΙ),
1584 2052 1676 2120 haec,
1700 2053 1748 2109 in·

395 2156 498 2217 qnam,
531 2148 599 2201 sunt
621 2158 709 2217 quam
731 2142 863 2219 proxime
878 2137 928 2223 ¹¹)
951 2143 1055 2201 unciae
1082 2139 1197 2213 circuli,
1228 2140 1474 2217 quemadmodum
1502 2150 1531 2201 et
1561 2141 1667 2200 tonica
1683 2138 1744 2197 dis·

390 2229 577 2305 junctionem
607 2225 816 2308 intervalla1).
862 2228 1031 2289 Ceterorum
1061 2245 1130 2288 vero
1163 2228 1382 2289 intervallorum
1415 2237 1558 2306 quatuor,
1588 2243 1641 2305 per
1670 2243 1747 2303 quae

395 2315 480 2375 durat
501 2314 650 2393 quaelibet
672 2315 877 2392 coniigmatio,
908 2325 976 2376 sunt
1000 2309 1063 2396 Pl,
1086 2332 1175 2395 quam
1204 2318 1333 2394 proxime
1356 2319 1520 2393 signomm,
1553 2312 1748 2392 quemadmo-

395 2402 464 2463 dum
487 2406 575 2463 etiam
599 2401 751 2478 quodlibet
773 2420 811 2463 ea
832 2402 1024 2467 tetrachordis
1047 2410 1093 2463 est
1117 2399 1178 2486 tls,
1203 2405 1334 2480 proxime
1356 2412 1491 2464 tonorum
1507 2400 1560 2482 ¹¹).
1591 2402 1748 2463 Praeterea

395 2492 426 2549 in
447 2489 534 2550 Luna
560 2490 671 2566 figurae
706 2490 793 2549 binae
825 2491 951 2550 invicem
982 2491 1136 2567 oppositae
1169 2489 1256 2549 simul
1286 2498 1400 2552 sumine
1423 2490 1546 2568 implent
1567 2488 1746 2549 soliditatem

395 2578 482 2637 unius
504 2579 636 2654 integrae
658 2579 861 2653 apparentiae,
897 2576 1141 2654 quemadmodum
1174 2585 1204 2637 et
1233 2579 1299 2636 soni
1322 2576 1465 2656 diapason
1489 2577 1632 2639 munros
1654 2592 1745 2634 unum

396 2665 547 2741 quippiam
570 2665 700 2725 eliiciunt
722 2671 839 2742 propter
861 2663 1082 2724 similitudinem
1103 2667 1309 2741 perceptionis.
1338 2663 1422 2740 Quae
1444 2667 1534 2742 igitur
1556 2663 1748 2724 communiter

393 2755 488 2830 aptari
509 2759 642 2830 posenni,
665 2751 733 2811 hinc
757 2751 926 2812 differentiis
941 2769 1037 2811 rerum
1052 2750 1090 2810 ad
1105 2761 1221 2811 cantum
1244 2753 1458 2830 pertinentium,
1482 2752 1557 2839 inda⁸
1572 2750 1748 2811 coelestibus

282 2853 284 2857 ’
393 2840 538 2914 motibus,
573 2857 609 2901 ex
642 2839 722 2900 hisce
745 2838 1004 2899 assimilationibns
1034 2840 1093 2900 iere
1116 2838 1240 2915 intelligi
1263 2838 1365 2915 datur3
1394 2847 1500 2921 requi,
1533 2847 1565 2898 ut
1596 2835 1746 2898 etiamad

393 2926 575 3005 singulorum
598 2926 860 2987 considerationem
883 2935 1066 2988 transeamus
1085 2921 1160 3009 ¹¹¹),
1190 2926 1362 3003 probabilia¹
1389 2927 1549 2989 consectati
1571 2943 1623 3004 per
1644 2926 1747 2986 obser·

393 3019 543 3075 vationem
565 3032 665 3075 eorum
688 3013 777 3094 (qnae
799 3016 877 3075 iacta
899 3021 976 3090 snut,
1000 3012 1064 3096 seu)
1086 3032 1162 3091 quae
1184 3011 1353 3088 finnt1ffl).
1457 3030 1459 3033 ·

479 3123 590 3179 NotaL
626 3122 726 3179 Mirum
741 3123 770 3177 in
787 3123 831 3177 his
848 3122 997 3179 Ptolemaei
1015 3123 1169 3193 ingenium,
1198 3123 1245 3192 qui
1270 3124 1352 3179 etiam
1377 3127 1498 3193 systema
1514 3121 1667 3191 perfectum
1685 3138 1749 3178 cum

393 3203 452 3261 suis
468 3204 542 3261 tonis
560 3201 730 3266 disjunctivis
749 3211 777 3256 et
795 3203 977 3258 tetrachordis
997 3204 1086 3273 potuit
1111 3202 1248 3271 applicare
1275 3200 1376 3257 circulo
1403 3201 1605 3270 apparitionum
1623 3216 1658 3255 ex
1676 3199 1748 3256 Solis

393 3281 486 3349 rediit.
521 3282 574 3336 Est
591 3280 683 3351 aliqua
701 3282 898 3349 convenientia,
917 3282 1018 3350 fateor,
1046 3283 1095 3347 sed
1117 3280 1232 3337 ridicule
1257 3288 1285 3335 et
1303 3279 1469 3335 destructiva
1486 3279 1621 3348 legitimae
1639 3294 1748 3350 compa·

393 3360 515 3419 muccis.
534 3360 611 3417 Sicut
628 3361 699 3415 eninr
718 3359 817 3416 aeddit
835 3360 977 3429 systemati
993 3361 1125 3430 perfecto,
1144 3365 1176 3414 ut
1191 3357 1220 3412 id
1232 3357 1368 3413 dividatur
1385 3358 1414 3411 in
1430 3356 1611 3415 tetrachordo¹
1623 3365 1651 3414 et
1667 3366 1748 3414 tonos

394 3438 584 3509 disiuncuvos,
612 3441 656 3495 vel
674 3440 739 3508 qnia
755 3440 871 3507 primunr
889 3439 1099 3494 instrumentum
1116 3437 1248 3493 musicum
1266 3438 1283 3491 4
1301 3437 1420 3493 chordae
1436 3436 1547 3507 habuit,
1575 3454 1636 3493 cum
1653 3444 1749 3507 posset

393 3522 421 3592 h,
439 3519 483 3576 rel
498 3519 566 3588 quia
584 3518 754 3575 diatessaron
771 3534 789 3572 a
805 3516 962 3587 Pythagora
980 3533 1030 3587 pro
1048 3517 1159 3575 minima
1176 3517 1415 3572 consonantiarum
1433 3515 1486 3570 fuit
1503 3515 1610 3583 habita,
1637 3528 1699 3570 curn
1716 3530 1748 3569 re

392 3618 456 3659 vera
473 3601 644 3665 temiaesint
661 3605 689 3653 et
715 3598 792 3667 ipsae
817 3597 1013 3652 consonantiae
1039 3597 1212 3664 minoresque
1238 3594 1293 3649 sint
1314 3594 1376 3663 ipsa
1393 3593 1578 3648 diatessaron:
1607 3593 1648 3648 sic
1665 3592 1747 3648 etiam

392 3680 576 3752 apparitiones
595 3676 845 3745 occultationesque
863 3675 984 3733 siderum
1002 3677 1054 3731 suh
1074 3674 1145 3730 Solis
1172 3672 1264 3728 radios
1281 3687 1357 3727 mera
1375 3680 1439 3728 eunt
1456 3670 1608 3729 accidentia
1624 3678 1748 3727 motuum

392 3759 551 3818 coelestium
568 3757 651 3826 idque
668 3763 774 3810 tuntum
791 3762 918 3826 respectu
936 3755 1085 3823 hominum,
1103 3752 1149 3822 qui
1167 3750 1202 3806 do
1221 3750 1289 3807 coeli
1308 3753 1429 3811 essentia
1446 3767 1501 3806 nou
1520 3756 1598 3818 eunt,
1616 3750 1669 3804 imo
1687 3756 1746 3804 tan·

391 3848 451 3897 tum
467 3842 595 3908 respectu
613 3834 808 3906 proportionis,
834 3850 905 3904 quae
931 3842 975 3890 est
1000 3834 1177 3890 intervisam
1204 3831 1355 3888 humanum
1372 3836 1400 3885 et
1412 3830 1488 3895 ,inter
1506 3828 1657 3885 claritatem
1675 3827 1746 3883 aeds

390 3916 470 3976 nobis
488 3913 652 3972 circumfusi.
687 3913 757 3969 Nam
775 3913 799 3966 si
816 3912 899 3983 paulo
917 3911 1054 3983 liurpidior
1072 3917 1146 3967 esset
1163 3916 1228 3981 aer,
1256 3907 1333 3966 nullu
1359 3909 1468 3965 omnino
1495 3907 1574 3963 fieret
1600 3905 1746 3963 occultatio

390 3997 509 4052 siderum
527 3995 579 4050 auh
598 3991 669 4047 Solis
687 3991 786 4059 radios,
804 3999 836 4046 ut
852 3992 988 4047 interdum
1006 3992 1097 4047 videre
1115 3990 1202 4046 estin
1220 3989 1299 4045 Luna
1317 3993 1345 4042 ct
1356 3987 1471 4042 Venere.
1491 3985 1558 4040 (lum
1575 3985 1660 4056 igitur
1676 3984 1746 4040 haec

389 4076 518 4145 utrinque
537 4071 725 4129 diremissimis
743 4069 885 4125 decausis
903 4070 942 4124 ita
959 4069 1092 4138 accidant,
1110 4067 1198 4123 modis
1217 4068 1299 4123 etiam
1317 4064 1515 4132 diversissimis,
1534 4062 1648 4143 alterurn
1666 4062 1745 4118 alteri

390 4169 480 4225 neque
497 4167 582 4210 causa
599 4150 651 4206 erit
668 4164 757 4219 neque
774 4147 888 4205 affectus
906 4165 995 4219 neque
1013 4149 1163 4204 communis
1181 4147 1290 4216 utrique
1308 4147 1347 4207 rei
1365 4160 1458 4214 causa,
1477 4142 1643 4213 comparatio
1661 4141 1746 4214 igitur

390 4233 505 4289 fortuita
522 4237 572 4295 est,
589 4227 698 4284 minime
715 4243 780 4282 vero
798 4229 924 4285 muralis.
958 4229 996 4284 Ut
1012 4232 1088 4285 tanto
1108 4226 1214 4284 sithoc
1231 4225 1340 4294 certius,
1360 4240 1394 4280 ex
1412 4224 1464 4279 hac
1482 4222 1659 4293 congruentia
1677 4220 1745 4277 nihii

390 4311 523 4368 accedero
538 4307 615 4365 cocio
633 4307 781 4378 ᾱὶςιὶιιιιίι,
799 4316 829 4363 at
845 4308 954 4379 iugenio
972 4305 1122 4362 Ptolemaei
1139 4305 1287 4375 plurinum
1299 4301 1517 4371 existimationis,
1535 4302 1591 4370 qui,
1609 4315 1680 4372 quae
1697 4314 1743 4356 ne·

390 4391 518 4447 cessitate
536 4402 641 4444 summa
658 4395 779 4442 motuum
800 4386 871 4443 Solis
890 4387 1116 4457 planetarumque
1131 4385 1202 4441 inter
1220 4401 1251 4441 ae
1273 4382 1484 4452 compositorum
1503 4379 1629 4448 aerisque
1646 4378 1744 4434 illumi-

389 4470 446 4524 nati
465 4474 493 4522 et
509 4467 583 4524 viam
601 4467 714 4522 hnmani
731 4465 766 4521 ad
784 4465 857 4522 hunc
884 4465 1011 4534 gradum,
1040 4480 1120 4534 quem
1137 4463 1260 4531 obtinet,
1287 4462 1414 4532 perfecti,
1442 4466 1660 4529 consequuntur,
1687 4464 1744 4512 tam

389 4557 453 4619 apte
471 4547 563 4618 potnit
580 4546 616 4602 ad
632 4545 867 4601 tetrachordorum
886 4545 962 4600 ideas
980 4542 1099 4597 humano
1117 4541 1229 4596 arbitrio
1251 4539 1434 4597 conformatus
1451 4538 1606 4611 applicare,
1629 4533 1744 4605 perinde

390 4644 423 4683 ac
440 4625 464 4681 si
481 4632 577 4681 notura
595 4641 700 4681 summa
717 4633 745 4681 et
761 4638 836 4680 mera
861 4624 987 4680 libertate
1004 4637 1055 4678 usa
1081 4622 1155 4677 hunc
1182 4619 1368 4677 harmonicum
1393 4617 1571 4690 archetypum
1588 4615 1616 4670 in
1635 4612 1743 4686 appari·

389 4706 509 4762 tionibus
527 4704 581 4760 illis
598 4704 799 4763 conformandis
817 4702 989 4774 spectauerit

361 4858 366 4879 ¹
475 4802 551 4857 Nota
566 4802 600 4857 ΙΙ.
636 4802 786 4858 Residnnm
803 4799 912 4857 residuo
931 4803 1080 4868 comparat,
1098 4803 1141 4853 est
1152 4798 1242 4867 igitur,
1259 4803 1392 4866 utsupra
1405 4792 1515 4865 qnoque
1531 4792 1643 4862 motum,
1662 4788 1742 4847 affec·

388 4886 447 4937 tata
463 4882 684 4951 comparatio,‘et
700 4882 809 4938 omnino
826 4881 874 4937 dat
886 4892 997 4950 operam
1013 4876 1196 4948 Ptolemaeus,
1213 4874 1333 4933 utnulla
1350 4890 1415 4946 pars
1432 4875 1550 4930 musices
1567 4871 1611 4942 sit,
1629 4870 1674 4928 cni
1685 4885 1741 4929 non
