3882 5862
866 314 1011 386 xductoria
1547 324 1611 385 431

262 495 317 557 red
338 496 389 559 illo
411 503 539 571 tantum,
571 497 621 575 qui
649 496 678 554 ia
707 496 869 577 geometria
897 495 1044 553 iuvenitur
1066 491 1261 555 harmonicus
1307 494 1348 555 At
1369 497 1530 572 geometria
1562 514 1614 559 ons

265 586 388 644 rationis
412 594 468 663 est,
489 583 568 660 qnod
591 600 697 660 perse
718 583 830 643 nullam
853 581 942 641 babet
965 580 1133 642 efficaciam.
1180 578 1303 656 Oportet
1325 600 1409 659 ergo,
1438 592 1471 642 ut
1491 601 1614 660 geome-

264 672 322 731 tris
343 671 432 745 bace,
457 673 551 731 lateus
574 673 603 729 in
626 672 810 746 aspectibus,
834 676 904 745 agat
927 669 1081 743 objectiva.
1128 667 1167 725 At
1189 669 1336 744 objectiva
1365 674 1394 729 in
1418 672 1530 733 nullam
1553 689 1614 731 rem

264 775 352 834 cgere
383 760 543 836 quidquam
571 765 684 833 potest,
715 759 772 817 nisi
804 760 834 815 iu
863 754 1018 815 facultates
1039 754 1198 831 animales,
1229 764 1263 815 ut
1288 755 1399 817 musica
1429 760 1458 817 iu
1481 759 1614 821 auditum

265 845 412 921 agricolae
434 846 578 907 saltantis.
625 840 714 919 Quod
735 846 824 920 igitur
846 851 982 902 causatur
1004 850 1101 903 motus
1123 844 1198 901 aiiris
1223 844 1259 902 ad
1275 848 1487 922 praescriptum
1509 864 1614 924 aspec-

264 941 348 991 tuum
379 936 408 993 iu
431 934 522 993 Terra
544 933 748 1005 formatorum,
779 931 880 1013 idest
904 928 1038 988 animalis
1066 928 1217 988 facultatis
1238 934 1385 1008 particeps
1414 942 1443 992 et
1472 936 1501 991 in
1524 934 1615 995 Terra

265 1038 422 1096 praesens3
456 1029 485 1080 et
515 1024 585 1097 quia
614 1019 643 1079 id
678 1028 810 1079 meteora
839 1025 937 1078 versat
956 1034 1039 1093 pene
1062 1017 1204 1075 arbitratu
1226 1035 1280 1077 suo
1303 1019 1369 1098 (nee
1392 1023 1469 1079 enim
1499 1021 1529 1079 id
1553 1024 1613 1082 bini

264 1107 401 1184 planetae
424 1109 542 1183 faciunt,
565 1115 598 1167 ut
619 1123 710 1185 penes
731 1125 806 1183 quos
830 1109 858 1163 in
883 1105 966 1164 coelo
989 1112 1136 1164 currentes
1161 1105 1233 1164 nibil
1257 1114 1301 1164 est
1323 1107 1359 1167 de
1381 1116 1504 1185 aspectu
1525 1126 1613 1185 prae-

265 1198 342 1255 senti
365 1199 506 1270 terrestri,
536 1211 591 1255 nec
619 1194 649 1253 id
670 1196 741 1252 facit
769 1200 906 1269 aspectus
928 1194 1007 1268 ipse,
1039 1199 1071 1251 ut
1100 1194 1150 1268 qui
1182 1193 1317 1253 accidens
1340 1204 1386 1253 est
1415 1196 1562 1257 radiorum
1576 1192 1613 1256 'et

264 1290 383 1359 propter
400 1300 487 1343 auam
510 1283 718 1358 geometricam
741 1282 970 1340 conformitatem
993 1296 1045 1338 eus
1067 1280 1215 1358 rebonis),
1246 1279 1292 1341 his
1315 1283 1404 1357 igitur
1422 1291 1470 1343 ,tot
1490 1288 1613 1344 rationi-

264 1371 321 1429 bus
355 1371 518 1445 conficitur,
550 1370 579 1428 id
602 1386 667 1429 esse
690 1369 838 1444 quoddam
859 1383 952 1443 genus
974 1368 1099 1425 animae.
1122 1366 1190 1451 *Tu
1212 1366 1283 1443 has,
1312 1368 1454 1444 Roboris,
1485 1374 1613 1433 rationes

267 1459 426 1534 pensitato,
451 1468 512 1517 tum
536 1457 652 1519 demum
675 1455 746 1532 quid
768 1457 821 1515 tibi
844 1454 986 1528 videatur,
1011 1455 1171 1513 rescribite.
1215 1455 1290 1539 Nam
1305 1469 1382 1516 nunc
1404 1457 1522 1535 quidem
1545 1458 1613 1518 nul·

265 1546 325 1603 lius
347 1548 487 1605 momenti
508 1556 553 1604 est
576 1544 649 1604 illud
670 1554 754 1602 tuum
775 1542 885 1615 videri,
909 1541 978 1599 dum
1002 1541 1181 1601 influentiam
1203 1542 1321 1617 quidem
1345 1548 1495 1621 nominas,
1520 1563 1612 1606 voca·

264 1632 334 1692 bulo
365 1633 532 1701 accidentis>
550 1632 591 1691 de
615 1626 852 1719 praedicamento
884 1631 1007 1687 actionis
1039 1628 1086 1687 vel
1107 1632 1262 1716 passionis
1293 1630 1334 1712 (in
1357 1650 1462 1709 genere
1493 1630 1610 1713 motuis),

264 1722 379 1779 interim
402 1730 499 1780 tamen
522 1719 589 1779 huic
612 1720 790 1787 influentiae,
814 1733 873 1774 uon
896 1724 1030 1774 naturam
1052 1724 1180 1790 tantum,
1203 1717 1365 1779 sedetiam
1388 1725 1557 1797 appetitum
1581 1730 1613 1780 ut

264 1807 448 1867 substantiae
472 1807 586 1865 cuidam
609 1808 721 1880 tribuis,
745 1805 782 1862 ad
806 1820 892 1879 quem
916 1804 964 1862 illc
980 1809 1077 1861 adrem
1099 1803 1156 1862 buc
1179 1812 1267 1880 atque
1289 1806 1361 1866 illuc
1381 1807 1489 1868 flectat
1529 1807 1612 1883 Quo·

265 1894 354 1953 modo
378 1898 456 1954 enim
477 1912 514 1953 ex
536 1894 594 1954 hoc
616 1902 667 1953 tuo
690 1893 786 1953 uideri
808 1892 932 1966 liqueat,
955 1890 1061 1950 falsam
1083 1907 1148 1950 esse
1172 1909 1269 1952 meam
1290 1897 1481 1969 sqnteutiam,
1512 1900 1611 1973 potius

263 1999 353 2058 quam
381 1982 607 2041 err-rationibus
640 1998 690 2057 pro
717 1997 783 2039 mea
806 1980 951 2038 sententia
977 1977 1127 2055 productis
1149 1977 1276 2056 liqueat,
1308 1983 1414 2041 falsum
1437 2001 1500 2043 esse
1530 1992 1612 2044 tuum

264 2071 420 2129 obscurum
443 2068 540 2128 uideri
562 2071 623 2128 siue
646 2069 823 2138 rationibus,
855 2063 920 2131 sola
942 2066 1082 2143 sapientis
1104 2068 1204 2125 nescio
1232 2069 1316 2142 cujus
1340 2073 1526 2145 auctoritate,
1558 2087 1612 2130 neu

265 2174 300 2216 ea
324 2156 428 2231 liquidi
450 2173 563 2230 sensus,
586 2154 751 2214 munitum?
796 2152 934 2229 Spiritum
948 2153 1074 2213 solarem
1096 2155 1122 2210 si
1145 2161 1175 2211 iu
1199 2154 1246 2213 hic
1261 2158 1423 2230 substituis,
1446 2158 1493 2219 dio
1514 2161 1611 2235 igitur,

264 2262 315 2302 cur
338 2246 456 2319 spiritus
478 2244 533 2303 iste
556 2242 660 2303 solaris
682 2259 740 2303 non
762 2241 829 2301 aliis
852 2243 907 2297 uisi
932 2238 989 2298 illis
1013 2248 1176 2315 temporum
1196 2246 1352 2303 momentis
1370 2254 1489 2304 moveat
1504 2250 1610 2321 adrem,

262 2348 329 2389 cnm
354 2332 486 2389 binorum
509 2346 748 2407 quorumcunque
779 2328 962 2406 planetarum
990 2327 1064 2387 redii
1087 2328 1302 2403 configurantur
1333 2333 1362 2388 in
1386 2331 1500 2392 Terra?
1544 2332 1611 2408 Quo

261 2418 359 2479 medio
381 2420 499 2493 spiritus
522 2420 578 2478 iste
593 2417 671 2476 Solis
694 2418 882 2495 pervestigat,
907 2414 977 2491 quid
1000 2416 1036 2474 de
1063 2414 1244 2490 planetarum
1267 2418 1356 2477 radiis
1375 2419 1430 2479 fiat
1452 2424 1479 2481 iu
1500 2420 1612 2480 Terra?

263 2503 380 2579 Quanto
403 2505 519 2565 facilius
543 2514 603 2576 est,
627 2513 659 2563 ut
680 2507 722 2563 ibi
744 2505 843 2579 potius
865 2502 965 2562 sedern
987 2504 1112 2578 figamus
1135 2506 1264 2579 spiritui,
1295 2507 1346 2564 ubi
1369 2511 1534 2582 cognoscit,
1558 2510 1610 2568 ubi

262 2601 290 2652 ot
324 2601 461 2667 operatur
490 2591 649 2651 seeundum
680 2593 758 2668 quod
792 2594 950 2665 cognoscit.
996 2588 1075 2649 Illud
1106 2598 1138 2649 tu
1169 2594 1249 2667 agie,
1283 2593 1339 2652 boe
1362 2611 1427 2670 ego.
1479 2596 1611 2655 Virtutes

262 2695 392 2755 agnosco
414 2683 581 2754 commuue
602 2680 715 2761 ubique
735 2681 860 2754 agentia
885 2694 985 2736 omnes
1008 2679 1125 2735 omnino
1149 2678 1302 2739 facultates
1324 2682 1483 2756 animales,
1506 2700 1559 2742 seu
1580 2686 1611 2741 in

263 2766 355 2826 Terra
377 2784 429 2826 eeu
451 2770 480 2825 in
503 2767 613 2843 plantis
635 2769 698 2825 sire
721 2769 749 2824 in
773 2766 899 2824 bomine.
945 2763 1163 2839 Dispositiones
1186 2783 1254 2825 raro
1280 2770 1308 2825 in
1332 2769 1415 2829 coelo
1449 2769 1496 2829 vel
1518 2772 1611 2846 opiri-

264 2861 313 2913 tarr
336 2855 445 2913 soloris
474 2855 523 2913 rel
550 2857 718 2930 supimtim
744 2854 857 2929 ubique
879 2855 994 2928 ageretis
1025 2868 1081 2926 ego
1109 2852 1206 2911 nullas
1229 2858 1315 2928 nori,
1347 2856 1506 2914 secuudum
1537 2874 1611 2932 quas

262 2950 370 3001 natura
390 2941 559 3001 sublunaris
581 2943 750 3001 concitetur.
797 2940 964 2999 Concitetur
991 2941 1069 2996 enim
1099 2939 1259 2998 secundum
1288 2951 1381 3001 certas
1405 2942 1612 3019 dispositiones

261 3028 412 3088 radiorum
434 3031 464 3087 in
487 3028 587 3103 Terra,
609 3029 665 3087 hoc
688 3030 867 3105 experientia
888 3032 1030 3103 perpetua
1045 3035 1178 3100 constat;
1201 3035 1233 3086 at
1254 3031 1283 3086 in
1300 3029 1382 3089 coelo
1405 3030 1611 3107 dispositiones

262 3119 338 3176 istae
360 3133 545 3192 nequaquam
579 3118 686 3188 insunt,
717 3118 755 3175 ob
777 3113 807 3172 id
830 3116 942 3190 ipsum,
967 3116 1037 3189 quia
1059 3116 1088 3172 in
1112 3114 1202 3173 Terra
1222 3117 1329 3176 insunt
1374 3117 1501 3194 Spiritus
1522 3119 1610 3193 Solis,

264 3207 321 3276 aie,
345 3203 396 3263 dat
418 3203 545 3281 planetis
567 3206 658 3262 vitam
682 3212 711 3261 et
732 3205 868 3262 animam.
915 3199 992 3275 Quid
1015 3201 1158 3260 commodi
1182 3203 1274 3264 babet
1301 3214 1353 3264 tua
1375 3208 1520 3265 sententia
1542 3224 1612 3285 prae

267 3289 356 3351 mea?
401 3290 447 3350 'Pu
470 3290 507 3349 ad
531 3290 656 3366 quodvis
678 3299 857 3360 momentum
878 3305 986 3347 novam
1009 3287 1109 3348 educis
1131 3289 1314 3366 planetarum
1341 3295 1469 3352 animam
1492 3312 1528 3353 ex
1550 3296 1613 3371 spi·

193 3410 197 3421 ,
266 3381 325 3438 ritu
347 3376 442 3452 Solis,
473 3395 523 3455 per
546 3395 633 3453 quam
656 3379 715 3436 bini
739 3377 875 3453 planetae
898 3375 964 3435 iude
993 3393 1029 3435 ex
1052 3376 1170 3435 sedibus
1193 3381 1255 3437 suis
1278 3380 1454 3441 coelestibus
1484 3384 1613 3441 meteora

263 3469 362 3526 eieant
376 3468 405 3522 in
427 3465 576 3525 sublunari
592 3463 711 3541 mundo,
727 3465 816 3542 idque
830 3464 869 3524 ad
885 3464 1095 3540 praescriptum
1111 3473 1281 3542 aspectuum
1295 3470 1325 3525 in
1342 3468 1441 3527 Terra.
1476 3467 1611 3543 Quantae

256 3553 318 3627 ,bae
342 3552 503 3631 ambages?
549 3551 665 3627 Quanto
688 3570 742 3628 ego
765 3551 947 3630 probabilius
970 3552 1010 3610 ibi
1034 3550 1126 3625 bunc,
1160 3555 1185 3609 si
1216 3556 1258 3612 iia
1280 3558 1341 3631 vis,
1356 3562 1358 3567 '
1375 3558 1508 3633 spiritum
1530 3572 1609 3632 pono

262 3648 447 3718 perpetuum,
470 3641 520 3700 ubi
542 3658 680 3717 praesens
703 3641 746 3698 illi
768 3640 817 3698 lex
839 3638 961 3715 agendi,
984 3639 1035 3697 ubi
1057 3648 1086 3696 et
1109 3656 1182 3714 opus
1206 3640 1286 3715 ejus,
1320 3646 1347 3699 iu
1372 3650 1476 3703 nutura
1497 3643 1610 3702 seilicet

261 3726 438 3787 sublunari?
484 3727 588 3787 Abram
612 3727 684 3787 dicis
707 3730 822 3786 animae
844 3725 943 3786 mundi
974 3727 1106 3803 spiritum
1130 3727 1300 3795 inferiorem.
1345 3729 1412 3791 Non
1436 3730 1610 3789 contendum

259 3818 319 3874 bac
342 3814 561 3888 darciacum,
585 3833 630 3887 ea,
655 3832 743 3890 qnam
766 3831 820 3890 ego
845 3813 904 3872 dixi
927 3812 1034 3871 Terrae
1057 3815 1199 3887 animam,
1224 3816 1300 3877 sitne
1320 3834 1354 3877 se
1376 3818 1441 3894 ipsa
1464 3817 1609 3892 quaedam

262 3910 399 3978 separata
421 3904 527 3975 anima,
551 3919 627 3962 anne
649 3904 747 3978 potius
770 3903 890 3962 alterius
913 3902 1029 3959 animae
1050 3902 1194 3975 majurum
1215 3908 1345 3978 gentium
1370 3907 1503 3981 spiritus,
1528 3912 1561 3962 ut
1584 3908 1609 3963 si

263 3992 330 4065 quis
353 3992 382 4047 fn
406 3990 492 4049 corde
515 3990 650 4049 animalis
673 3991 788 4049 animae
810 3989 909 4048 sedem
923 3996 1024 4065 ponat,
1048 3991 1077 4045 in
1094 3987 1179 4048 oculo
1195 4007 1252 4049 nou
1269 3994 1396 4053 animam
1416 4009 1511 4068 neque
1527 3990 1608 4050 illem

208 4096 211 4101 ’
267 4076 469 4151 decumanam,
493 4094 588 4152 neque
611 4087 776 4153 separatam
799 4079 943 4136 minorum
965 4078 1108 4152 gentium,
1134 4076 1185 4139 sed
1208 4078 1313 4138 saltem
1337 4082 1470 4155 spiritum
1492 4078 1609 4156 plenum

261 4165 359 4241 specie
382 4165 461 4223 illius
483 4164 601 4241 reginae
624 4167 653 4222 iu
676 4165 763 4224 corde
785 4163 912 4224 sedentis
940 4164 970 4219 in
993 4180 1024 4221 ae
1048 4181 1176 4239 egressa.
1221 4166 1278 4239 Sit,
1309 4168 1444 4242 inquam,
1478 4166 1534 4225 boc
1556 4168 1609 4239 ita,

259 4254 299 4319 eit
322 4269 388 4312 mea
409 4251 483 4312 baec
504 4255 620 4324 anima,
651 4269 740 4335 quam
762 4251 869 4311 Terrae
892 4251 1004 4325 tribuo,
1036 4250 1108 4309 nibil
1131 4251 1212 4311 aliud
1241 4271 1328 4329 quam
1350 4256 1471 4329 spiritns
1493 4256 1609 4313 animae
1700 4298 1703 4307 ,

261 4338 361 4397 mundi
384 4338 454 4398 alibi
476 4339 614 4399 sedentis.
661 4342 700 4399 At
721 4339 780 4398 huc
800 4337 908 4399 adduci
930 4355 988 4397 non
1011 4355 1141 4414 possum,
1164 4347 1197 4398 ut
1212 4339 1320 4417 largiar
1343 4342 1404 4414 tibi,
1428 4341 1608 4401 materialem

262 4426 340 4485 bunc
363 4431 459 4485 aiirem
482 4425 564 4485 illum
587 4429 682 4502 ipsam
705 4445 769 4489 csse
790 4428 933 4502 spiritam,
958 4427 1009 4501 qui
1030 4432 1063 4484 et
1083 4428 1206 4503 percipit
1220 4431 1410 4503 geometriam
1426 4437 1608 4504 aspectuum,

260 4515 292 4570 in
314 4512 404 4573 Terra
426 4514 629 4588 formatorum,
654 4522 683 4574 et
703 4513 862 4574 secundum
887 4530 951 4573 earn
974 4519 1102 4572 mateora
1124 4517 1182 4585 ciet
1203 4516 1319 4575 actibus
1341 4517 1607 4591 intermittentibus,

261 4600 344 4659 velut
373 4599 411 4659 ad
441 4600 568 4659 edietum
597 4605 740 4677 praetoris
769 4617 949 4678 comparans.
994 4600 1069 4659 Nam
1098 4618 1152 4660 nec
1175 4600 1226 4661 illa
1256 4607 1433 4677 geometriae
1455 4606 1608 4680 impressio
1644 4651 1645 4654 ,

260 4686 294 4747 iit
321 4689 351 4745 in
373 4688 539 4761 materiam,
572 4688 677 4748 obtusa
704 4691 791 4749 nimis
820 4697 864 4748 est
886 4690 953 4762 iila,
983 4687 1088 4749 sedin
1112 4688 1205 4748 solam
1236 4689 1325 4749 talem
1346 4698 1496 4764 baimam,
1531 4708 1607 4767 quae

256 4776 381 4837 nationis
413 4783 459 4838 est
490 4774 706 4851 quodammodo
727 4778 888 4854 particeps,
922 4791 987 4835 cum
1016 4777 1178 4850 geometria
1207 4777 1246 4835 eit
1267 4779 1390 4839 rationis
1412 4779 1546 4855 babitus,
1578 4786 1608 4845 tt
