3882 5862
733 371 817 429 Liber
833 372 887 429 mr
899 373 993 443 ,caput
1009 373 1068 428 XV.
1508 380 1573 445 lot

217 552 376 617 peccatores
392 548 463 607 aaut
478 547 590 617 socrum
607 546 709 615 (subito
728 562 744 603 e
760 561 791 603 rc
809 548 898 609 tenui,
921 546 1020 605 darem
1037 544 1163 617 publico,
1180 547 1316 605 creverint
1332 553 1364 605 ut
1379 550 1507 621 spongia,
1526 567 1574 625 po·

222 624 365 691 cuiatores,
384 624 465 695 avari,
485 620 679 695 deglubitores,
698 624 770 682 orbis
788 633 940 694 exactores,
959 624 1133 681 nummttlarii
1146 632 1174 683 et
1186 624 1374 696 cambiatores,
1391 626 1418 696 ii,
1437 629 1487 698 qui
1498 646 1574 687 num·

221 702 273 756 mis
290 702 379 771 pretia
395 712 505 774 augent,
523 702 717 772 tenuerintque
730 705 819 773 gratia
835 704 987 774 principum
1005 713 1033 760 et
1051 704 1273 761 communitatum
1291 705 1319 761 in
1331 707 1493 762 necessitate
1511 723 1575 763 con·

221 779 386 849 stitntorum)
405 789 431 837 ct
447 784 628 853 apparuerint
651 781 735 848 (tastu
753 791 782 838 et
800 782 944 854 splendore
962 783 1033 839 vitae
1054 789 1083 837 et
1101 783 1226 850 neglectu
1252 784 1406 839 tenuiorum
1428 784 1575 854 praestrin-

222 857 312 912 xerint
337 859 430 914 oculos
449 859 531 928 vulgi,
551 860 615 928 juro
633 858 785 916 nobilitatis
809 862 999 932 usurpaverint
1022 861 1214 932 evicerintque)
1239 876 1331 917 omncs
1353 863 1401 937 gai
1424 870 1575 935 opacatur

221 937 405 1008 iniptitotsm:
424 947 457 995 et
473 942 610 996 inteream
631 940 714 1007 (tama
736 939 857 1009 ipsorum
880 949 944 1010 post
966 957 1070 1011 pancos
1096 957 1183 996 annos
1209 940 1400 1007 exstinguetur
1418 955 1480 995 cnm
1496 940 1591 1010 ipsisi¹

221 1015 252 1070 in
268 1018 387 1071 mmmm
403 1019 495 1073 secali.
533 1018 574 1073 Ta
590 1024 682 1074 arom
699 1021 850 1076 creemur
870 1022 902 1075 in
918 1027 1059 1076 mensam
1076 1020 1204 1077 Domine.
1241 1018 1378 1090 Quoniam
1395 1035 1453 1075 ecce
1469 1020 1576 1076 iramici

222 1096 265 1150 tal
281 1095 415 1164 Domine,
439 1097 570 1167 paoniron
587 1114 646 1152 cccc
662 1098 769 1153 moria
784 1100 828 1153 tai
844 1098 1036 1165 (contemtores
1054 1104 1083 1153 at
1100 1096 1269 1168 neglectores
1289 1110 1400 1165 operum
1418 1103 1528 1150 tuorum
1546 1103 1575 1151 et

222 1173 373 1227 divinorum
390 1174 551 1240 studiorum)
573 1175 704 1245 peribunt
722 1176 955 1248 adunarentur
972 1192 1066 1233 omnes
1086 1178 1134 1247 qai
1152 1182 1302 1247 operarttur
1318 1177 1499 1247 mandatam.
1534 1176 1576 1234 Ei
1646 1234 1652 1239 ,

221 1252 390 1308 multatim
405 1254 476 1307 neat
492 1254 635 1309 masma
657 1271 744 1310 corruo
760 1270 849 1310 maon
866 1261 891 1310 et
908 1262 1030 1312 aenedas
1046 1272 1107 1311 meo
1125 1254 1230 1324 panem
1248 1254 1336 1308 mnae
1354 1254 1528 1324 posthumae)
1545 1254 1577 1310 in

220 1329 410 1385 mammolo
426 1331 511 1385 uberi.
547 1330 588 1385 Et
605 1331 728 1405 dcmeait
746 1334 841 1388 oculas
857 1349 931 1389 mette
947 1335 1075 1390 inimicos
1091 1350 1165 1389 meos
1183 1334 1365 1402 (ignorantes,
1388 1331 1435 1401 qni
1453 1331 1575 1400 philoso-

221 1408 322 1477 phiam,
340 1424 420 1476 quam
439 1408 507 1473 colo,
526 1407 603 1463 nihili
621 1409 734 1478 iaciunt,
752 1410 884 1480 pecuniis,
904 1410 1002 1480 quibus
1021 1426 1110 1479 careo,
1129 1410 1294 1479 gloriantnr3
1313 1416 1411 1463 natura
1429 1409 1501 1464 enirn
1519 1426 1575 1463 om·

222 1502 270 1541 nes
287 1486 443 1555 ignorantes
460 1493 489 1542 et
506 1494 688 1542 contemtores
707 1489 858 1556 modiorum
883 1489 1008 1543 omnibns
1033 1489 1182 1545 scientibus
1206 1488 1319 1557 inimici,
1347 1488 1427 1542 etiem
1444 1488 1531 1556 ierit)
1550 1496 1576 1546 ct

220 1567 424 1636 numeratores
435 1567 466 1621 in
477 1580 519 1621 one
528 1568 750 1638 migrantes,
768 1569 862 1624 ardut
874 1570 953 1624 cane
963 1584 1032 1636 mco3
1044 1568 1140 1636 iaaac
1150 1572 1183 1625 at
1189 1570 1288 1639 palmo
1301 1567 1416 1636 flmebit
1429 1572 1468 1621 at
1479 1566 1576 1623 oedrm

222 1644 328 1700 labani
348 1646 582 1715 multiplicabitur.
618 1647 746 1702 Plantoti
765 1648 797 1703 in
814 1648 894 1703 dono
912 1647 1028 1703 Domini
1052 1649 1084 1702 ia
1105 1650 1188 1704 atriu
1205 1650 1302 1704 coma
1319 1648 1374 1702 Dci
1390 1648 1481 1702 nostri
1496 1648 1575 1715 tiore·

222 1724 290 1779 ment
307 1724 545 1794 (mnoempiatione
563 1725 662 1781 mentis
679 1723 751 1799 inter
768 1724 848 1780 orbes
867 1724 1014 1791 coelestes,
1034 1724 1085 1778 Dei
1103 1724 1301 1795 habitaculum,
1327 1725 1493 1794 conversati,
1512 1741 1575 1781 con·

222 1809 317 1871 spectu
336 1802 487 1859 divinorum
505 1821 619 1875 opernm
641 1804 816 1874 perfruentur
833 1807 947 1875 Deoqoe
972 1804 1107 1860 conditori
1130 1803 1226 1860 laudes
1249 1806 1374 1861 nanneni
1397 1812 1426 1860 et
1442 1804 1576 1860 mirabilis

222 1880 283 1949 ejus
301 1881 437 1939 docebunt
453 1884 536 1953 alios3
555 1882 730 1954 principibus,
749 1883 886 1953 praelatis,
905 1883 1040 1939 nobilitati
1058 1891 1087 1938 et
1104 1883 1207 1952 optimo
1225 1882 1426 1952 cuiquechari,
1444 1884 1574 1951 quamdiu

222 1958 323 2015 fuerint
340 1963 509 2032 superstites,
527 1970 659 2032 numque
676 1962 836 2019 remotiores
854 1972 934 2017 erum
946 1980 964 2020 a
975 1962 1068 2020 multii
1085 1961 1283 2019 mammeas
1302 1968 1330 2017 st
1347 1961 1453 2030 laqusis
1470 1961 1573 2019 diaboli

224 2043 252 2092 et
270 2038 409 2094 desideriis
427 2042 519 2098 moitis
536 2041 676 2098 inutilibus
695 2047 724 2095 ct
741 2042 857 2109 nocivis,
876 2058 947 2113 quae
965 2048 1092 2112 mergunt
1109 2041 1246 2099 hominem
1264 2042 1292 2096 in
1309 2040 1448 2097 interitum
1467 2047 1495 2094 et
1511 2057 1573 2110 per

222 2115 351 2171 ditionem
373 2119 498 2190 viamque
522 2122 557 2177 ad
580 2112 687 2176 domum
713 2120 765 2173 Dei
790 2127 854 2190 post
884 2121 955 2175 hanc
979 2122 1061 2175 vitam
1084 2119 1278 2188 intersepiant,
1305 2123 1407 2188 quanto
1430 2116 1482 2172 sibi
1506 2119 1573 2188 ipsis

222 2210 313 2252 amore
330 2195 520 2270 philosophiae
538 2201 639 2255 tuerint
657 2199 798 2255 obstaculo
823 2202 857 2255 ad
876 2200 982 2257 divitias
1005 2201 1203 2267 cumulandas).
1239 2200 1339 2256 Aditac
1355 2198 1577 2268 maturator

222 2275 377 2331 insaucia
393 2278 483 2347 abari,
512 2286 539 2335 et
556 2278 775 2347 benepatientes
798 2287 890 2348 mat,
918 2287 950 2336 at
966 2282 1148 2347 oonuoaent,
1176 2278 1308 2350 gaminae
1332 2282 1422 2333 rana
1438 2272 1577 2337 Donata

222 2351 300 2408 Deae
317 2358 418 2423 nocta,
437 2363 463 2412 et
479 2374 536 2414 non
554 2364 594 2413 cst
609 2358 743 2427 iniguitas
759 2357 790 2412 in
808 2374 846 2412 eo.

311 2457 386 2514 Nola
403 2459 450 2515 IX.
486 2461 537 2516 Hic
560 2477 630 2517 nnus
653 2460 764 2531 planeta
787 2479 870 2519 causa
895 2461 1065 2519 omnimodae
1088 2479 1154 2521 snae
1178 2462 1393 2519 venenosam
1410 2459 1575 2537 opmyclicae

226 2556 307 2610 qnam
330 2540 497 2597 eccentricae
521 2547 692 2612 comparatur
717 2556 778 2594 curu
802 2541 934 2598 sonitibus
957 2541 1075 2612 plurium
1093 2538 1264 2599 chordarum.
1300 2540 1332 2597 Id
1348 2556 1400 2610 per
1417 2555 1447 2594 se
1465 2557 1520 2596 non
1536 2541 1577 2599 in·

226 2623 320 2685 eptam
338 2618 388 2688 est,
407 2619 430 2673 si
449 2621 587 2691 epicyclns
605 2622 722 2675 abesset.
759 2614 828 2673 Nani
847 2619 926 2675 etiam
945 2619 1011 2676 mibi
1028 2618 1098 2675 libro
1111 2620 1143 2675 V.
1163 2638 1222 2689 cap.
1242 2620 1267 2676 o.
1285 2614 1412 2692 planetae
1430 2636 1516 2677 causa
1533 2638 1576 2678 so·

226 2692 280 2749 line
298 2694 466 2753 eccentricac
484 2692 659 2757 volutationis
676 2715 737 2754 cum
755 2697 879 2768 pluribus
897 2698 1006 2754 chordis
1024 2705 1223 2767 comparantur.

312 2792 386 2848 Nota
411 2794 446 2848 X.
491 2794 563 2862 Quid
589 2792 617 2849 in
644 2794 696 2850 bac
722 2795 925 2865 comparatione
950 2795 1120 2864 planetarum
1148 2793 1316 2866 singulorum
1343 2811 1404 2849 cnm
1430 2792 1576 2866 generibus

225 2875 322 2924 centus
345 2871 434 2926 tribas
457 2868 605 2927 desiderari
628 2875 717 2942 possit
739 2876 773 2930 ab
792 2888 838 2944 eo,
865 2873 912 2944 qni
936 2873 1026 2929 omnia
1047 2874 1214 2944 excusserit,
1242 2868 1343 2927 dicttttr
1366 2880 1409 2927 est
1436 2872 1472 2928 ad
1495 2882 1578 2944 ceput

224 2946 483 3006 salamantin
501 2950 574 3008 notis
592 2953 617 3021 2,
635 2954 652 3007 i
672 2958 699 3008 et
717 2956 743 3009 5.
825 2986 833 3001 ·

310 3044 385 3102 llota
402 3046 450 3103 Xi.
491 3044 551 3102 liae
577 3048 769 3117 proportiones
793 3048 992 3104 revolutionum
1014 3038 1221 3117 epicyctcu'rum
1248 3045 1354 3107 numeri
1378 3038 1577 3102 adnumerum

225 3127 435 3183 eenamcenam
453 3125 543 3182 adhuc
560 3126 646 3182 multo
663 3128 749 3197 magis
767 3140 849 3197 quam
867 3130 950 3197 snpra
973 3128 1077 3182 dierum
1099 3124 1127 3195 lp
1148 3125 1267 3195 periodis
1290 3124 1424 3181 meutmes
1446 3123 1514 3180 tuit
1526 3136 1578 3180 nec

225 3205 306 3260 rebus
327 3206 395 3276 ipsis
418 3207 523 3274 insunt,
550 3207 589 3260 sic
612 3213 643 3260 ut
664 3207 816 3275 compared
838 3209 954 3276 possint.
990 3207 1061 3262 Nam
1079 3205 1145 3276 qnid
1170 3205 1267 3259 eminet
1284 3205 1356 3259 inter
1372 3218 1402 3259 se
1420 3214 1577 3274 comparare

224 3285 339 3353 angulos
362 3285 474 3341 diurnos
499 3283 535 3337 ad
557 3290 679 3339 casnm
704 3283 819 3354 opicydi
841 3300 902 3340 cunr
925 3284 1029 3341 diurnis
1050 3285 1086 3340 sd
1104 3291 1226 3342 aenum
1254 3284 1412 3352 moentnct,
1440 3298 1458 3337 a
1489 3281 1576 3340 oanni

226 3364 340 3435 spicyali
356 3371 433 3421 motu
451 3363 595 3426 tabiensis,
614 3378 675 3417 curn
693 3361 788 3418 oculus
806 3361 897 3419 nubes
916 3364 953 3417 sit
970 3364 998 3418 in
1017 3372 1111 3420 canno
1129 3362 1265 3434 epicyclii
1300 3362 1417 3418 Perinde
1434 3363 1507 3416 enlm
1524 3363 1577 3418 lroo

225 3448 281 3511 est,
305 3459 339 3501 ac
356 3442 379 3497 si
397 3441 459 3510 quis
476 3441 546 3497 inter
563 3455 593 3495 se
612 3456 769 3509 comparare
787 3442 853 3498 solit
869 3459 962 3499 rocem
987 3446 1078 3514 pueri,
1104 3445 1257 3501 discentum
1278 3441 1401 3497 canende
1418 3440 1448 3494 in
1465 3440 1577 3510 templo,

227 3537 289 3577 cum
305 3514 385 3588 louge
407 3519 504 3574 dissita
520 3534 588 3574 roco
606 3518 708 3589 vigilis,
733 3521 827 3576 horam
851 3521 1056 3591 pronunciantis
1076 3524 1109 3578 de
1127 3521 1207 3585 turri;
1236 3527 1267 3575 ut
1284 3525 1401 3577 aman.
1430 3517 1504 3587 quod
1523 3512 1577 3591 spi·

226 3601 318 3670 cyclus
335 3598 427 3654 nudus
445 3605 495 3653 eet
534 3584 675 3665 Quomodo
694 3614 757 3653 vero
775 3608 866 3657 motus
885 3600 1003 3655 Telluris
1021 3600 1199 3666 eccentricus,
1218 3615 1272 3667 quo
1289 3599 1398 3655 tollitur
1416 3597 1504 3655 omnis
1522 3592 1577 3666 spi·

226 3678 327 3750 cyclus,
347 3683 519 3750 comparetur
537 3688 598 3730 cum
616 3675 733 3730 motibus
752 3686 911 3746 ceterorum,
931 3674 959 3732 id
970 3678 998 3733 in
1016 3681 1182 3735 astronomia
1194 3678 1344 3735 Ptolemaei
1361 3676 1505 3733 dicendum
1522 3693 1578 3735 nou

227 3765 278 3827 est,
297 3756 397 3819 dictum
415 3772 479 3811 vero
498 3760 541 3810 est
559 3771 576 3811 a
593 3770 636 3809 me
654 3752 721 3809 libro
740 3754 772 3808 V.

312 3850 385 3907 Nota
402 3848 463 3905 XII.
499 3846 553 3904 ilic
575 3864 658 3904 unum
676 3865 691 3903 e
710 3848 845 3920 scrupulis
863 3850 1014 3911 Ptolemaei
1035 3850 1219 3909 infestissimis
1242 3852 1390 3921 eliminavi,
1415 3853 1492 3915 uuila
1513 3868 1578 3931 usus

226 3931 462 4002 tergiversatione,
483 3929 556 3999 quod
574 3929 644 3985 iasio
658 3930 844 3986 Ptolemtieum
861 3947 988 3987 recusare
1002 3932 1233 4002 comparationem
1251 3928 1489 3987 retrocedentium.
1507 3928 1578 3991 Nam

227 4024 310 4067 causa
327 4026 407 4079 qnam
427 4006 526 4077 aliero,
550 4008 624 4077 quod
641 4020 697 4063 non
714 4009 817 4078 possim
835 4010 915 4064 aliter
932 4012 967 4064 ob
985 4008 1143 4079 luminaria,
1162 4008 1340 4066 cansa·nalln
1357 4015 1411 4073 est;
1433 4008 1488 4063 imo
1506 4020 1577 4062 oom-

227 4087 395 4160 ptrationem
413 4089 500 4158 ipsam
520 4086 642 4155 destruit,
663 4088 765 4158 quippe
782 4088 984 4156 impossibilem.

313 4185 386 4240 Nota
403 4184 478 4239 Xiii.
513 4182 564 4243 ilic
576 4183 710 4238 indicatur
725 4201 781 4239 nna
798 4191 904 4241 tautum
915 4187 987 4243 inter
1003 4186 1083 4241 binos
1095 4186 1199 4242 vicinos
1217 4184 1366 4255 proportio,
1384 4188 1506 4241 motuum
1524 4184 1578 4238 nori

227 4271 416 4331 extremorum,
436 4261 484 4318 sed
502 4262 738 4331 internodiorum,
755 4278 807 4319 nec
819 4264 995 4332 sincerarum,
1014 4264 1062 4321 sed
1080 4263 1228 4335 phantasia
1240 4262 1388 4333 apicyclica
1399 4258 1577 4330 imbuturum

228 4345 437 4413 comparationis
448 4350 539 4398 umen
556 4343 653 4397 modus
670 4348 746 4398 recte
757 4342 840 4397 habet
857 4349 886 4397 et
903 4348 946 4397 ost
963 4342 1080 4398 taumlie
1093 4336 1359 4412 seunrchetypicus:
1379 4341 1490 4396 medem
1508 4340 1579 4394 enini

228 4430 293 4480 sunt
310 4422 467 4477 bummlas
485 4422 647 4489 abstractam,
666 4429 695 4474 et
712 4436 783 4490 qnae
800 4422 873 4477 inter
889 4428 979 4479 motus
996 4422 1122 4477 morum
1139 4422 1311 4492 planetarum
1330 4427 1467 4477 extremos
1485 4430 1502 4474 a
1518 4422 1579 4475 Deo
1613 4476 1618 4489 ‚

228 4502 340 4559 fumum
355 4506 482 4568 mutae,
501 4507 529 4554 et
546 4515 619 4569 quse
634 4500 740 4555 ammae
757 4500 892 4556 hnmanae
908 4500 1097 4571 implantatao,
1118 4511 1149 4557 ut
1166 4502 1227 4557 ilias
1242 4502 1315 4557 inter
1332 4514 1414 4555 rocos
1431 4512 1578 4570 remgnos·

228 4587 303 4637 caret
319 4588 348 4635 et
364 4577 499 4649 probaret

314 4678 390 4733 Nota
404 4676 477 4730 xiv.
513 4676 575 4730 Etsi
599 4676 645 4732 bia
665 4678 847 4731 secemuntnr
869 4672 976 4744 aliquae
996 4672 1168 4744 planetarum
1191 4674 1363 4729 inmunitas
1388 4672 1580 4743 proportiones

228 4772 284 4813 aon
300 4754 355 4811 alia
372 4769 414 4825 re,
432 4753 485 4813 nisi
503 4754 660 4809 dirormte
678 4754 856 4813 terminorum
872 4764 958 4809 causa
975 4752 1104 4823 opieynlt,
1122 4752 1196 4823 qnod
1213 4751 1375 4808 ιιὴώιεοοιιι
1392 4758 1468 4809 sant
1483 4752 1578 4823 mano-
1627 4818 1631 4833 ,

228 4842 284 4904 ise,
303 4835 401 4907 ombus
420 4831 557 4906 ορὶοιαῑιιε
574 4842 625 4904 est,
643 4835 780 4906 cregione
791 4831 928 4907 planetes,
947 4831 994 4905 qui
1012 4842 1108 4893 cuent
1125 4831 1248 4909 opioyelo
1266 4831 1323 4903 issi,
1341 4831 1390 4908 oni
1402 4828 1579 4909 'supennsip
