3792 5860
369 428 431 490 160
516 502 519 507 y
903 423 946 479 De
962 418 1188 504 Propertlonillua

476 599 561 661 Haec
582 605 651 660 sunt
671 597 724 659 ills
744 597 836 677 vulgo
859 598 1007 661 celebrata
1030 599 1088 660 dno
1111 609 1215 659 cantrm
1236 617 1358 676 genera,
1382 613 1411 662 et
1433 607 1512 682 prior
1534 604 1653 682 quidem
1677 605 1725 665 di·

368 692 442 749 citur
465 696 599 749 cantus
621 685 770 761 mollis,
794 690 865 764 qnia
879 689 1068 748 inveniuntur
1082 690 1112 747 in
1127 703 1163 747 eo
1179 686 1313 749 ordinata
1334 691 1373 749 uls
1396 693 1456 751 ima
1473 709 1546 753 vnce
1569 693 1726 754 intervalla

368 779 455 838 tertia
478 784 622 849 etsexta,
644 771 762 849 molles3
784 777 929 851 posterior
953 793 1022 836 vero
1045 786 1179 857 cantus
1204 768 1336 856 durus,
1365 778 1405 838 ab
1436 778 1568 855 ejusdem
1592 781 1726 841 denomi-

369 866 497 924 nationis
519 862 693 935 intervallis,
717 861 821 922 eodem
843 861 909 925 loco
932 864 1100 941 systematis
1115 876 1240 924 octavae
1256 862 1405 938 ordinatis,
1431 884 1554 943 quornm
1574 871 1725 927 nominum

369 955 443 1012 ratio
467 951 544 1010 dicta
568 958 612 1010 est
634 952 731 1026 cupite
754 950 783 1008 5.
807 949 1011 1027 praecedente.
1057 949 1312 1025 Quemadmodum
1334 955 1411 1013 euim
1434 954 1495 1013 illic
1517 951 1560 1038 il,
1583 955 1649 1015 loco
1665 958 1724 1013 imo

369 1056 427 1098 non
451 1039 519 1097 tullt
543 1036 601 1120 ll„
631 1038 674 1096 sic
694 1036 755 1111 jum
778 1037 827 1097 lrlc
850 1033 889 1117 ⁴l5
912 1053 971 1097 nnn
992 1038 1047 1098 fert
1069 1034 1128 1119 is„
1157 1042 1227 1113 quia
1260 1047 1365 1099 natura
1388 1048 1491 1100 cantus
1514 1045 1646 1101 concinui
1680 1060 1727 1102 re-

370 1128 461 1204 qalrlt
483 1125 548 1199 boe,
572 1132 605 1183 nt
628 1125 713 1184 tertia
735 1141 802 1183 cunr
825 1134 908 1184 sexta
930 1125 1021 1185 iaciat
1042 1127 1200 1202 perfectam
1224 1135 1358 1201 quartam
1380 1146 1433 1187 sen
1458 1129 1648 1189 diatessaron.

456 1211 534 1273 Hinc
555 1214 645 1288 igitur
666 1219 789 1289 apparet
811 1213 954 1272 naturalis
976 1230 1061 1291 sepes
1084 1212 1235 1288 utriusque
1250 1216 1374 1290 generis.
1418 1215 1494 1275 Nam
1514 1234 1580 1276 curn
1595 1219 1624 1276 in
1640 1224 1727 1277 cantu

370 1300 454 1363 molli
474 1303 515 1360 eit
537 1302 596 1359 iuro
618 1299 684 1358 loco
706 1294 757 1384 ⁵1„
781 1302 810 1358 in
834 1298 906 1360 duro
930 1298 969 1383 ⁴),
992 1311 1022 1361 et
1044 1298 1206 1360 differentia
1228 1303 1388 1379 utriusque,
1411 1302 1523 1364 scilicet
1543 1303 1632 1364 diesis
1656 1299 1728 1386 '²725

372 1406 432 1449 non
455 1390 496 1448 slt
517 1404 554 1446 ex
577 1388 726 1447 concinnis
750 1386 919 1462 ordinariis,
948 1404 1000 1465 per
1022 1395 1111 1466 capnt
1133 1390 1167 1460 t,
1199 1406 1269 1465 ergo
1293 1406 1351 1449 non
1372 1397 1511 1466 poterunt
1531 1391 1635 1453 eadem
1658 1390 1729 1451 can-

369 1486 419 1538 tus
442 1474 589 1536 naturalisx
606 1477 681 1534 serie
704 1474 893 1534 simulatam
916 1477 974 1534 imo
997 1476 1063 1534 loco
1088 1473 1129 1557 ll,
1154 1483 1183 1534 et
1199 1470 1249 1557 ⁵l,‚
1274 1476 1326 1537 sed
1348 1487 1481 1538 assumta
1496 1474 1539 1561 ll,
1562 1481 1648 1540 tertia
1663 1496 1728 1538 mn·

370 1564 445 1642 jore,
469 1561 558 1623 debet
578 1560 632 1621 illa
653 1563 718 1621 vinc
741 1561 859 1623 exulare
883 1563 921 1622 ab
944 1564 1003 1622 imo
1024 1562 1091 1622 loco
1116 1562 1163 1644 ll„
1189 1572 1239 1623 aut
1256 1560 1318 1623 'hac
1340 1574 1457 1643 recepta
1471 1566 1633 1627 extruditur
1656 1565 1726 1640 illa,

316 1674 323 1681 ·
372 1653 423 1712 ubl
447 1647 488 1733 ⁴),
517 1650 609 1710 trahit
629 1665 729 1710 secum
754 1645 809 1732 ⁸l5,
838 1657 870 1710 et
891 1644 931 1731 ll,
960 1648 1050 1710 trahit
1077 1666 1176 1709 secum
1199 1645 1238 1731 Ὗς
1267 1660 1381 1712 sextam
1406 1655 1556 1714 minorem.
1600 1652 1728 1714 Rursum

372 1748 473 1800 autem
496 1737 554 1798 lton
575 1736 729 1798 discrimen
752 1739 904 1813 utriusque
926 1739 1041 1814 generis
1063 1736 1232 1798 harmoniae
1255 1738 1338 1800 Deus
1361 1741 1423 1818 ipse
1453 1744 1483 1799 iu
1510 1741 1640 1803 motibus
1661 1742 1729 1819 pla·

373 1834 505 1888 netarum
520 1827 686 1905 expressit,
711 1831 744 1885 nt
764 1823 841 1884 libro
865 1822 901 1884 V.
921 1825 1088 1885 audiemus.

459 1913 506 1973 De
537 1922 667 1972 retemm
696 1912 791 1971 tribus
821 1908 881 1972 lllis
910 1913 1082 1990 generibus,
1116 1929 1239 1989 quornm
1269 1913 1343 1974 haec
1370 1917 1502 1974 uomina:
1536 1912 1727 1988 diatonicum,

373 2001 598 2075 chromaticum,
629 2000 862 2072 enharmonium,
894 2000 942 2059 hic
974 1999 1108 2060 consulto
1138 2001 1314 2077 supersedeo
1342 1999 1455 2074 dicere,
1483 2019 1522 2062 ne
1551 2001 1729 2061 confundam

372 2090 521 2151 lectorem.
568 2087 669 2148 Possis
692 2096 789 2147 tamen
813 2086 993 2149 diatonicum
1015 2090 1199 2164 interpretari
1226 2095 1344 2147 cantum
1374 2088 1493 2163 durum,
1521 2089 1730 2150 chromaticum

377 2184 495 2238 cantum
517 2175 651 2251 mollem,
682 2182 735 2234 aut
763 2173 927 2235 diatonicos
949 2175 1069 2252 quidem
1095 2174 1242 2252 singulos,
1276 2176 1484 2236 chromaticum
1509 2193 1578 2236 vern
1607 2180 1728 2236 mixtum

374 2282 411 2327 ex
433 2265 506 2327 duro
529 2271 559 2323 et
581 2262 671 2322 molli.
716 2261 946 2323 Errharmoninm
969 2280 1038 2324 vero
1061 2263 1136 2321 nihil
1157 2262 1247 2323 lrabet
1269 2264 1449 2342 respondens
1478 2268 1506 2322 in
1530 2271 1618 2324 cantu
1639 2272 1730 2323 natu·

330 2409 338 2429 ,
374 2353 441 2429 tali,
465 2355 495 2410 in
517 2349 615 2411 usuali
638 2366 708 2410 varo
730 2351 843 2410 musica
864 2351 1042 2428 respondent
1063 2350 1106 2409 illi
1130 2349 1344 2427 quadamtenus
1371 2352 1552 2413 vibrationes
1568 2353 1649 2412 vocis
1672 2351 1730 2410 hn-

374 2458 495 2512 manae,
518 2446 625 2499 tremor
648 2454 840 2514 organorum,
868 2438 1049 2498 mordentiaa
1074 2440 1101 2496 ln
1124 2436 1231 2497 fidibus
1254 2438 1406 2516 pandurae
1429 2448 1458 2499 et
1480 2440 1596 2499 similla

454 2525 538 2587 tine
568 2541 644 2603 quae
672 2523 708 2584 de
735 2522 782 2584 his
813 2524 968 2603 generibus
998 2526 1075 2586 inira
1096 2524 1279 2602 disputamus
1309 2529 1339 2586 iu
1362 2527 1525 2605 appendice
1556 2524 1731 2587 adtentum

374 2615 547 2676 Ptolemaei

938 2846 1081 2920 CAPUT
1108 2845 1174 2919 tlt.

375 3031 423 3089 na
445 3028 611 3100 plenaria
634 3026 795 3084 sections
817 3028 913 3085 unius
932 3036 1075 3086 octavae
1100 3030 1132 3085 in
1157 3035 1304 3098 utroque
1328 3042 1451 3099 genere
1474 3035 1606 3099 cantus,
1633 3033 1666 3083 et
1694 3028 1733 3082 de

684 3115 808 3171 ordine
834 3116 986 3173 naturali
1011 3117 1248 3173 concinnerum
1275 3115 1426 3171 omnium.

464 3298 557 3375 Igitur
578 3296 721 3355 hacteuus
743 3300 849 3354 ustura
869 3296 936 3372 ipsu
958 3294 1095 3369 ostendit,
1119 3296 1147 3352 in
1171 3296 1354 3356 cantumolli
1377 3298 1493 3355 tertium
1517 3296 1555 3355 ab
1571 3294 1646 3353 inira
1661 3308 1734 3354 con·

378 3390 496 3447 cinnum
527 3402 593 3446 esse
623 3392 724 3441 tonum
755 3383 896 3442 minorem
927 3375 996 3466 ⁹5⁰,
1029 3391 1178 3460 quartum,
1209 3395 1309 3453 tonum
1335 3384 1476 3461 majorem
1499 3375 1556 3465 ⁸l„
1588 3382 1734 3460 quintum,

379 3474 569 3536 semitonium
603 3465 687 3552 ¹⁵(„,
715 3471 743 3526 in
775 3478 863 3530 cantu
890 3487 961 3529 vern
991 3468 1063 3530 duro
1092 3473 1209 3530 tertium
1235 3458 1282 3530 ab'
1303 3471 1377 3531 inira
1406 3465 1491 3553 ¹⁵lffi,
1522 3480 1658 3545 quartum
1680 3463 1733 3553 Ἃ,

378 3565 514 3638 quintum
536 3554 603 3643 ll„
648 3557 772 3617 Restant
794 3559 824 3616 in
846 3566 971 3634 unoque
993 3574 1099 3635 genere
1122 3566 1225 3617 cautus
1248 3556 1345 3618 adhuc
1362 3560 1464 3619 tertiae
1481 3557 1576 3631 binae,
1599 3557 1735 3634 singulae

380 3652 508 3709 minores
538 3652 568 3706 et
596 3644 730 3723 singulae
752 3645 895 3721 majores,
926 3662 1004 3722 qnae
1031 3645 1156 3706 necdum
1184 3653 1252 3704 sunt
1285 3646 1487 3706 dlvisnesetu
1511 3646 1732 3721 porrectiones

379 3735 506 3797 chordae
528 3731 678 3794 naturales
702 3734 732 3791 ln
754 3730 900 3793 clementa
921 3734 1042 3793 minima
1065 3735 1216 3792 concinna

338 3818 350 3835 ⁵
464 3822 595 3883 Primum
616 3819 784 3895 mamus,
812 3823 841 3879 in
864 3837 941 3897 qnae
963 3822 1106 3895 concinna
1126 3822 1242 3897 possint
1263 3818 1314 3879 illa
1337 3817 1443 3894 dividi,
1471 3817 1576 3903 deinde
1600 3836 1660 3895 quo
1685 3836 1734 3878 or·

378 3912 446 3973 dine
468 3906 641 3973 collocanda
662 3907 721 3968 sint
742 3908 868 3984 singula.

464 3996 544 4058 Satis
565 4003 666 4056 antem
687 4002 793 4055 natura
816 3994 914 4068 docet,
945 3996 970 4053 si
993 3997 1139 4072 possimus
1161 3995 1214 4055 illa
1238 3993 1369 4056 dividere
1400 3996 1429 4053 in
1452 3993 1555 4054 eadem
1578 3993 1733 4067 elementa,

379 4103 416 4147 ex
438 4085 546 4163 qulbus
568 4083 710 4143 hactenns
732 4082 860 4143 vidimus
881 4090 1030 4157 constare,
1057 4091 1162 4142 natura
1186 4091 1381 4158 monstrante,
1413 4082 1594 4142 diatessaron
1624 4096 1733 4142 conso·

378 4175 505 4248 nantlns,
526 4187 585 4232 non
608 4168 715 4232 debere
736 4186 791 4231 nna
813 4172 857 4231 nti
879 4169 954 4243 alils,
978 4187 1101 4246 quarum
1124 4170 1259 4247 exempla
1279 4179 1386 4230 natura
1407 4187 1465 4229 non
1478 4175 1630 4230 monstrat.
1668 4168 1734 4229 Do·

382 4269 429 4321 cet
451 4260 539 4338 igitur
560 4257 754 4332 arithmetica,
778 4253 817 4339 *Ιὃ
840 4264 974 4317 constare
997 4276 1034 4318 ex
1054 4253 1098 4341 ⁶),
1120 4265 1150 4318 et
1171 4252 1241 4339 Ἀθ,
1270 4261 1313 4318 sic
1336 4254 1374 4339 il,
1397 4274 1432 4318 ex
1454 4253 1496 4338 ΕΙ,
1517 4265 1546 4317 et
1573 4251 1648 4338 ΨΜ.
1686 4254 1732 4314 En

381 4346 486 4410 endem
507 4347 669 4418 concinna,
693 4363 770 4423 quae
800 4353 830 4404 et
851 4344 1004 4405 hactenns.
1050 4344 1137 4422 Quod
1164 4347 1221 4415 nisi
1244 4345 1425 4417 ordinareris
1454 4347 1514 4403 imo
1536 4343 1603 4402 loco
1630 4344 1735 4403 tertiae

379 4435 522 4513 cujusque
543 4434 688 4493 inlerloris
710 4440 811 4493 tonum
833 4433 991 4508 majorem,
1021 4449 1082 4493 non
1103 4435 1210 4509 poterit
1239 4436 1304 4494 esse
1337 4431 1446 4492 chorda
1469 4448 1528 4490 una
1556 4430 1585 4488 in
1609 4438 1734 4506 utroque

378 4526 622 4601 generecanins.
667 4518 700 4579 st
728 4522 805 4580 enlm
835 4521 865 4578 in
889 4528 976 4580 cantu
998 4520 1080 4579 molli
1107 4537 1166 4579 nnn
1188 4522 1299 4597 poteris
1322 4520 1381 4579 imo
1403 4518 1469 4579 loeo
1500 4514 1734 4597 ponere‘tonnm

379 4610 534 4687 majorem,
566 4612 680 4684 oportet
708 4608 799 4684 igitur
831 4614 865 4667 ut
891 4608 933 4667 lbi
963 4607 1090 4670 colloces
1122 4609 1309 4684 semitonium
1344 4601 1424 4689 ¹⁵50,
1460 4610 1531 4683 qnia
1566 4604 1641 4665 haec
1674 4604 1732 4663 duo

380 4695 446 4759 sola
467 4697 567 4755 insnut
588 4696 618 4752 in
640 4695 797 4757 intervallo
820 4688 859 4776 ⁵!ss
882 4693 1018 4756 indiviso.
1065 4695 1099 4754 In
1121 4694 1193 4755 duro
1222 4705 1323 4755 contra
1351 4703 1430 4755 esset
1456 4692 1646 4753 collocandus
1674 4695 1733 4754 imo

379 4784 446 4844 loco
469 4789 556 4843 tonus
578 4783 686 4857 minor,
716 4779 883 4860 quiaillud
905 4799 1066 4845 consonum
1088 4782 1261 4858 indivisum,
1289 4780 1402 4842 scilicet
1423 4783 1510 4842 tertia
1531 4782 1641 4857 major,
1674 4797 1733 4839 non

380 4872 471 4936 nabet
492 4869 687 4945 semitonium,
712 4869 791 4947 quod
813 4878 902 4932 antea
925 4873 953 4930 in
975 4871 1058 4932 molli
1080 4868 1249 4947 ponendum
1270 4870 1374 4931 luisset
1393 4871 1453 4929 imo
1469 4869 1552 4944 loco;
1575 4867 1734 4931 itaflsrent
