3882 5862
836 381 979 453 Apologia.
1518 393 1582 451 445

232 572 294 624 tota
316 566 447 625 oratione
469 572 520 623 tua
543 562 727 637 ventilanda,
750 561 843 621 multa
866 536 1054 637 elucidanda,
1077 563 1172 623 multa
1193 563 1362 641 refutanda,
1386 564 1531 641 quaedam
1553 572 1583 625 et

232 652 417 730 reeipienda3
441 652 492 711 sed
515 652 585 727 quia
608 669 666 711 non
690 660 735 710 est
756 653 922 709 institutum
946 651 1041 726 operis
1063 653 1121 709 mei
1145 651 1322 727 harmonici,
1357 652 1393 713 de
1416 655 1495 712 sonis
1519 653 1583 711 dis·

231 749 335 814 putare
357 747 475 818 propter
497 756 529 798 se
552 742 641 816 ipsos,
665 738 716 797 sed
740 737 776 797 de
799 754 937 797 sonorum
959 740 1034 796 inter
1048 755 1079 797 se
1094 740 1341 814 proportionibus,
1366 742 1463 799 missis
1480 743 1581 817 itaque

231 826 427 886 locutionibus
458 829 516 885 tuis
552 826 763 904 multiplicibus
799 836 944 903 apponant
981 825 1108 901 paucula
1139 843 1176 884 ex
1205 843 1271 885 mea
1301 830 1455 887 sententia.
1507 827 1582 886 itini
1671 863 1673 867 ·

230 915 306 972 enim
330 931 419 990 quern
441 913 567 990 plurima
589 916 725 974 sonantia
749 912 945 972 consideranti
967 929 1025 971 non
1041 913 1120 971 bona
1144 912 1259 972 videtur
1282 915 1339 974 ista
1356 914 1484 973 definitio
1505 917 1582 990 soni,

233 1018 293 1077 qua
317 1011 348 1060 tu
371 1004 472 1060 niteris
494 1019 547 1077 per
568 1004 662 1060 totuni
685 1002 759 1074 fere,
783 1018 847 1060 cum
871 1017 960 1058 sunus
982 1002 1170 1076 percussione
1193 1003 1269 1060 airis
1294 1000 1443 1075 definitur,
1467 1003 1497 1060 in
1521 1019 1581 1079 quo

231 1105 337 1166 corpus
359 1104 468 1147 sonans
492 1091 634 1148 consistit.
678 1088 754 1147 Nem
783 1091 890 1147 rectius
921 1103 976 1162 ego
999 1086 1158 1146 definivero
1188 1104 1292 1148 sonum
1324 1092 1450 1165 speeiem
1475 1094 1582 1148 imma-

228 1178 365 1235 teriatam
388 1178 517 1254 corporis
539 1175 661 1252 pulsati,
690 1178 720 1232 in
743 1184 885 1252 qnantum
911 1172 949 1232 td
963 1182 992 1233 et
1014 1174 1170 1250 figuratum
1198 1187 1227 1235 et
1249 1176 1372 1236 densum
1396 1186 1440 1235 est
1463 1177 1510 1237 vel
1533 1195 1582 1238 ra·
1619 1166 1621 1177 ⁴

229 1280 302 1337 rum,
326 1264 382 1323 hoc
406 1270 450 1322 est
472 1267 539 1322 aiire
562 1266 641 1323 intus
663 1264 826 1337 infarctum,
849 1272 879 1321 et
902 1262 930 1319 in
954 1272 1096 1337 quantum
1119 1272 1164 1321 est
1182 1261 1285 1321 durum
1309 1263 1355 1323 vel
1371 1262 1468 1323 molle.
1505 1264 1581 1322 Nam

229 1367 351 1427 corpora
379 1359 475 1410 motus
504 1350 645 1410 violentia
667 1352 794 1426 speeiem
824 1349 948 1408 induunt
970 1348 1101 1423 duritiei,
1132 1365 1198 1408 curn
1219 1353 1278 1410 sint
1299 1351 1409 1411 mollia.
1455 1351 1508 1410 Est
1530 1354 1581 1412 ubi

227 1436 329 1513 figura
351 1436 491 1497 violentia
520 1441 701 1515 transapirati
731 1442 805 1496 aeris
829 1439 955 1515 speeiem
985 1437 1073 1496 aliern
1097 1436 1207 1511 induit,
1240 1447 1270 1499 et
1291 1439 1421 1499 foramen
1452 1439 1580 1517 amplum

227 1528 355 1602 speeiem
383 1517 503 1603 praebui
533 1528 720 1602 angustioris.
767 1525 815 1583 Sic
846 1526 940 1583 tensio
970 1523 1110 1583 mollibus
1138 1523 1273 1586 duritiem
1306 1526 1451 1587 conciliat.
1499 1528 1580 1586 Dura

229 1630 301 1671 vero
325 1629 415 1672 causa
438 1608 801 1691 sonitus'aequiparantur
825 1613 971 1683 brevibus,
995 1615 1214 1691 comparatione
1236 1614 1427 1691 longitudinis
1450 1613 1487 1672 ad
1511 1616 1581 1673 lati·

228 1698 377 1775 tudinem,
401 1717 469 1758 nam
493 1710 522 1758 et
544 1700 669 1759 latitudo
693 1698 744 1759 seu
769 1701 914 1759 crassities
943 1706 972 1757 et
995 1699 1114 1758 durities
1137 1699 1314 1760 flexibilitati
1344 1700 1495 1776 derogant.
1542 1698 1581 1761 Ut

228 1803 293 1845 eum
319 1789 425 1845 vitrum
453 1787 579 1846 rotundo
608 1787 692 1847 labro
721 1788 833 1846 affrietu
864 1786 947 1861 digiti
979 1787 1106 1845 buinceti
1129 1790 1258 1847 sonitum
1282 1787 1358 1867 edit,
1389 1791 1452 1866 ipsa
1475 1797 1591 1848 rotun-,

228 1872 306 1933 ditas
325 1875 388 1951 jam
412 1884 544 1934 censetur
566 1891 619 1951 pro
641 1872 831 1951 longitudine.
876 1873 960 1933 Haec
980 1873 1144 1950 longitudo,
1169 1892 1265 1935 vacuo
1289 1880 1373 1949 vitro,
1397 1876 1486 1947 habet
1509 1875 1579 1935 lati*

228 1962 358 2020 tudinem
382 1969 505 2034 tantam,
536 1970 646 2038 quanta
669 1971 713 2021 est
734 1960 917 2039 profunditas
948 1960 1027 2019 illius
1052 1964 1151 2035 vacui,
1184 1969 1270 2021 sonat
1293 1965 1381 2038 igitur
1403 1971 1498 2023 acute.
1545 1965 1596 2023 Si.

226 2053 393 2109 successive
416 2049 579 2127 impleatur,
604 2049 727 2109 demitur
749 2048 895 2125 latitudini
922 2047 1192 2124 jamque‘rotunda
1220 2064 1328 2110 sonans
1352 2050 1504 2127 longitudo
1528 2067 1578 2112 re·

227 2145 331 2212 spectu
354 2136 514 2195 diminutae
536 2136 700 2219 latitudinis
724 2143 856 2195 censetur
879 2135 1011 2212 longior;
1038 2152 1127 2195 sortus
1152 2139 1240 2213 igitur
1262 2141 1449 2214 ingravescit.
1488 2137 1577 2198 Talia

225 2225 320 2283 multa
343 2227 508 2283 coacervari
539 2233 660 2303 possent
691 2242 710 2282 a
738 2225 828 2282 variis
860 2225 1065 2299 experimentis
1093 2227 1261 2283 sonantium
1285 2225 1419 2285 deducta.
1466 2224 1577 2284 Verum

225 2310 271 2369 lris
294 2313 408 2384 missis,
441 2329 517 2387 quae
539 2320 608 2370 sunt
630 2310 824 2370 indifferentia
853 2321 985 2387 respectu
1009 2320 1127 2371 nostrae
1156 2311 1394 2391 disceptationis,
1427 2330 1517 2390 pergo
1541 2313 1579 2373 ad

224 2399 339 2476 reliqua
362 2408 414 2457 tua
437 2407 617 2475 argumenta.

320 2486 461 2545 Videmus
491 2489 534 2546 ais
564 2489 657 2544 etiam
684 2488 718 2544 irs
742 2484 889 2561 physicis,
920 2502 967 2544 rer
989 2503 1098 2545 omues·
1121 2503 1157 2546 ee
1178 2490 1241 2545 suis
1265 2489 1428 2563 principiis
1450 2487 1579 2565 conflari

224 2572 442 2649 tunqaum'ee
467 2573 610 2649 partibus
633 2580 661 2631 et
682 2590 745 2633 ueri
768 2580 917 2648 tunquam
947 2575 1071 2632 minora
1100 2590 1137 2633 ete
1157 2574 1337 2647 majoribus.
1382 2575 1423 2633 Ar
1446 2576 1495 2634 ubi
1521 2592 1578 2651 ego

224 2657 293 2732 dixi,
321 2665 463 2720 concinna
487 2669 519 2718 ut
540 2664 652 2719 minora
676 2660 794 2719 conflari
818 2677 852 2718 ex
876 2661 1011 2719 consonis
1035 2669 1067 2719 ut
1089 2661 1259 2735 majoribus,
1285 2670 1424 2738 tanquam
1451 2679 1487 2720 ex
1509 2680 1580 2739 par·
1658 2710 1663 2721 e

223 2746 331 2806 abusi
374 2747 539 2823 Praeterea,
563 2749 614 2806 ubi
637 2757 667 2806 tu
690 2747 791 2806 vidisti
813 2764 942 2822 unquam
965 2765 1027 2806 rem
1048 2745 1218 2826 physicam,
1245 2758 1319 2824 puta
1335 2764 1440 2825 eorpus
1463 2752 1580 2810 anima-

223 2830 267 2907 lis,
293 2834 415 2894 conflari
439 2853 475 2895 ex
497 2838 558 2894 suis
581 2837 722 2913 partibus,
745 2851 798 2893 seu
821 2834 1029 2911 integralibus,
1053 2845 1085 2892 nt
1108 2852 1144 2894 ex
1167 2839 1277 2912 capite,
1303 2845 1417 2906 trunco,
1442 2836 1579 2911 pedibus,

224 2938 276 3017 squ
303 2921 497 2994 similaribus,
522 2930 554 2981 ut
577 2940 612 2981 err
635 2939 729 2993 carne,
754 2921 841 2997 adipe
864 2930 894 2981 et
917 2921 983 2980 aliis
1006 2921 1215 2997 hujusmodil'·
1244 2923 1348 2981 Nonne
1372 2927 1470 2983 oninia
1493 2925 1593 2982 simul·

222 3018 357 3070 suuntur
384 3027 420 3069 ex
443 3009 564 3068 similari
593 3028 691 3068 massa
721 3011 842 3068 seminis
863 3007 1006 3087 producta
1033 3009 1214 3069 alaeultate
1241 3010 1431 3070 formatrice?
1475 3010 1579 3070 Nonne

222 3094 324 3172 aliqua
347 3094 463 3155 demum
485 3105 644 3157 naseuntur
666 3106 733 3173 post
755 3114 859 3173 corpus
878 3097 941 3170 jam
963 3096 1126 3170 formatum,
1152 3105 1185 3155 ut
1206 3097 1306 3173 adeps,
1330 3115 1439 3172 sernen,
1463 3097 1576 3172 dentes,

221 3183 327 3257 barba,
350 3185 462 3260 pubes,
487 3186 515 3242 in
539 3184 658 3242 animali
681 3183 810 3243 cornua?
854 3183 986 3242 Dissolvi
1010 3200 1081 3243 sane
1103 3193 1229 3260 possunt
1251 3185 1398 3246 naturalia
1427 3189 1456 3242 in
1479 3194 1578 3262 partes

223 3269 411 3345 hujusmodi,
441 3271 687 3348 quemadmodum
710 3281 740 3330 et
761 3288 817 3347 ego
840 3270 948 3347 doceo,
977 3288 1106 3330 consona
1129 3272 1252 3331 dissolvi
1274 3275 1305 3331 in
1329 3276 1480 3336 concinna.
1524 3272 1579 3332 Vis

222 3366 255 3415 ut
278 3359 496 3419 accommodent
527 3363 647 3436 propius
670 3348 995 3421 ortum'eoncinnorum
1025 3358 1180 3419 adortum
1213 3363 1342 3438 partium
1364 3360 1578 3439 physicarum?

221 3442 369 3505 Tentabo.
416 3444 552 3506 Consona
575 3445 730 3504 intervalla
751 3454 820 3503 sunt
843 3447 1033 3523 quantitates,
1056 3464 1161 3525 corpus
1178 3446 1304 3507 bominis
1320 3450 1407 3515 etiam
1423 3456 1468 3506 est
1482 3466 1578 3524 quan-

220 3540 292 3591 tum.
341 3533 497 3592 Consonist
515 3551 622 3593 nornen
652 3537 769 3612 ponitur
800 3550 959 3592 anumero
982 3537 1189 3594 continuorum
1218 3539 1248 3593 in
1272 3536 1362 3611 ipsis,
1394 3546 1422 3594 et
1445 3539 1576 3613 corporis

220 3622 394 3694 proceritati
417 3623 642 3680 mensurationis
665 3638 770 3680 nomen
799 3619 886 3679 datur
906 3639 925 3680 a
947 3638 1068 3682 nurnero
1091 3622 1215 3699 pedum,
1245 3622 1457 3700 epithematum
1481 3632 1509 3681 et
1533 3621 1578 3681 di-

219 3708 356 3782 gitorum.
403 3708 449 3767 Ibi
473 3710 616 3767 concinna
637 3705 836 3767 mebsnrantia
859 3716 927 3766 sunt
951 3720 1088 3768 excessus
1111 3712 1307 3768 cdnsonorum
1338 3727 1425 3787 super
1448 3726 1578 3768 consona

220 3793 442 3873 formanturque
465 3813 484 3854 a
505 3803 610 3855 natura
634 3798 908 3871 contemperationis
930 3795 1116 3875 harmonicae
1140 3801 1169 3854 in
1186 3798 1314 3873 perfeeto
1331 3797 1487 3857 intervallo
1512 3796 1577 3856 dia-

220 3899 332 3955 pason,
356 3883 404 3942 hie
426 3885 515 3942 etiam
538 3900 605 3960 pes,
629 3882 926 3961 spithama,'digitus
949 3883 1089 3945 formatur
1115 3886 1145 3941 in
1170 3887 1233 3961 ipso
1257 3900 1378 3961 corpore
1402 3884 1536 3943 urrimalis
1559 3902 1578 3943 a

219 3970 386 4031 formatrice
410 3964 557 4029 facultate.
604 3968 789 4046 Quamquam
812 3970 908 4031 adhue
931 3970 1077 4031 claudicat
1097 3972 1126 4028 in
1145 3989 1178 4030 eo
1201 3971 1371 4046 similitudo,
1397 3972 1476 4047 quod
1494 3971 1578 4031 aliter

220 4072 275 4131 pes
300 4059 330 4115 in
352 4059 469 4117 bomine
493 4059 648 4131 formatur,
672 4058 757 4118 aliter
780 4066 867 4117 tonus
891 4058 1098 4118 determinatur
1121 4062 1150 4116 in
1174 4059 1326 4137 diapason.

254 4158 258 4165 '
309 4144 485 4205 Indireotam
513 4147 560 4203 ais
590 4163 654 4204 esse
677 4156 772 4205 meam
795 4149 1003 4223 assertionem,
1036 4163 1101 4204 curn
1131 4147 1206 4216 dlxi,
1239 4150 1344 4224 cuique
1368 4147 1577 4226 eor'rsonarrtiac

221 4246 307 4291 suam
329 4249 394 4292 esse
418 4250 541 4292 etttrsam⁴
560 4234 711 4292 internam.
760 4233 967 4309 Nescio·quid
997 4250 1105 4310 arguas
1135 4234 1192 4292 irae
1213 4252 1296 4293 voce.
1342 4234 1438 4292 Video
1470 4243 1576 4307 tamen,

220 4327 250 4375 te
273 4322 408 4380 aberrare
430 4338 448 4379 a
471 4338 536 4379 meo
559 4337 656 4379 sensu.
703 4320 747 4378 De
770 4319 823 4379 ille
845 4338 936 4380 causa
959 4320 1017 4379 dixi
1041 4337 1111 4398 ego,
1143 4339 1221 4398 qnae
1244 4322 1337 4381 forma
1360 4331 1404 4381 est
1434 4323 1576 4380 termino·

220 4420 285 4465 rum
308 4409 512 4484 proportionis,
536 4416 569 4466 ut
592 4406 769 4483 triangulum
791 4410 883 4484 ipsius
907 4408 1060 4484 diapente,
1085 4409 1225 4469 diameter
1247 4411 1341 4486 ipsius
1365 4408 1520 4484 diapason,
1545 4415 1578 4467 tu

223 4492 260 4552 de
284 4503 391 4570 operite
414 4497 547 4571 opponis,
571 4511 624 4553 nec
647 4494 794 4570 quodnam
817 4496 856 4555 sit
878 4494 949 4554 illud
974 4514 1064 4572 agens
1081 4497 1201 4555 indicas.
1248 4498 1339 4572 Atqui
1361 4498 1387 4554 sl
1411 4495 1446 4555 de
1469 4503 1577 4573 agente

222 4585 359 4655 quaestio
384 4589 437 4651 est,
462 4590 524 4640 turn
548 4582 669 4641 etmihi
694 4599 800 4657 agens,
829 4581 859 4640 id
884 4590 928 4642 est
951 4580 1109 4644 concilians
1132 4578 1312 4662 proportioni
1335 4601 1419 4642 suam
1441 4576 1577 4642 suavita-

222 4671 335 4727 tamin
359 4668 477 4742 auditu,
502 4676 548 4729 est
570 4686 650 4728 mem
674 4685 768 4745 eaque
791 4687 850 4728 una
873 4678 903 4728 et
924 4670 1027 4730 eadem
1049 4689 1102 4747 per
1125 4688 1225 4731 ornnes
1249 4673 1466 4730 consonantias.

310 4755 378 4815 Alio
403 4758 513 4832 impetu
536 4764 623 4830 capto
646 4773 737 4833 negas
759 4758 929 4834 imperfecta
958 4760 1038 4817 nasci
1063 4760 1253 4836 aperfeetis,
1285 4760 1426 4818 concinne
1456 4757 1577 4818 dissona

222 4857 242 4902 a
272 4845 417 4904 consonis.
462 4842 546 4921 Nega
576 4841 679 4904 eodem
709 4854 895 4922 argumento,
928 4845 1057 4924 perfecta
1087 4847 1223 4924 componi
1252 4863 1288 4907 ex
1316 4846 1507 4924 imperfectis,
1541 4853 1575 4907 nt
