3792 5860
410 423 470 485 lta
847 420 889 474 De
904 418 1065 490 Fignrarum
1084 420 1306 477 Harmonicarum

406 586 507 661 tricem,
526 590 621 659 helice,
639 590 825 647 conchoidea‘i
854 592 917 663 Ipse
934 593 1042 662 quidem
1056 594 1216 666 Camllanns,
1228 594 1411 651 missenensis
1429 599 1546 665 tenum,
1562 611 1617 652 non
1633 595 1752 652 animad-

407 670 501 735 vertit,
524 686 553 725 ae
572 686 678 727 sumere
694 671 802 726 tertiam
827 672 919 741 anguli
937 683 1042 744 partem
1062 673 1143 728 veluti
1158 674 1215 742 jam
1234 683 1347 743 sermm,
1375 689 1445 745 quae
1462 681 1522 730 erat
1545 673 1653 729 demum
1671 690 1753 746 quae·

407 746 497 802 reuda.
533 749 633 803 Exstat
655 748 731 805 locus
753 750 781 804 in
799 767 859 806 meo
878 751 1026 822 exemplari
1049 753 1084 808 ad
1108 753 1189 808 finem
1214 755 1303 823 operis
1320 754 1445 810 Euclidei
1461 752 1510 810 iol.
1529 755 1589 812 586.
1614 755 1755 822 pertinens

300 856 304 864 ·
407 825 443 881 ad
459 826 539 881 finem
558 826 618 882 libri
636 828 682 883 IV.

493 903 661 962 Jordanns
679 908 816 965 Brunua
839 910 960 966 Nolanus
987 912 1014 966 in
1038 910 1178 979 sexanguli
1195 910 1339 965 ABCDEF
1368 910 1495 979 opposita
1511 910 1599 967 latera
1622 913 1680 977 BC,
1703 913 1754 967 EF

539 1037 565 1077 Π
603 1036 627 1079 ¹9
766 988 925 1045 continuata
947 990 1075 1058 utrinqne
1096 989 1172 1045 ducit
1195 987 1434 1058 perpendiculares
1455 990 1519 1058 Gli,
1545 990 1599 1059 III,
1622 990 1754 1045 circulum

566 1047 587 1087 ⁸·
629 1068 635 1081 ·
766 1067 793 1121 a
813 1067 844 1135 a
865 1068 887 1121 n
906 1069 1111 1137 colomella,
1137 1067 1219 1123 luca
1237 1068 1319 1137 igitur
1341 1067 1406 1123 lale
1425 1069 1673 1138 parallelogrammi
1697 1069 1755 1124 lla

763 1146 843 1214 gonio
861 1146 916 1213 IH,
934 1147 1064 1202 circulum
1081 1148 1200 1215 potabat
1218 1148 1303 1201 secari
1323 1148 1378 1216 sic,
1406 1155 1437 1202 ut
1454 1149 1526 1205 Inter
1544 1152 1586 1217 A,
1609 1150 1634 1203 D
1652 1156 1755 1218 puncta

613 1290 623 1305 .
654 1216 657 1226 ’
763 1230 936 1279 contactnum
959 1232 986 1280 et
1009 1226 1144 1281 sectiones
1161 1226 1201 1296 N,
1228 1228 1256 1280 M
1288 1226 1408 1282 existant
1430 1243 1518 1283 nonae
1543 1234 1636 1297 partes
1660 1228 1755 1282 circuli

563 1298 566 1359 i
624 1308 628 1315 “
694 1302 698 1330 ²
763 1303 820 1371 AN,
840 1303 902 1357 ΒΜ.
932 1304 1016 1373 Atqui
1029 1304 1232 1360 demonstratur
1246 1322 1280 1360 ex
1293 1306 1496 1375 diagrammate,
1516 1307 1587 1377 qnod
1600 1309 1754 1362 cnmsemi·

764 1381 881 1451 diagonii
899 1380 970 1436 iillus
988 1381 1038 1435 LH
1057 1381 1218 1452 quadratum
1236 1385 1273 1439 sit
1290 1384 1414 1455 effabile,
1437 1387 1493 1442 sciI
1513 1387 1546 1458 ,⁷3
1565 1386 1600 1441 de
1617 1386 1753 1457 quadrato

763 1458 886 1515 diametri
903 1461 955 1528 (est
972 1460 1043 1513 enim
1062 1460 1134 1514 ΑΒΗ
1149 1462 1207 1527 60⁰,
1227 1478 1291 1532 ergo
1316 1465 1367 1519 BH
1386 1465 1507 1521 semissis
1526 1465 1560 1521 de
1572 1467 1619 1521 ΑΒ
1637 1468 1680 1522 rel
1693 1467 1751 1534 AL,

764 1545 792 1592 ct
813 1539 871 1607 ejus
894 1540 1016 1608 potentia
1039 1538 1120 1609 igitur
1139 1542 1275 1608 quadrans
1303 1543 1336 1598 de
1366 1547 1490 1614 potentia
1509 1547 1573 1611 AL,
1602 1546 1684 1615 igitur
1702 1546 1754 1601 ΔΗ

763 1617 884 1687 potentia
905 1616 1022 1672 dodrans
1048 1617 1081 1671 de
1105 1619 1229 1687 potentia
1252 1621 1312 1677 AL.
1352 1622 1407 1677 Sed
1430 1624 1553 1692 potentia
1575 1625 1626 1680 LH
1653 1631 1756 1694 aequat

618 1751 630 1758 ,
695 1758 698 1766 ,
762 1697 898 1767 potentias
916 1697 979 1761 LA,
998 1695 1069 1763 all),
1088 1696 1163 1750 sinus
1181 1699 1263 1767 igitur
1280 1700 1411 1768 gradum
1429 1702 1477 1773 to,
1500 1704 1552 1759 lloc
1570 1711 1613 1759 est
1643 1702 1755 1758 dimidia

762 1776 892 1832 subtensa
913 1774 1026 1829 duarum
1049 1789 1180 1830 nonarum
1206 1777 1317 1848 circuli,
1341 1782 1452 1838 tuturus
1470 1782 1553 1838 luerit
1573 1783 1688 1838 effabilis
1705 1799 1755 1851 po·

406 1861 507 1930 tentia,
532 1860 637 1916 scilicet
652 1858 731 1915 radix
756 1858 790 1912 de
808 1856 840 1926 pi,
860 1853 985 1924 quadrati
1010 1852 1139 1908 diametri.
1174 1854 1300 1911 Demissa
1326 1859 1397 1913 enim
1414 1860 1633 1930 perpendiculari
1649 1860 1697 1916 ΔΟ
1718 1877 1753 1916 ex

407 1944 431 1995 A
443 1940 471 1995 ill
482 1940 541 2008 LII,
560 1940 611 1995 erit
629 1939 699 1994 sicut
710 1937 762 1992 LH
779 1934 909 2005 petenda,
930 1933 968 2004 f„
987 1931 1022 1986 ad
1035 1931 1085 1985 ΗΛ
1094 1932 1253 2003 potentiam,
1272 1935 1314 2006 ,im
1334 1938 1373 1991 sic
1385 1939 1433 1994 LA
1447 1939 1579 2009 potentia,
1598 1939 1638 2011 ἡ,
1657 1939 1693 1994 ad
1704 1939 1754 1994 AO
1791 2008 1797 2013 ,

407 2018 562 2110 potentiam,
586 2018 614 2087 Ψ
634 2016 667 2072 de
689 2018 734 2088 ὰ,
747 2013 775 2069 id
794 2020 836 2068 est
853 2011 940 2082 ἀμ).
976 2011 1018 2064 lta
1035 2010 1103 2064 llaec
1120 2011 1312 2080 nonangularis
1329 2016 1422 2084 anguli
1439 2017 1570 2074 subterna
1586 2024 1659 2075 esset
1677 2021 1754 2074 nobi-

406 2097 458 2152 hor
475 2096 609 2167 aliquibus
628 2092 783 2165 praemissis
802 2099 831 2147 et
847 2089 1048 2146 communicans
1065 2088 1112 2154 iis,
1137 2106 1198 2144 eum
1215 2098 1307 2147 tamen
1324 2094 1361 2150 ait
1379 2111 1492 2151 numero
1517 2097 1631 2152 laterum
1648 2096 1755 2164 impari,

408 2175 510 2231 scilicet
527 2190 640 2230 numero
657 2173 757 2242 aliquo,
774 2170 854 2240 primi
872 2171 887 2225 3
906 2168 1045 2240 quadrato,
1064 2167 1132 2222 nihil
1151 2173 1352 2230 communicans
1370 2192 1431 2231 cnm
1443 2184 1586 2246 tetragono
1606 2176 1754 2244 ettrigono

407 2271 456 2324 per
473 2253 647 2311 bisectionem
666 2267 786 2320 arcuum,
805 2264 918 2317 quarum
935 2245 1082 2317 figuratim
1099 2249 1227 2317 proprius
1245 2257 1288 2306 est
1305 2252 1351 2309 llic
1368 2253 1517 2311 nobilitatl‘a
1535 2253 1644 2323 medus.

494 2361 637 2422 XLVIII.
661 2358 917 2420 Corollarinm.
963 2356 1101 2433 Sequitur
1122 2361 1219 2435 igitur,
1241 2362 1378 2436 notionis,
1401 2363 1550 2435 scientiae,
1575 2360 1753 2421 determina·

408 2452 508 2524 tionis,
540 2448 741 2525 descriptionis
765 2454 794 2506 et
816 2446 1070 2505 demonstrationis
1099 2454 1193 2506 metas
1222 2449 1298 2507 intra
1326 2451 1435 2526 primos
1457 2450 1613 2526 figurarum
1637 2449 1754 2509 ordines

408 2538 579 2598 consiliare:
602 2543 635 2594 nt
656 2536 715 2595 siut
738 2532 847 2593 classes
869 2532 1026 2608 figurarum
1048 2532 1192 2593 scibilium
1220 2551 1277 2594 non
1296 2535 1393 2614 plures
1424 2554 1511 2613 quem
1527 2544 1670 2613 quatuor:
1694 2544 1754 2597 tres

407 2626 538 2703 proprIaa
554 2623 814 2684 demonstrationes
829 2620 1007 2686 habentium,
1030 2621 1060 2676 in
1076 2621 1182 2696 quibus
1198 2625 1296 2700 capita
1317 2633 1384 2683 sunt
1399 2624 1583 2697 familiarum,
1606 2625 1636 2682 in
1652 2614 1756 2699 'prImu

408 2721 593 2789 tetragonus,
625 2717 694 2788 post
715 2709 887 2768 diametrum
910 2706 1021 2779 circuli,
1054 2707 1137 2784 cujus
1167 2709 1317 2770 character
1344 2728 1481 2771 numerus
1505 2714 1541 2785 2,
1571 2715 1600 2770 in
1623 2711 1755 2770 secunda

408 2802 548 2877 trigonus,
573 2798 656 2875 eujus
678 2796 826 2857 character
848 2797 876 2869 3,
901 2797 930 2853 in
953 2796 1038 2853 tertia
1058 2802 1251 2871 pentagonus,
1274 2797 1439 2859 charactere
1464 2800 1498 2873 53
1521 2816 1580 2858 una
1602 2815 1671 2859 veru
1695 2801 1755 2857 lm·

408 2890 596 2973 propriarum,
618 2884 911 2957 demonstrationum,
941 2882 1024 2957 cujus
1056 2899 1192 2944 numerus
1222 2893 1266 2945 est
1297 2885 1449 2963 multiplex
1483 2886 1604 2946 duorum
1628 2888 1646 2945 3
1671 2893 1700 2946 et
1725 2888 1754 2961 b,

408 2976 521 3035 scilicet
546 2976 599 3033 15:
622 2975 715 3051 prima
737 2974 814 3032 enim
836 2970 901 3046 ejus
923 2969 1025 3029 classis
1047 2968 1140 3047 figura
1164 2980 1209 3030 est
1230 2973 1554 3049 pentekaedecagonus.

494 3086 610 3146 XLIX.
634 3086 858 3163 Propositio.
904 3081 977 3141 Cum
1006 3090 1104 3142 antem
1135 3084 1256 3143 bisectio
1287 3081 1362 3166 (qua
1389 3091 1505 3165 propria
1534 3088 1624 3148 utitur
1652 3084 1756 3147 classill

408 3171 518 3257 prima)
533 3156 702 3235 ‘communis
724 3175 763 3233 sit
785 3179 845 3231 tam
860 3170 1006 3230 secundae
1021 3187 1110 3246 qnam
1125 3175 1227 3232 tertiae
1251 3171 1346 3248 classi,
1365 3183 1465 3251 patet,
1489 3174 1548 3234 alio
1568 3175 1633 3251 jnre
1649 3173 1756 3251 degere

410 3262 532 3322 classem
554 3265 686 3339 primam,
710 3259 768 3319 alio
792 3257 864 3318 duas
887 3256 1028 3332 reliquas:
1052 3258 1094 3317 ita
1116 3265 1148 3316 ut
1168 3261 1263 3336 prima
1274 3260 1497 3321 familiaritatem
1512 3261 1621 3322 llabeat
1643 3260 1681 3321 ad
1703 3269 1754 3321 ut-

409 3367 529 3427 ramque
551 3348 735 3425 reliquarum,
766 3353 796 3406 at
825 3345 893 3404 lllae
920 3343 1144 3419 figurationibus
1172 3355 1274 3407 contra
1302 3365 1335 3408 se
1363 3348 1592 3427 distinguantur,
1620 3347 1694 3409 adeo
1723 3357 1757 3408 ut

410 3454 523 3511 worn,
553 3453 629 3513 quae
650 3435 783 3513 proprias
806 3432 1066 3493 demonstrationes
1087 3432 1211 3509 habent,
1240 3436 1456 3511 quodammodo
1479 3436 1537 3497 dno
1560 3444 1673 3496 motum
1695 3439 1757 3496 sint

408 3542 525 3601 genera

494 3627 564 3682 Nam
582 3628 739 3692 tetragonus
757 3627 785 3675 et
802 3626 953 3690 octogonus
971 3619 1062 3674 statim
1084 3633 1115 3675 se
1133 3620 1211 3689 qnasi
1228 3626 1301 3676 totas
1318 3621 1466 3691 trigonieae
1488 3628 1580 3678 sectae
1606 3621 1754 3693 applicant,

409 3708 473 3779 quia
489 3721 552 3775 pars
570 3701 663 3760 circuli
682 3707 760 3757 sellia
777 3709 805 3756 et
823 3699 982 3755 duodecima
995 3699 1108 3769 junctae
1125 3700 1229 3755 iaciunt
1246 3710 1382 3770 quartam,
1405 3716 1468 3771 para
1487 3701 1645 3757 duodecima
1670 3710 1697 3757 et
1716 3704 1754 3757 vi·

408 3785 508 3841 cesima
533 3789 629 3853 quarta
652 3780 816 3851 compositae
838 3779 940 3836 iaciunt
965 3786 1069 3850 partem
1096 3786 1224 3834 octavam.
1261 3780 1299 3833 Et
1319 3781 1477 3847 tetragonus
1504 3794 1534 3834 se
1557 3781 1754 3848 pentagonicae

408 3871 499 3920 sectae
516 3861 712 3930 quadamtenus
730 3858 922 3925 accommodat,
941 3859 1006 3926 quia
1027 3857 1122 3928 annta
1139 3858 1232 3914 cbculi
1249 3853 1321 3927 paris,
1341 3859 1432 3913 addita
1443 3859 1593 3927 vicesimae,
1613 3858 1755 3913 constitnit

407 3950 511 4012 partem
529 3946 660 4011 quartam.
697 3939 787 3995 Causa
809 3944 863 4007 est,
888 3938 951 4008 quia
968 3940 1072 3993 numeri
1090 3939 1106 3994 3
1125 3946 1153 3993 et
1170 3940 1185 3993 b
1204 3937 1285 3992 dividi
1303 3945 1419 4008 possunt
1440 3937 1468 3991 in
1490 3953 1617 3992 numeros
1639 3953 1753 4007 propor-

406 4020 489 4076 tionis
506 4018 633 4074 continue
651 4017 762 4088 duplae:
780 4033 842 4073 num
860 4023 951 4086 partes
969 4018 1054 4086 ipsius
1074 4018 1089 4072 3
1109 4024 1172 4073 sunt
1191 4019 1214 4085 l,
1232 4018 1257 4086 2,
1275 4023 1368 4087 partes
1384 4017 1471 4086 ipsius
1490 4019 1506 4072 5
1525 4021 1589 4072 sunt
1601 4016 1625 4084 l,
1643 4015 1668 4070 4.
1700 4015 1753 4069 Ta·

406 4099 441 4155 lis
458 4113 523 4153 sero
541 4097 691 4153 communio
709 4113 763 4152 non
781 4104 823 4152 eat
840 4097 911 4151 intel·
929 4097 1030 4152 classes
1048 4097 1192 4151 ternariam
1211 4104 1239 4149 et
1255 4096 1413 4165 quinariam.
1440 4095 1518 4150 'Nam
1535 4094 1587 4149 etsi
1599 4100 1678 4147 sexta
1689 4108 1754 4162 pars

407 4177 502 4233 circuli
519 4176 612 4232 addita
627 4176 780 4231 tricesimae
798 4174 939 4231 constitnit
955 4175 1088 4245 quintam,
1114 4181 1143 4229 at
1161 4173 1296 4229 tricesima
1314 4182 1357 4229 est
1374 4172 1470 4229 classis
1493 4172 1750 4243 pentekaedecago»

409 4257 493 4327 nicae,
512 4271 581 4326 qnae
599 4271 653 4310 non
670 4254 753 4310 habet
770 4253 906 4323 propriam
924 4253 1188 4310 demonstrationem.
1224 4253 1328 4308 Eodem
1354 4252 1434 4308 modo
1457 4252 1560 4309 decima
1582 4250 1677 4308 circuli
1705 4252 1752 4307 ad·

409 4335 465 4392 dita
481 4335 665 4406 quindecimas
688 4337 764 4401 (ecce
788 4331 980 4388 admixtionem
1006 4331 1102 4389 classis
1125 4339 1250 4403 quartae)
1276 4331 1379 4388 iaciunt
1396 4338 1509 4389 sextam.
1544 4331 1660 4399 Propter
1681 4329 1753 4384 hanc

408 4413 566 4470 dualitatem
583 4427 712 4482 generum
729 4410 834 4466 numeri
851 4409 1063 4466 characteristici
1080 4415 1157 4480 sunt,
1176 4412 1203 4464 in
1221 4410 1308 4479 primo
1330 4409 1369 4479 12,
1395 4410 1423 4465 in
1441 4409 1559 4467 secundo
1574 4408 1610 4465 20
1632 4408 1675 4464 rel
1693 4407 1753 4477 ejus

409 4491 605 4548 dimidium10.
641 4493 716 4547 Haec
733 4491 816 4560 igitur
832 4490 903 4544 infra
920 4489 980 4544 libr.
1000 4489 1047 4544 ΙΙΙ.
1066 4488 1211 4545 referenda
1228 4496 1256 4544 et
1273 4488 1452 4543 adscribenda
1469 4496 1532 4544 sunt
1551 4487 1586 4542 ad
1604 4486 1752 4542 distinctio·

408 4585 471 4625 nem
488 4584 615 4638 generum
632 4574 736 4629 cantus.
837 4588 842 4603 ¹

495 4671 528 4730 L.
552 4671 787 4749 Comparatio
808 4670 1009 4747 figurarum
1033 4687 1095 4729 sen
1119 4668 1339 4728 divisionum
1360 4665 1496 4728 circuli.
1534 4664 1648 4725 Primus
1670 4673 1752 4727 tenet

409 4761 562 4833 diameter;
590 4766 635 4819 cat
660 4754 748 4819 enim'
766 4757 889 4818 effabilis
918 4755 1109 4835 longitudine.
1153 4756 1317 4815 Secundum
1351 4764 1396 4843 est
1423 4755 1501 4816 latus
1528 4754 1751 4831 hexagonicum,

408 4846 533 4926 aequale
553 4844 767 4909 semidiametro
790 4853 819 4906 et
840 4848 882 4906 sie
904 4845 1020 4907 effabile
1041 4841 1232 4920 longitndine.
1277 4843 1377 4905 I'ertio
1393 4843 1459 4907 loce
1480 4848 1560 4903 stam
1581 4848 1751 4919 mirmanda
