3940 5856
701 412 707 423 e

728 435 812 500 hrlrer
828 430 859 497 V.
880 443 969 513 Caput
986 436 1051 537 ΙΧ.Ι
1517 450 1577 515 ebt

226 627 306 676 tavae
326 621 358 688 ¹1,
374 619 533 689 dssammnt,
564 614 653 688 risque
674 618 709 674 ad
724 618 855 687 proxima·
873 618 985 673 minoris
1009 617 1136 688 diapente
1156 616 1188 687 ¹l,
1205 618 1358 689 angustiam
1381 625 1580 689 contraherent,

227 701 298 755 Nam
316 699 552 766 securamen,
577 697 651 768 quod
669 697 724 753 due
741 696 880 765 planetae,
905 697 1037 757 iacientes
1062 699 1188 767 diapente
1211 701 1437 768 conserpentibus
1460 711 1581 761 motuum

227 776 371 842 extremit,
389 784 417 830 et
434 776 567 845 diapason
585 776 801 845 divergentibus,
827 777 908 833 iidem
927 777 1010 832 etiam
1028 785 1121 833 sextas
1139 775 1229 832 faeere
1250 784 1279 831 et
1301 778 1341 833 sie
1359 778 1446 834 diesin
1473 798 1582 853 quoque

227 869 368 924 permeare
387 854 506 924 possint,
525 861 554 909 at
571 855 624 908 hoe
642 871 696 910 uon
714 857 850 913 redoleret
868 857 1033 926 singularem
1050 856 1247 926 providentiam
1265 855 1435 913 Ordintteris
1452 869 1581 916 motuum.

228 932 319 988 Diesis
337 933 416 991 enim.
434 932 572 987 minimum
590 933 801 1004 intervallorum,
819 941 958 1004 potestate
975 934 1063 990 latens
1076 934 1264 1003 immaioribus
1277 934 1410 1005 omnihus,
1428 952 1499 1006 quae
1511 954 1583 993 com·

228 1011 433 1080 prehenduntur
451 1009 485 1064 ab
503 1012 631 1065 extremis
648 1020 778 1081 motuum,
798 1013 858 1083 ipsa
866 1019 1022 1082 permeatur
1039 1012 1147 1082 quidem
1166 1021 1230 1067 tune
1248 1012 1394 1069 ametibus
1407 1013 1583 1086 intermediis,

230 1088 359 1143 continua
390 1090 514 1145 tensione
545 1091 667 1155 surmus,
689 1098 719 1145 at
746 1108 800 1146 non
825 1093 1019 1148 determinatur
1044 1092 1078 1146 ab
1105 1108 1198 1147 eorum
1225 1092 1366 1160 extremis,
1393 1111 1454 1149 oum
1477 1110 1584 1165 semper

227 1166 315 1221 minor
332 1167 368 1221 sit
385 1182 450 1235 pars
468 1176 535 1236 toto,
555 1168 637 1222 diesis
656 1168 761 1224 scilieet
778 1169 920 1225 intervallo
939 1171 1042 1240 majore
1059 1170 1106 1240 ³1„
1126 1170 1200 1240 quod
1212 1179 1255 1225 est
1271 1171 1342 1226 inter
1354 1174 1385 1242 Ἰ,
1403 1180 1431 1228 et
1446 1174 1489 1243 Ἲς,
1509 1176 1599 1244 quod'

227 1242 316 1297 totum
333 1259 350 1297 a
366 1252 488 1300 motuum
506 1248 633 1302 extremis
653 1247 826 1319 determinari
844 1250 889 1304 hic
906 1257 1061 1319 poneretur.

314 1336 538 1415 Propositio
560 1339 681 1403 XXIV.
726 1340 870 1401 Planetae
893 1340 969 1421 duo,
992 1343 1043 1418 qui
1064 1348 1176 1401 mutant
1197 1360 1290 1418 genus
1314 1342 1583 1417 harmoniae„dil-

228 1422 380 1486 larentiam
402 1430 584 1504 propriarum
607 1431 827 1507 proportionum
851 1431 926 1488 inter
948 1438 1080 1489 motuum
1103 1439 1242 1515 extrema,
1270 1430 1378 1490 debent
1400 1431 1495 1492 lacere
1519 1433 1584 1494 die-

228 1512 290 1586 sin,
321 1518 460 1574 etunius
488 1518 606 1592 propria
633 1518 782 1593 proportio
813 1516 902 1576 debet
928 1532 993 1576 esse
1022 1517 1117 1592 major
1140 1515 1232 1593 diesi3
1265 1517 1431 1594 debentque
1453 1522 1584 1581 motibus

227 1598 352 1676 aphaliis
374 1602 470 1663 lacere
491 1612 640 1663 sextarum
664 1620 766 1677 unum,
789 1603 944 1680 periheliis
965 1603 1122 1679 reliquam.

315 1701 382 1757 Onm
399 1701 471 1756 enim
489 1711 612 1757 extrema
628 1710 750 1757 motuum
769 1703 838 1758 daas
859 1702 962 1758 iaciant
978 1703 1147 1771 harmonias,
1170 1702 1252 1756 unies
1271 1703 1339 1759 diesi
1358 1702 1530 1776 differentes,
1556 1704 1584 1761 ld

228 1787 320 1849 potest
336 1782 396 1837 deri
412 1784 574 1854 tripliciterr
599 1791 647 1837 aut
664 1783 752 1851 enim,
771 1790 802 1837 ιιι
820 1783 900 1837 unlus
924 1782 1053 1852 planetae
1070 1789 1161 1836 metus
1179 1788 1288 1836 maneat
1304 1790 1449 1855 constans,
1473 1784 1585 1840 alterins

228 1859 347 1914 varietur
364 1877 414 1930 per
432 1861 534 1931 diesin,
554 1869 602 1918 ant
619 1870 650 1916 ut
667 1862 782 1932 uterqub
801 1863 921 1918 serimus
937 1878 988 1932 per
1005 1861 1145 1917 semissem
1164 1862 1271 1916 dieseos
1283 1860 1441 1933 iactentque
1460 1864 1504 1932 Ἃ,
1524 1879 1585 1918 sex·

228 1942 285 1989 tam
302 1939 441 2008 majorem,
460 1940 570 2011 quando
588 1942 713 2010 superior
731 1949 773 1997 est
789 1943 817 1996 in
835 1942 958 2011 aphelio‚
975 1941 1088 1995 inferior
1104 1940 1133 1993 in
1151 1939 1297 2007 perihelio;
1320 1955 1354 1994 ex
1374 1942 1407 1996 iis
1425 1944 1521 2012 spatiis
1539 1961 1586 2007 ex,

228 2032 310 2072 cursu
328 2016 408 2089 laeto,
427 2020 479 2073 sihi
496 2027 592 2074 mutuo
610 2020 758 2090 obviantes,
777 2022 901 2090 superior
918 2036 1006 2091 usqne
1023 2020 1052 2073 in
1069 2018 1239 2088 perihelium,
1262 2019 1375 2074 inierior
1392 2022 1419 2075 in
1439 2023 1585 2091 aphelinm,

228 2096 331 2150 noiant
349 2098 395 2165 tp,
419 2105 524 2152 sextam
541 2098 686 2169 minorem3
705 2108 753 2154 aut
771 2098 887 2169 denique
905 2106 937 2154 ut
951 2113 1021 2152 nnus
1039 2098 1124 2152 altero
1142 2097 1206 2165 plns
1225 2098 1312 2151 variet
1329 2105 1432 2153 motum
1454 2116 1533 2156 suum
1552 2104 1586 2158 ab

229 2172 337 2243 aphelie
355 2175 384 2229 in
401 2175 563 2243 periheliom
581 2176 672 2246 sitque
689 2192 818 2233 excessus
830 2177 913 2232 unius
926 2178 1043 2241 dieseos,
1063 2176 1142 2231 etsie
1161 2184 1239 2230 sexta
1251 2175 1338 2244 major
1350 2177 1386 2231 sit
1401 2178 1473 2234 inter
1484 2188 1587 2236 utrum·

231 2267 284 2322 qne
302 2251 453 2322 aphelium,
477 2261 556 2308 sexta
573 2255 662 2310 minor
686 2256 758 2310 inter
774 2264 922 2323 utrumque
940 2255 1110 2325 perihelium.
1147 2254 1254 2307 Primus
1272 2269 1336 2308 vero
1358 2256 1455 2313 modus
1473 2273 1528 2321 pon
1545 2264 1589 2314 est

230 2329 381 2399 legitimum
407 2340 481 2386 asset
505 2336 576 2389 enim
598 2336 668 2390 alter
684 2336 782 2391 horum
800 2336 971 2405 planetarum
995 2335 1054 2390 sine
1080 2332 1295 2401 eocentricitate,
1323 2344 1418 2391 eontra
1436 2338 1544 2393 axioma
1561 2341 1587 2396 4.

232 2409 310 2464 Alter
327 2409 422 2467 modus
439 2412 530 2468 minus
547 2414 662 2483 pulcher
679 2414 731 2470 init
749 2423 778 2469 et
794 2416 1074 2483 minus'commodus3
1093 2414 1181 2468 minus
1194 2412 1317 2482 pulcher,
1336 2415 1400 2485 qnia
1417 2416 1506 2471 minus
1524 2416 1587 2471 har·

233 2490 368 2551 monicus.
387 2491 503 2547 duorum
522 2493 593 2548 enim
611 2493 782 2562 planetarum
800 2495 928 2563 propriae
939 2499 1062 2547 motuum
1074 2491 1265 2560 proportiones
1275 2490 1391 2548 fuissent
1402 2494 1589 2550 inconcinnae

233 2588 296 2627 nam
313 2571 502 2628 inconcinnum
521 2580 572 2641 est,
591 2573 720 2643 quioquid
739 2581 782 2629 eet
799 2574 866 2629 diesi
884 2575 987 2639 minus,
1010 2579 1133 2643 praestat
1150 2586 1226 2637 rere,
1245 2588 1328 2626 unum
1347 2572 1435 2626 solum
1452 2572 1589 2641 planetam

234 2650 287 2705 hae
304 2650 466 2706 inconcinna
483 2652 619 2722 parvitate
642 2652 780 2722 laborare,
810 2656 874 2725 quin
894 2668 928 2707 ne
946 2653 1006 2707 fieri
1025 2649 1133 2721 quidem
1152 2650 1257 2718 potnit,
1283 2651 1347 2719 qnia
1366 2650 1479 2705 extremi
1496 2659 1588 2706 motus

234 2729 287 2785 hoe
304 2739 385 2799 paeto
404 2734 579 2787 aberrassent
597 2748 614 2786 a
631 2731 699 2787 lucis
717 2733 872 2803 systematis
891 2747 940 2787 sau
960 2730 1083 2786 claribus
1102 2729 1192 2784 scalae
1209 2730 1343 2799 musicae,
1369 2740 1465 2786 contra
1483 2747 1523 2799 pr.
1543 2732 1586 2787 22.

239 2810 331 2864 Minus
350 2810 432 2864 etiam
451 2810 609 2866 commodus
625 2810 738 2877 iniisset,
764 2812 829 2881 quia
847 2819 943 2866 sextae
962 2810 1015 2863 illis
1034 2807 1222 2863 tautummodo
1241 2809 1384 2864 momentis
1403 2808 1582 2876 contigissent

237 2889 335 2957 quibus
354 2890 480 2960 planetae
498 2889 615 2946 luissent
632 2891 660 2945 in
678 2890 822 2946 contrariis
839 2889 996 2959 apsidibns3
1015 2886 1091 2942 nulla
1108 2885 1208 2939 tumeat
1224 2885 1352 2955 latitudo,
1372 2902 1422 2956 par
1439 2903 1521 2955 quam
1537 2886 1590 2941 hae

236 2978 332 3026 sextae
355 2976 384 3025 et
405 2970 445 3025 sie
469 2964 635 3026 universales
653 2970 809 3025 harmoniae
828 2970 976 3026 seeundum
1002 2984 1049 3024 eea
1068 2966 1224 3033 contingere
1246 2967 1412 3037 potuissent3
1436 2968 1591 3022 rarissimae

237 3053 321 3121 igiter
336 3050 467 3105 mussent
484 3049 652 3104 universales
669 3049 838 3118 harmoniae,
865 3051 932 3105 loeis
951 3050 1123 3118 planetarum
1140 3045 1264 3099 omnibus
1288 3045 1478 3101 adsertorum
1501 3047 1530 3100 in
1548 3062 1591 3101 or·

238 3130 302 3184 bitis
320 3131 378 3186 auis
395 3136 424 3183 et
441 3129 583 3186 unitorum
600 3138 764 3199 punctorum
781 3129 924 3196 angustias
941 3127 1073 3194 redactis3
1093 3133 1190 3184 eontra
1201 3127 1309 3182 axioma
1323 3128 1363 3182 19.
1400 3127 1498 3181 Restat
1509 3127 1592 3195 igitur

238 3210 335 3265 modus
353 3209 464 3279 tertius,
483 3217 514 3265 ut
530 3218 646 3278 uterque
664 3208 772 3277 quidem
790 3207 959 3276 planetarum
977 3222 1056 3261 suum
1073 3207 1213 3278 proprium
1231 3205 1317 3260 variet
1325 3213 1437 3276 motum,
1457 3206 1505 3260 ssd
1523 3204 1593 3259 alter

241 3290 327 3345 altero
345 3289 408 3359 plus
426 3305 476 3359 per
493 3305 574 3345 unam
591 3289 740 3360 perlectam
760 3286 847 3342 diesin
865 3286 900 3342 ad
917 3286 1064 3341 minimum.

328 3381 551 3460 Propositio
569 3380 672 3440 XXV.
718 3379 916 3451 Plancianum,
939 3396 1033 3456 genus
1056 3379 1227 3439 harmoniae
1250 3379 1437 3452 mutantium,
1461 3378 1594 3455 superior

244 3469 332 3529 debet
363 3470 471 3531 habere
501 3471 716 3547 proportionem
747 3476 879 3525 motuum
916 3469 1099 3544 propriorum
1136 3469 1277 3528 minorem
1305 3472 1375 3525 tono
1406 3478 1498 3545 parve
1525 3459 1593 3550 ¹7¹⁰,

242 3558 361 3617 inlerier
384 3575 452 3618 vero
474 3560 615 3617 minorem
638 3557 790 3617 semitonio
818 3550 900 3637 ¹⁶s„.

314 3658 385 3715 Nam
402 3667 450 3715 ant
462 3659 577 3731 apheliis
597 3656 714 3711 metibus
732 3654 834 3711 iaciant
853 3657 900 3725 Ἃ,
919 3661 967 3710 aut
985 3652 1136 3726 periheliis‚
1154 3668 1204 3722 per
1220 3651 1405 3724 praemissam.
1442 3650 1503 3705 Non
1522 3651 1595 3722 peri·

244 3740 333 3810 hellis,
354 3748 428 3796 esset
446 3740 516 3795 enim
534 3745 601 3793 tunc
619 3735 789 3806 apheliorum
806 3738 927 3788 motuum
946 3736 993 3801 ll„
1016 3731 1130 3807 inferior
1144 3730 1228 3798 igitur
1245 3748 1300 3786 una
1319 3730 1386 3786 diesi
1403 3729 1465 3800 pius
1482 3730 1596 3786 heberet

243 3823 272 3878 iu
289 3819 465 3891 proportione
483 3817 593 3888 propria
611 3831 692 3883 qnam
712 3814 849 3883 superior,
875 3828 925 3884 per
943 3812 1057 3867 eandem
1075 3810 1260 3880 praemissam.
1296 3800 1329 3864 Id
1353 3823 1416 3863 vero
1440 3814 1483 3864 est
1501 3817 1596 3864 eontra

245 3896 352 3956 amoma
372 3900 412 3955 10.
446 3896 563 3952 Faciunt
580 3895 664 3964 igitur
681 3890 796 3962 apheliis
809 3892 841 3960 Ἰ,
859 3890 998 3960 periheliis
1011 3890 1044 3956 il,
1061 3892 1159 3959 minus,
1178 3887 1387 3960 quamlllieper
1399 3887 1462 3956 ²⁴12,
1492 3887 1596 3956 Quodsi
1704 3892 1711 3909 ¹

245 3978 346 4050 aphelii
363 3985 453 4034 motus
470 3975 575 4031 iaciunt
591 3980 697 4029 sextam
715 3972 810 4026 duram
829 3971 871 4040 il„
890 3986 955 4040 ergo
974 3970 1122 4040 superioris
1141 3967 1266 4038 aphalius
1289 3981 1350 4021 cnm
1373 3965 1509 4021 inferioris
1526 3963 1595 4035 peri·

134 4084 145 4114 .·
243 4060 318 4116 helio
335 4058 418 4114 iactet
434 4055 497 4126 plus
516 4071 597 4126 qnam
621 4061 726 4108 sextam
746 4051 855 4120 duram,
882 4049 993 4118 adjiciet
1006 4050 1075 4103 enim
1094 4047 1205 4103 inferior
1223 4052 1308 4100 totam
1329 4044 1467 4113 propriam
1484 4060 1596 4113 propor-

245 4141 355 4195 tionem.
389 4136 496 4192 Eodem
514 4132 607 4199 modo,
626 4133 650 4187 si
667 4130 793 4200 perihelii
810 4138 899 4185 motus
917 4129 1021 4184 iaciunt
1038 4136 1145 4183 sextam
1162 4125 1271 4181 mollem
1289 4124 1335 4191 ⁶1⁸,
1361 4123 1509 4192 superioris
1526 4123 1597 4192 peri·

245 4218 335 4274 helius
353 4226 382 4274 et
397 4215 533 4272 inferioris
551 4213 675 4283 aphelius
694 4210 796 4266 facient
811 4210 900 4264 minus
918 4224 999 4277 qnam
1018 4204 1266 4274 sextam'mollem3
1291 4201 1380 4257 aufert
1398 4201 1468 4257 enim
1486 4200 1598 4258 inferior

152 4320 156 4328 ·
245 4303 331 4353 totam
357 4313 434 4352 suam
456 4293 593 4367 propriam
619 4290 830 4362 proportionem.
875 4287 979 4356 Quodsi
1007 4286 1142 4341 inferioris
1166 4281 1306 4356 proportio
1332 4280 1444 4351 propria
1468 4289 1599 4351 aequaret

246 4377 418 4434 semitonium
441 4377 509 4444 '‘lm
532 4373 590 4442 jam
614 4378 709 4440 posset
734 4377 843 4439 praeter
867 4375 959 4423 sextas
979 4366 1060 4422 eu'am
1083 4365 1210 4434 diapente
1233 4360 1401 4432 contingere,
1429 4359 1494 4429 quia
1520 4367 1599 4415 sexta

246 4456 344 4526 mollis,
358 4452 489 4508 diminuta
502 4450 653 4516 semitonio,
671 4448 703 4503 fit
715 4448 854 4518 diapente;
865 4447 919 4502 hee
930 4463 994 4502 vero
1007 4451 1050 4501 est
1062 4452 1157 4500 centra
1168 4459 1244 4513 prop.
1255 4440 1297 4496 23.
1328 4440 1419 4495 Minue
1431 4439 1512 4507 igitur
1521 4439 1598 4493 semi·

245 4536 321 4589 tonie
338 4534 423 4588 hahet
440 4531 550 4601 planeta
566 4529 677 4584 inferior
694 4529 722 4582 ln
738 4520 880 4582 intervallo
898 4525 950 4581 sihi
968 4523 1086 4595 proprio,
1123 4523 1160 4575 Et
1172 4520 1236 4590 qnia
1246 4519 1394 4588 superioris
1411 4519 1522 4589 propria
1537 4534 1598 4588 pro.

245 4615 336 4683 portio
352 4611 440 4681 maior
457 4614 500 4664 est
516 4608 628 4679 propria
644 4605 781 4661 interioris
798 4620 848 4675 per
865 4620 946 4660 unam
964 4602 1065 4666 diesin,
1084 4600 1167 4655 diesis
1185 4612 1248 4652 rere
1262 4596 1356 4652 addita
1374 4598 1515 4652 semitonio
1532 4596 1599 4652 iacit

247 4699 342 4748 tonum
351 4692 482 4746 minorem
494 4692 556 4756 ’1,0,
576 4685 723 4758 superioris
735 4684 819 4756 igitur
836 4683 947 4753 propria
958 4681 1099 4752 proportio
1112 4685 1154 4735 est
1162 4678 1250 4734 minor
1262 4692 1342 4747 qnam
1352 4683 1434 4733 tenus
1442 4677 1531 4731 minor
1541 4675 1599 4744 ⁹l„,.

335 4798 556 4877 Propeaitio
579 4796 699 4857 XXVI.
744 4794 941 4876 Plaaetarum,
965 4808 1058 4870 genus
1080 4791 1248 4850 harmoniae
1259 4790 1444 4864 mutantium,
1468 4789 1600 4865 superior

250 4888 351 4953 debuit
381 4887 489 4950 habere
520 4884 569 4944 vel
598 4884 691 4944 diesin
724 4882 870 4962 duplicem
893 4875 1007 4961 ⁶⁷⁶lme
1037 4878 1096 4938 hoe
1123 4884 1168 4938 est
1193 4873 1260 4959 ¹²l„
1282 4877 1357 4957 iere,
1387 4893 1439 4955 pro
1468 4884 1599 4937 motuum

1373 4979 1444 5041 20*
