<?xml version="1.0" encoding="UTF-8"?>
<!DOCTYPE html PUBLIC "-//W3C//DTD XHTML 1.0 Transitional//EN"
    "http://www.w3.org/TR/xhtml1/DTD/xhtml1-transitional.dtd">
<html xmlns="http://www.w3.org/1999/xhtml" xml:lang="en" lang="en">
 <head>
  <title>
</title>
<meta http-equiv="Content-Type" content="text/html;charset=utf-8" />
  <meta name='ocr-system' content='tesseract 3.04.00' />
  <meta name='ocr-capabilities' content='ocr_page ocr_carea ocr_par ocr_line ocrx_word'/>
</head>
<body>
  <div class='ocr_page' id='page_1' title='image "./joanniskepleria29frisgoog/joanniskepleria29frisgoog_0163.png"; bbox 0 0 3792 5860; ppageno 0'>
   <div class='ocr_carea' id='block_1_1' title="bbox 331 393 1153 493">
    <p class='ocr_par' dir='ltr' id='par_1_1' title="bbox 331 393 1153 493">
     <span class='ocr_line' id='line_1_1' title="bbox 331 393 1153 493; baseline 0.001 -42"><span class='ocrx_word' id='word_1_1' title='bbox 331 410 393 493; x_wconf 54' lang='grc' dir='ltr'><strong>μ’</strong></span> <span class='ocrx_word' id='word_1_2' title='bbox 865 394 908 451; x_wconf 88' lang='lat' dir='ltr'><strong>De</strong></span> <span class='ocrx_word' id='word_1_3' title='bbox 926 393 1153 467; x_wconf 77' lang='lat' dir='ltr'><strong>Proporlionlbna</strong></span> 
     </span>
    </p>
   </div>
   <div class='ocr_carea' id='block_1_2' title="bbox 329 575 1684 746">
    <p class='ocr_par' dir='ltr' id='par_1_2' title="bbox 329 575 1684 746">
     <span class='ocr_line' id='line_1_2' title="bbox 329 575 1682 657; baseline -0.004 -13"><span class='ocrx_word' id='word_1_4' title='bbox 329 590 471 645; x_wconf 73' lang='lat' dir='ltr'><strong>mnaonat</strong></span> <span class='ocrx_word' id='word_1_5' title='bbox 492 582 582 642; x_wconf 82' lang='lat' dir='ltr'><strong>eliam</strong></span> <span class='ocrx_word' id='word_1_6' title='bbox 604 595 670 641; x_wconf 80' lang='lat' dir='ltr'><strong>curn</strong></span> <span class='ocrx_word' id='word_1_7' title='bbox 691 578 838 651; x_wconf 85' lang='lat' dir='ltr'><strong>abscissa,</strong></span> <span class='ocrx_word' id='word_1_8' title='bbox 869 578 945 635; x_wconf 89' lang='lat' dir='ltr'><strong>sicut</strong></span> <span class='ocrx_word' id='word_1_9' title='bbox 965 575 1056 651; x_wconf 87' lang='lat' dir='ltr'><strong>priori</strong></span> <span class='ocrx_word' id='word_1_10' title='bbox 1076 576 1277 652; x_wconf 75' lang='lat' dir='ltr'><strong>propositione</strong></span> <span class='ocrx_word' id='word_1_11' title='bbox 1305 593 1372 636; x_wconf 83' lang='lat' dir='ltr'><strong>ouer</strong></span> <span class='ocrx_word' id='word_1_12' title='bbox 1394 582 1455 636; x_wconf 85' lang='lat' dir='ltr'><strong>toto</strong></span> <span class='ocrx_word' id='word_1_13' title='bbox 1484 580 1682 657; x_wconf 82' lang='lat' dir='ltr'><strong>consonabat3</strong></span> 
     </span>
     <span class='ocr_line' id='line_1_3' title="bbox 329 662 1684 746; baseline -0.011 -3"><span class='ocrx_word' id='word_1_14' title='bbox 329 674 375 732; x_wconf 73' lang='lat'><strong>⁸¹¹1</strong></span> <span class='ocrx_word' id='word_1_15' title='bbox 397 688 472 744; x_wconf 64' lang='grc' dir='ltr'><strong>Μ,</strong></span> <span class='ocrx_word' id='word_1_16' title='bbox 495 687 585 746; x_wconf 68' lang='lat' dir='ltr'><strong>quam</strong></span> <span class='ocrx_word' id='word_1_17' title='bbox 605 673 687 728; x_wconf 62' lang='lat' dir='ltr'><strong>wilti</strong></span> <span class='ocrx_word' id='word_1_18' title='bbox 708 663 748 734; x_wconf 63' lang='lat' dir='ltr'><strong>bd</strong></span> <span class='ocrx_word' id='word_1_19' title='bbox 769 663 901 740; x_wconf 76' lang='lat' dir='ltr'><strong>aliquam</strong></span> <span class='ocrx_word' id='word_1_20' title='bbox 923 662 1072 722; x_wconf 80' lang='lat' dir='ltr'><strong>diisonam</strong></span> <span class='ocrx_word' id='word_1_21' title='bbox 1093 672 1221 739; x_wconf 89' lang='lat' dir='ltr'><strong>partem,</strong></span> <span class='ocrx_word' id='word_1_22' title='bbox 1253 663 1418 725; x_wconf 86' lang='lat' dir='ltr'><strong>dissonabit</strong></span> <span class='ocrx_word' id='word_1_23' title='bbox 1438 672 1470 725; x_wconf 91' lang='lat' dir='ltr'><strong>et</strong></span> <span class='ocrx_word' id='word_1_24' title='bbox 1490 666 1528 725; x_wconf 88' lang='lat' dir='ltr'><strong>ab</strong></span> <span class='ocrx_word' id='word_1_25' title='bbox 1551 667 1684 728; x_wconf 76' lang='lat' dir='ltr'><strong>abacista</strong></span> 
     </span>
    </p>
   </div>
   <div class='ocr_carea' id='block_1_3' title="bbox 329 763 1683 907">
    <p class='ocr_par' dir='ltr' id='par_1_3' title="bbox 329 763 1683 907">
     <span class='ocr_line' id='line_1_4' title="bbox 329 763 1683 907; baseline -0.004 -10"><span class='ocrx_word' id='word_1_26' title='bbox 329 763 711 896; x_wconf 47' lang='lat' dir='ltr'><strong>pmePssimirnioffiembrum</strong></span> <span class='ocrx_word' id='word_1_27' title='bbox 732 833 827 888; x_wconf 84' lang='lat' dir='ltr'><strong>nititur</strong></span> <span class='ocrx_word' id='word_1_28' title='bbox 850 832 985 888; x_wconf 68' lang='lat' dir='ltr'><strong>mamete</strong></span> <span class='ocrx_word' id='word_1_29' title='bbox 1007 834 1034 888; x_wconf 76' lang='lat'><strong>5.</strong></span> <span class='ocrx_word' id='word_1_30' title='bbox 1058 837 1090 886; x_wconf 89' lang='lat' dir='ltr'><strong>nt</strong></span> <span class='ocrx_word' id='word_1_31' title='bbox 1112 839 1140 886; x_wconf 88' lang='lat' dir='ltr'><strong>et</strong></span> <span class='ocrx_word' id='word_1_32' title='bbox 1156 833 1316 902; x_wconf 86' lang='lat' dir='ltr'><strong>posterioris</strong></span> <span class='ocrx_word' id='word_1_33' title='bbox 1334 834 1446 891; x_wconf 84' lang='lat' dir='ltr'><strong>membri</strong></span> <span class='ocrx_word' id='word_1_34' title='bbox 1468 836 1683 907; x_wconf 74' lang='lat' dir='ltr'><strong>parternum,</strong></span> 
     </span>
    </p>
   </div>
   <div class='ocr_carea' id='block_1_4' title="bbox 327 910 1686 1778">
    <p class='ocr_par' dir='ltr' id='par_1_4' title="bbox 327 910 1686 1778">
     <span class='ocr_line' id='line_1_5' title="bbox 331 910 1684 992; baseline -0.01 -14"><span class='ocrx_word' id='word_1_35' title='bbox 331 921 404 992; x_wconf 91' lang='lat' dir='ltr'><strong>qued</strong></span> <span class='ocrx_word' id='word_1_36' title='bbox 421 917 560 975; x_wconf 67' lang='lat' dir='ltr'><strong>mmdnum</strong></span> <span class='ocrx_word' id='word_1_37' title='bbox 579 915 702 970; x_wconf 62' lang='lat' dir='ltr'><strong>&amp;annuet</strong></span> <span class='ocrx_word' id='word_1_38' title='bbox 720 927 737 967; x_wconf 88' lang='lat' dir='ltr'><strong>a</strong></span> <span class='ocrx_word' id='word_1_39' title='bbox 754 922 833 982; x_wconf 88' lang='lat' dir='ltr'><strong>parte</strong></span> <span class='ocrx_word' id='word_1_40' title='bbox 850 912 979 967; x_wconf 86' lang='lat' dir='ltr'><strong>abscissa.</strong></span> <span class='ocrx_word' id='word_1_41' title='bbox 1016 910 1096 978; x_wconf 78' lang='lat' dir='ltr'><strong>Quod</strong></span> <span class='ocrx_word' id='word_1_42' title='bbox 1113 926 1178 965; x_wconf 84' lang='lat' dir='ltr'><strong>vero</strong></span> <span class='ocrx_word' id='word_1_43' title='bbox 1195 910 1251 966; x_wconf 89' lang='lat' dir='ltr'><strong>tale</strong></span> <span class='ocrx_word' id='word_1_44' title='bbox 1267 911 1406 968; x_wconf 83' lang='lat' dir='ltr'><strong>residuum</strong></span> <span class='ocrx_word' id='word_1_45' title='bbox 1429 913 1550 971; x_wconf 88' lang='lat' dir='ltr'><strong>dissonet</strong></span> <span class='ocrx_word' id='word_1_46' title='bbox 1567 919 1684 974; x_wconf 74' lang='lat' dir='ltr'><strong>etiamn</strong></span> 
     </span>
     <span class='ocr_line' id='line_1_6' title="bbox 331 990 1686 1068; baseline -0.015 -11"><span class='ocrx_word' id='word_1_47' title='bbox 331 1010 400 1068; x_wconf 87' lang='lat' dir='ltr'><strong>toto,</strong></span> <span class='ocrx_word' id='word_1_48' title='bbox 419 999 458 1054; x_wconf 90' lang='lat' dir='ltr'><strong>sic</strong></span> <span class='ocrx_word' id='word_1_49' title='bbox 483 996 628 1066; x_wconf 85' lang='lat' dir='ltr'><strong>probatur:</strong></span> <span class='ocrx_word' id='word_1_50' title='bbox 656 993 731 1061; x_wconf 90' lang='lat' dir='ltr'><strong>capit</strong></span> <span class='ocrx_word' id='word_1_51' title='bbox 748 992 818 1047; x_wconf 88' lang='lat' dir='ltr'><strong>enim</strong></span> <span class='ocrx_word' id='word_1_52' title='bbox 837 991 864 1046; x_wconf 93' lang='lat' dir='ltr'><strong>id</strong></span> <span class='ocrx_word' id='word_1_53' title='bbox 890 990 1010 1046; x_wconf 88' lang='lat' dir='ltr'><strong>indicta</strong></span> <span class='ocrx_word' id='word_1_54' title='bbox 1035 992 1211 1060; x_wconf 79' lang='lat' dir='ltr'><strong>proportione</strong></span> <span class='ocrx_word' id='word_1_55' title='bbox 1230 991 1318 1046; x_wconf 91' lang='lat' dir='ltr'><strong>locum</strong></span> <span class='ocrx_word' id='word_1_56' title='bbox 1337 993 1422 1049; x_wconf 88' lang='lat' dir='ltr'><strong>totius</strong></span> <span class='ocrx_word' id='word_1_57' title='bbox 1439 996 1533 1051; x_wconf 91' lang='lat' dir='ltr'><strong>circuli</strong></span> <span class='ocrx_word' id='word_1_58' title='bbox 1551 1013 1602 1067; x_wconf 87' lang='lat' dir='ltr'><strong>per</strong></span> <span class='ocrx_word' id='word_1_59' title='bbox 1618 994 1686 1066; x_wconf 72' lang='lat' dir='ltr'><strong>fige.</strong></span> 
     </span>
     <span class='ocr_line' id='line_1_7' title="bbox 330 1069 1684 1143; baseline -0.007 -7"><span class='ocrx_word' id='word_1_60' title='bbox 330 1097 388 1136; x_wconf 88' lang='lat' dir='ltr'><strong>ram</strong></span> <span class='ocrx_word' id='word_1_61' title='bbox 405 1074 672 1134; x_wconf 74' lang='lat' dir='ltr'><strong>indemonstrabilem</strong></span> <span class='ocrx_word' id='word_1_62' title='bbox 690 1071 783 1141; x_wconf 85' lang='lat' dir='ltr'><strong>dirisi,</strong></span> <span class='ocrx_word' id='word_1_63' title='bbox 805 1087 890 1140; x_wconf 86' lang='lat' dir='ltr'><strong>quare</strong></span> <span class='ocrx_word' id='word_1_64' title='bbox 913 1070 964 1126; x_wconf 90' lang='lat' dir='ltr'><strong>etsi</strong></span> <span class='ocrx_word' id='word_1_65' title='bbox 982 1069 1121 1125; x_wconf 88' lang='lat' dir='ltr'><strong>residuum</strong></span> <span class='ocrx_word' id='word_1_66' title='bbox 1139 1070 1195 1124; x_wconf 89' lang='lat' dir='ltr'><strong>tale</strong></span> <span class='ocrx_word' id='word_1_67' title='bbox 1220 1080 1263 1125; x_wconf 88' lang='lat' dir='ltr'><strong>est</strong></span> <span class='ocrx_word' id='word_1_68' title='bbox 1280 1072 1369 1127; x_wconf 90' lang='lat' dir='ltr'><strong>minus</strong></span> <span class='ocrx_word' id='word_1_69' title='bbox 1387 1080 1445 1129; x_wconf 89' lang='lat' dir='ltr'><strong>toto</strong></span> <span class='ocrx_word' id='word_1_70' title='bbox 1463 1075 1578 1143; x_wconf 88' lang='lat' dir='ltr'><strong>circulo,</strong></span> <span class='ocrx_word' id='word_1_71' title='bbox 1607 1075 1684 1143; x_wconf 75' lang='lat' dir='ltr'><strong>cuijus</strong></span> 
     </span>
     <span class='ocr_line' id='line_1_8' title="bbox 331 1149 1684 1225; baseline -0.007 -10"><span class='ocrx_word' id='word_1_72' title='bbox 331 1169 374 1214; x_wconf 86' lang='lat' dir='ltr'><strong>eet</strong></span> <span class='ocrx_word' id='word_1_73' title='bbox 390 1156 543 1225; x_wconf 88' lang='lat' dir='ltr'><strong>residuum,</strong></span> <span class='ocrx_word' id='word_1_74' title='bbox 570 1163 600 1208; x_wconf 88' lang='lat' dir='ltr'><strong>at</strong></span> <span class='ocrx_word' id='word_1_75' title='bbox 616 1154 704 1221; x_wconf 87' lang='lat' dir='ltr'><strong>majus</strong></span> <span class='ocrx_word' id='word_1_76' title='bbox 723 1160 813 1206; x_wconf 90' lang='lat' dir='ltr'><strong>tamen</strong></span> <span class='ocrx_word' id='word_1_77' title='bbox 832 1158 874 1207; x_wconf 89' lang='lat' dir='ltr'><strong>est</strong></span> <span class='ocrx_word' id='word_1_78' title='bbox 890 1149 1073 1219; x_wconf 78' lang='lat' dir='ltr'><strong>semicirculo,</strong></span> <span class='ocrx_word' id='word_1_79' title='bbox 1100 1165 1135 1204; x_wconf 86' lang='lat' dir='ltr'><strong>ex</strong></span> <span class='ocrx_word' id='word_1_80' title='bbox 1153 1149 1311 1205; x_wconf 89' lang='lat' dir='ltr'><strong>delinitione</strong></span> <span class='ocrx_word' id='word_1_81' title='bbox 1327 1151 1438 1207; x_wconf 85' lang='lat' dir='ltr'><strong>residui.</strong></span> <span class='ocrx_word' id='word_1_82' title='bbox 1475 1152 1579 1220; x_wconf 79' lang='lat' dir='ltr'><strong>Quodsi</strong></span> <span class='ocrx_word' id='word_1_83' title='bbox 1597 1155 1684 1223; x_wconf 69' lang='lat' dir='ltr'><strong>maius</strong></span> 
     </span>
     <span class='ocr_line' id='line_1_9' title="bbox 332 1227 1685 1303; baseline -0.008 -10"><span class='ocrx_word' id='word_1_84' title='bbox 332 1248 375 1293; x_wconf 88' lang='lat' dir='ltr'><strong>est</strong></span> <span class='ocrx_word' id='word_1_85' title='bbox 392 1234 562 1292; x_wconf 82' lang='lat' dir='ltr'><strong>semicirculo</strong></span> <span class='ocrx_word' id='word_1_86' title='bbox 580 1249 644 1300; x_wconf 86' lang='lat' dir='ltr'><strong>sno,</strong></span> <span class='ocrx_word' id='word_1_87' title='bbox 668 1241 767 1303; x_wconf 91' lang='lat' dir='ltr'><strong>quarta</strong></span> <span class='ocrx_word' id='word_1_88' title='bbox 783 1231 867 1300; x_wconf 89' lang='lat' dir='ltr'><strong>igitur</strong></span> <span class='ocrx_word' id='word_1_89' title='bbox 884 1229 977 1285; x_wconf 89' lang='lat' dir='ltr'><strong>circuli</strong></span> <span class='ocrx_word' id='word_1_90' title='bbox 996 1230 1134 1299; x_wconf 74' lang='lat' dir='ltr'><strong>cuipare,</strong></span> <span class='ocrx_word' id='word_1_91' title='bbox 1158 1227 1261 1298; x_wconf 90' lang='lat' dir='ltr'><strong>quippe</strong></span> <span class='ocrx_word' id='word_1_92' title='bbox 1277 1227 1388 1284; x_wconf 88' lang='lat' dir='ltr'><strong>dimidia</strong></span> <span class='ocrx_word' id='word_1_93' title='bbox 1404 1232 1580 1301; x_wconf 80' lang='lat' dir='ltr'><strong>semicirculi,</strong></span> <span class='ocrx_word' id='word_1_94' title='bbox 1597 1235 1685 1289; x_wconf 81' lang='lat' dir='ltr'><strong>minor</strong></span> 
     </span>
     <span class='ocr_line' id='line_1_10' title="bbox 333 1306 1684 1383; baseline -0.007 -10"><span class='ocrx_word' id='word_1_95' title='bbox 333 1327 377 1375; x_wconf 87' lang='lat' dir='ltr'><strong>eat</strong></span> <span class='ocrx_word' id='word_1_96' title='bbox 399 1314 503 1371; x_wconf 81' lang='lat' dir='ltr'><strong>residui</strong></span> <span class='ocrx_word' id='word_1_97' title='bbox 525 1313 607 1383; x_wconf 88' lang='lat' dir='ltr'><strong>hujus</strong></span> <span class='ocrx_word' id='word_1_98' title='bbox 633 1312 752 1368; x_wconf 88' lang='lat' dir='ltr'><strong>dimidio.</strong></span> <span class='ocrx_word' id='word_1_99' title='bbox 789 1310 879 1379; x_wconf 76' lang='lat' dir='ltr'><strong>Quare</strong></span> <span class='ocrx_word' id='word_1_100' title='bbox 899 1317 930 1364; x_wconf 91' lang='lat' dir='ltr'><strong>nt</strong></span> <span class='ocrx_word' id='word_1_101' title='bbox 947 1309 1086 1364; x_wconf 88' lang='lat' dir='ltr'><strong>residuum</strong></span> <span class='ocrx_word' id='word_1_102' title='bbox 1110 1308 1145 1362; x_wconf 87' lang='lat' dir='ltr'><strong>nd</strong></span> <span class='ocrx_word' id='word_1_103' title='bbox 1164 1306 1258 1362; x_wconf 86' lang='lat' dir='ltr'><strong>circuli</strong></span> <span class='ocrx_word' id='word_1_104' title='bbox 1275 1309 1318 1362; x_wconf 87' lang='lat' dir='ltr'><strong>siri</strong></span> <span class='ocrx_word' id='word_1_105' title='bbox 1341 1318 1484 1379; x_wconf 88' lang='lat' dir='ltr'><strong>quartum,</strong></span> <span class='ocrx_word' id='word_1_106' title='bbox 1510 1313 1549 1366; x_wconf 91' lang='lat' dir='ltr'><strong>sic</strong></span> <span class='ocrx_word' id='word_1_107' title='bbox 1567 1313 1619 1367; x_wconf 87' lang='lat' dir='ltr'><strong>erit</strong></span> <span class='ocrx_word' id='word_1_108' title='bbox 1637 1313 1684 1367; x_wconf 91' lang='lat' dir='ltr'><strong>ali-</strong></span> 
     </span>
     <span class='ocr_line' id='line_1_11' title="bbox 332 1386 1684 1467; baseline -0.019 -15"><span class='ocrx_word' id='word_1_109' title='bbox 332 1397 394 1467; x_wconf 84' lang='lat' dir='ltr'><strong>quia</strong></span> <span class='ocrx_word' id='word_1_110' title='bbox 411 1391 528 1448; x_wconf 84' lang='lat' dir='ltr'><strong>circulus</strong></span> <span class='ocrx_word' id='word_1_111' title='bbox 546 1391 649 1446; x_wconf 78' lang='lat' dir='ltr'><strong>divisus</strong></span> <span class='ocrx_word' id='word_1_112' title='bbox 667 1407 684 1444; x_wconf 91' lang='lat' dir='ltr'><strong>a</strong></span> <span class='ocrx_word' id='word_1_113' title='bbox 701 1391 789 1460; x_wconf 87' lang='lat' dir='ltr'><strong>ligura</strong></span> <span class='ocrx_word' id='word_1_114' title='bbox 800 1386 1041 1455; x_wconf 89' lang='lat' dir='ltr'><strong>indemonstrabili‚</strong></span> <span class='ocrx_word' id='word_1_115' title='bbox 1060 1386 1095 1441; x_wconf 90' lang='lat' dir='ltr'><strong>ad</strong></span> <span class='ocrx_word' id='word_1_116' title='bbox 1107 1386 1226 1456; x_wconf 78' lang='lat' dir='ltr'><strong>aliquem</strong></span> <span class='ocrx_word' id='word_1_117' title='bbox 1238 1402 1315 1445; x_wconf 81' lang='lat' dir='ltr'><strong>suam</strong></span> <span class='ocrx_word' id='word_1_118' title='bbox 1327 1398 1433 1458; x_wconf 74' lang='lat' dir='ltr'><strong>partem</strong></span> <span class='ocrx_word' id='word_1_119' title='bbox 1449 1390 1589 1447; x_wconf 54' lang='lat' dir='ltr'><strong>divisioni,</strong></span> <span class='ocrx_word' id='word_1_120' title='bbox 1601 1391 1684 1448; x_wconf 39' lang='lat' dir='ltr'><strong>plius,</strong></span> 
     </span>
     <span class='ocr_line' id='line_1_12' title="bbox 332 1467 1685 1538; baseline -0.015 -6"><span class='ocrx_word' id='word_1_121' title='bbox 332 1476 369 1531; x_wconf 84' lang='lat' dir='ltr'><strong>tt</strong></span> <span class='ocrx_word' id='word_1_122' title='bbox 387 1473 510 1529; x_wconf 81' lang='lat' dir='ltr'><strong>dissonat</strong></span> <span class='ocrx_word' id='word_1_123' title='bbox 527 1476 603 1524; x_wconf 86' lang='lat' dir='ltr'><strong>totns</strong></span> <span class='ocrx_word' id='word_1_124' title='bbox 621 1468 684 1524; x_wconf 91' lang='lat' dir='ltr'><strong>telis</strong></span> <span class='ocrx_word' id='word_1_125' title='bbox 703 1467 820 1525; x_wconf 89' lang='lat' dir='ltr'><strong>circulus</strong></span> <span class='ocrx_word' id='word_1_126' title='bbox 839 1483 856 1521; x_wconf 90' lang='lat' dir='ltr'><strong>a</strong></span> <span class='ocrx_word' id='word_1_127' title='bbox 872 1467 922 1523; x_wconf 88' lang='lat' dir='ltr'><strong>tali</strong></span> <span class='ocrx_word' id='word_1_128' title='bbox 939 1483 989 1522; x_wconf 89' lang='lat' dir='ltr'><strong>sua</strong></span> <span class='ocrx_word' id='word_1_129' title='bbox 1007 1475 1084 1536; x_wconf 90' lang='lat' dir='ltr'><strong>parte</strong></span> <span class='ocrx_word' id='word_1_130' title='bbox 1102 1482 1152 1535; x_wconf 87' lang='lat' dir='ltr'><strong>per</strong></span> <span class='ocrx_word' id='word_1_131' title='bbox 1169 1482 1212 1522; x_wconf 86' lang='lat' dir='ltr'><strong>ax.</strong></span> <span class='ocrx_word' id='word_1_132' title='bbox 1226 1469 1264 1538; x_wconf 82' lang='grc'><strong>3.,</strong></span> <span class='ocrx_word' id='word_1_133' title='bbox 1284 1468 1528 1538; x_wconf 83' lang='lat' dir='ltr'><strong>dissonabltlgitur</strong></span> <span class='ocrx_word' id='word_1_134' title='bbox 1543 1478 1571 1525; x_wconf 74' lang='lat' dir='ltr'><strong>aa</strong></span> <span class='ocrx_word' id='word_1_135' title='bbox 1584 1471 1685 1526; x_wconf 63' lang='lat' dir='ltr'><strong>dictum</strong></span> 
     </span>
     <span class='ocr_line' id='line_1_13' title="bbox 327 1544 1685 1620; baseline -0.003 -12"><span class='ocrx_word' id='word_1_136' title='bbox 327 1550 470 1608; x_wconf 88' lang='lat' dir='ltr'><strong>&#39;residuum</strong></span> <span class='ocrx_word' id='word_1_137' title='bbox 488 1563 505 1602; x_wconf 88' lang='lat' dir='ltr'><strong>a</strong></span> <span class='ocrx_word' id='word_1_138' title='bbox 523 1546 678 1603; x_wconf 76' lang='lat' dir='ltr'><strong>circulisul</strong></span> <span class='ocrx_word' id='word_1_139' title='bbox 695 1554 806 1616; x_wconf 85' lang='lat' dir='ltr'><strong>quarta,</strong></span> <span class='ocrx_word' id='word_1_140' title='bbox 829 1561 879 1616; x_wconf 88' lang='lat' dir='ltr'><strong>per</strong></span> <span class='ocrx_word' id='word_1_141' title='bbox 897 1561 939 1601; x_wconf 85' lang='lat' dir='ltr'><strong>ar.</strong></span> <span class='ocrx_word' id='word_1_142' title='bbox 959 1547 999 1614; x_wconf 78' lang='grc'><strong>5.,</strong></span> <span class='ocrx_word' id='word_1_143' title='bbox 1022 1544 1273 1615; x_wconf 63' lang='grc' dir='ltr'>ᾱίεεοηιῢίῌςίῑιιι</span> <span class='ocrx_word' id='word_1_144' title='bbox 1291 1547 1372 1602; x_wconf 87' lang='lat' dir='ltr'><strong>ctiam</strong></span> <span class='ocrx_word' id='word_1_145' title='bbox 1395 1562 1412 1601; x_wconf 93' lang='lat' dir='ltr'><strong>a</strong></span> <span class='ocrx_word' id='word_1_146' title='bbox 1428 1553 1487 1602; x_wconf 87' lang='lat' dir='ltr'><strong>toto</strong></span> <span class='ocrx_word' id='word_1_147' title='bbox 1505 1562 1557 1603; x_wconf 85' lang='lat' dir='ltr'><strong>tuo</strong></span> <span class='ocrx_word' id='word_1_148' title='bbox 1575 1549 1685 1620; x_wconf 72' lang='lat' dir='ltr'><strong>meula,</strong></span> 
     </span>
     <span class='ocr_line' id='line_1_14' title="bbox 353 1628 1227 1685; baseline -0.027 0"><span class='ocrx_word' id='word_1_149' title='bbox 353 1646 383 1685; x_wconf 91' lang='lat' dir='ltr'><strong>er</strong></span> <span class='ocrx_word' id='word_1_150' title='bbox 418 1644 448 1685; x_wconf 95' lang='lat' dir='ltr'><strong>ro</strong></span> <span class='ocrx_word' id='word_1_151' title='bbox 470 1670 476 1680; x_wconf 96' lang='lat'>.</span> <span class='ocrx_word' id='word_1_152' title='bbox 495 1628 521 1682; x_wconf 79' lang='lat'><strong>7.</strong></span> <span class='ocrx_word' id='word_1_153' title='bbox 740 1668 743 1674; x_wconf 91' lang='lat'><em>.</em></span> <span class='ocrx_word' id='word_1_154' title='bbox 1225 1670 1227 1677; x_wconf 21' lang='grc' dir='ltr'>Ι</span> 
     </span>
     <span class='ocr_line' id='line_1_15' title="bbox 333 1644 1372 1778; baseline -0.019 3"><span class='ocrx_word' id='word_1_155' title='bbox 333 1647 352 1700; x_wconf 65' lang='lat' dir='ltr'>p</span> <span class='ocrx_word' id='word_1_156' title='bbox 399 1644 682 1773; x_wconf 56' lang='lat' dir='ltr'><strong>pcfimpjfflum</strong></span> <span class='ocrx_word' id='word_1_157' title='bbox 704 1699 750 1760; x_wconf 77' lang='lat' dir='ltr'><strong>ad</strong></span> <span class='ocrx_word' id='word_1_158' title='bbox 772 1699 838 1759; x_wconf 80' lang='lat' dir='ltr'><strong>has</strong></span> <span class='ocrx_word' id='word_1_159' title='bbox 859 1701 1161 1776; x_wconf 85' lang='lat' dir='ltr'><strong>propositiones.</strong></span> <span class='ocrx_word' id='word_1_160' title='bbox 1205 1699 1282 1761; x_wconf 83' lang='lat' dir='ltr'><strong>Sunt</strong></span> <span class='ocrx_word' id='word_1_161' title='bbox 1303 1718 1372 1778; x_wconf 82' lang='lat' dir='ltr'><strong>ergo</strong></span> 
     </span>
    </p>
   </div>
   <div class='ocr_carea' id='block_1_5' title="bbox 335 1803 1668 1869">
    <p class='ocr_par' dir='ltr' id='par_1_5' title="bbox 335 1803 1668 1869">
     <span class='ocr_line' id='line_1_16' title="bbox 335 1803 1668 1869; baseline -0.001 -11"><span class='ocrx_word' id='word_1_162' title='bbox 335 1807 567 1867; x_wconf 76' lang='lat' dir='ltr'><strong>Consonaapartea</strong></span> <span class='ocrx_word' id='word_1_163' title='bbox 614 1803 867 1856; x_wconf 77' lang='lat' dir='ltr'><strong>Consonareeldna.&#39;</strong></span> <span class='ocrx_word' id='word_1_164' title='bbox 894 1804 1018 1854; x_wconf 84' lang='lat' dir='ltr'><strong>Diasouaa</strong></span> <span class='ocrx_word' id='word_1_165' title='bbox 1034 1809 1128 1866; x_wconf 84' lang='lat' dir='ltr'><strong>partes.</strong></span> <span class='ocrx_word' id='word_1_166' title='bbox 1173 1803 1405 1853; x_wconf 78' lang='lat' dir='ltr'><strong>Dissonarsaidna</strong></span> <span class='ocrx_word' id='word_1_167' title='bbox 1451 1806 1575 1869; x_wconf 84' lang='lat' dir='ltr'><strong>liespectu</strong></span> <span class='ocrx_word' id='word_1_168' title='bbox 1589 1809 1668 1857; x_wconf 88' lang='lat' dir='ltr'><strong>totlua</strong></span> 
     </span>
    </p>
   </div>
   <div class='ocr_carea' id='block_1_6' title="bbox 912 2816 1118 2891">
    <p class='ocr_par' dir='ltr' id='par_1_6' title="bbox 912 2816 1118 2918">
     <span class='ocr_line' id='line_1_17' title="bbox 912 2816 1118 2891; baseline -0.015 0"><span class='ocrx_word' id='word_1_169' title='bbox 912 2816 1053 2891; x_wconf 77' lang='lat' dir='ltr'><strong>carus</strong></span> <span class='ocrx_word' id='word_1_170' title='bbox 1080 2816 1118 2889; x_wconf 83' lang='grc' dir='ltr'><strong>ιι.</strong></span> 
     </span>
    </p>
   </div>
   <div class='ocr_carea' id='block_1_7' title="bbox 693 2936 1337 2995">
    <p class='ocr_par' dir='ltr' id='par_1_7' title="bbox 693 2936 1337 2995">
     <span class='ocr_line' id='line_1_18' title="bbox 693 2936 1337 2995; baseline 0 0"><span class='ocrx_word' id='word_1_171' title='bbox 693 2940 741 2994; x_wconf 90' lang='lat' dir='ltr'><strong>De</strong></span> <span class='ocrx_word' id='word_1_172' title='bbox 760 2938 926 2995; x_wconf 76' lang='lat' dir='ltr'><strong>sectione</strong></span> <span class='ocrx_word' id='word_1_173' title='bbox 943 2937 1150 2993; x_wconf 84' lang='lat' dir='ltr'><strong>Harmonice</strong></span> <span class='ocrx_word' id='word_1_174' title='bbox 1167 2936 1337 2995; x_wconf 81' lang='lat' dir='ltr'><strong>Chordac.</strong></span> 
     </span>
    </p>
   </div>
   <div class='ocr_carea' id='block_1_8' title="bbox 281 3083 1695 4654">
    <p class='ocr_par' dir='ltr' id='par_1_8' title="bbox 281 3083 1695 4306">
     <span class='ocr_line' id='line_1_19' title="bbox 446 3083 1692 3166; baseline 0.003 -20"><span class='ocrx_word' id='word_1_175' title='bbox 446 3086 598 3148; x_wconf 80' lang='lat' dir='ltr'><strong>Hactenus</strong></span> <span class='ocrx_word' id='word_1_176' title='bbox 622 3087 762 3162; x_wconf 81' lang='lat' dir='ltr'><strong>originem</strong></span> <span class='ocrx_word' id='word_1_177' title='bbox 786 3085 938 3144; x_wconf 88' lang='lat' dir='ltr'><strong>docuimus</strong></span> <span class='ocrx_word' id='word_1_178' title='bbox 960 3083 1193 3144; x_wconf 77' lang='lat' dir='ltr'><strong>harmonicorum</strong></span> <span class='ocrx_word' id='word_1_179' title='bbox 1222 3086 1457 3162; x_wconf 87' lang='lat' dir='ltr'><strong>proportionum,</strong></span> <span class='ocrx_word' id='word_1_180' title='bbox 1490 3105 1613 3166; x_wconf 88' lang='lat' dir='ltr'><strong>eamque</strong></span> <span class='ocrx_word' id='word_1_181' title='bbox 1636 3089 1692 3150; x_wconf 93' lang='lat' dir='ltr'><strong>dn·</strong></span> 
     </span>
     <span class='ocr_line' id='line_1_20' title="bbox 339 3170 1692 3255; baseline 0.002 -21"><span class='ocrx_word' id='word_1_182' title='bbox 339 3176 455 3253; x_wconf 91' lang='lat' dir='ltr'><strong>plicem,</strong></span> <span class='ocrx_word' id='word_1_183' title='bbox 478 3192 568 3235; x_wconf 86' lang='lat' dir='ltr'><strong>unam</strong></span> <span class='ocrx_word' id='word_1_184' title='bbox 591 3174 789 3233; x_wconf 80' lang='lat' dir='ltr'><strong>immediatam</strong></span> <span class='ocrx_word' id='word_1_185' title='bbox 818 3172 960 3249; x_wconf 82' lang='lat' dir='ltr'><strong>aligeris</strong></span> <span class='ocrx_word' id='word_1_186' title='bbox 989 3170 1267 3231; x_wconf 79' lang='lat' dir='ltr'><strong>demonstrabilibus</strong></span> <span class='ocrx_word' id='word_1_187' title='bbox 1289 3173 1452 3251; x_wconf 85' lang='lat' dir='ltr'><strong>iisdemque</strong></span> <span class='ocrx_word' id='word_1_188' title='bbox 1482 3183 1512 3236; x_wconf 90' lang='lat' dir='ltr'><strong>et</strong></span> <span class='ocrx_word' id='word_1_189' title='bbox 1540 3182 1692 3255; x_wconf 81' lang='lat' dir='ltr'><strong>congrnle3</strong></span> 
     </span>
     <span class='ocr_line' id='line_1_21' title="bbox 339 3259 1692 3338; baseline 0.002 -16"><span class='ocrx_word' id='word_1_190' title='bbox 339 3263 460 3322; x_wconf 88' lang='lat' dir='ltr'><strong>alteram</strong></span> <span class='ocrx_word' id='word_1_191' title='bbox 488 3262 636 3322; x_wconf 85' lang='lat' dir='ltr'><strong>mediante</strong></span> <span class='ocrx_word' id='word_1_192' title='bbox 667 3262 855 3338; x_wconf 89' lang='lat' dir='ltr'><strong>proportione</strong></span> <span class='ocrx_word' id='word_1_193' title='bbox 885 3259 992 3336; x_wconf 90' lang='lat' dir='ltr'><strong>dupla,</strong></span> <span class='ocrx_word' id='word_1_194' title='bbox 1028 3276 1087 3335; x_wconf 91' lang='lat' dir='ltr'><strong>qna</strong></span> <span class='ocrx_word' id='word_1_195' title='bbox 1118 3260 1218 3318; x_wconf 90' lang='lat' dir='ltr'><strong>nititur</strong></span> <span class='ocrx_word' id='word_1_196' title='bbox 1255 3263 1511 3322; x_wconf 89' lang='lat' dir='ltr'><strong>consonantiarum</strong></span> <span class='ocrx_word' id='word_1_197' title='bbox 1546 3264 1692 3325; x_wconf 85' lang='lat' dir='ltr'><strong>identitas.</strong></span> 
     </span>
     <span class='ocr_line' id='line_1_22' title="bbox 342 3347 1694 3429; baseline 0.001 -20"><span class='ocrx_word' id='word_1_198' title='bbox 342 3349 415 3409; x_wconf 88' lang='lat' dir='ltr'><strong>Cum</strong></span> <span class='ocrx_word' id='word_1_199' title='bbox 438 3356 537 3409; x_wconf 87' lang='lat' dir='ltr'><strong>autem</strong></span> <span class='ocrx_word' id='word_1_200' title='bbox 560 3348 690 3408; x_wconf 83' lang='lat' dir='ltr'><strong>infinitae</strong></span> <span class='ocrx_word' id='word_1_201' title='bbox 712 3352 772 3408; x_wconf 91' lang='lat' dir='ltr'><strong>sint</strong></span> <span class='ocrx_word' id='word_1_202' title='bbox 793 3347 979 3406; x_wconf 84' lang='lat' dir='ltr'><strong>harmonicae</strong></span> <span class='ocrx_word' id='word_1_203' title='bbox 1001 3349 1203 3424; x_wconf 89' lang='lat' dir='ltr'><strong>proportiones</strong></span> <span class='ocrx_word' id='word_1_204' title='bbox 1227 3363 1338 3425; x_wconf 87' lang='lat' dir='ltr'><strong>eaeque</strong></span> <span class='ocrx_word' id='word_1_205' title='bbox 1362 3349 1460 3425; x_wconf 88' lang='lat' dir='ltr'><strong>quoad</strong></span> <span class='ocrx_word' id='word_1_206' title='bbox 1476 3361 1605 3411; x_wconf 87' lang='lat' dir='ltr'><strong>nostram</strong></span> <span class='ocrx_word' id='word_1_207' title='bbox 1621 3372 1694 3429; x_wconf 89' lang='lat' dir='ltr'><strong>cog·</strong></span> 
     </span>
     <span class='ocr_line' id='line_1_23' title="bbox 341 3433 1694 3511; baseline 0.004 -17"><span class='ocrx_word' id='word_1_208' title='bbox 341 3439 484 3497; x_wconf 92' lang='lat' dir='ltr'><strong>nitlonem</strong></span> <span class='ocrx_word' id='word_1_209' title='bbox 506 3436 602 3497; x_wconf 89' lang='lat' dir='ltr'><strong>adbuc</strong></span> <span class='ocrx_word' id='word_1_210' title='bbox 624 3435 724 3509; x_wconf 84' lang='lat' dir='ltr'><strong>rudes,</strong></span> <span class='ocrx_word' id='word_1_211' title='bbox 751 3433 919 3511; x_wconf 87' lang='lat' dir='ltr'><strong>impolitae,</strong></span> <span class='ocrx_word' id='word_1_212' title='bbox 948 3437 1155 3510; x_wconf 82' lang='lat' dir='ltr'><strong>inconspicuas</strong></span> <span class='ocrx_word' id='word_1_213' title='bbox 1179 3441 1208 3495; x_wconf 90' lang='lat' dir='ltr'><strong>et</strong></span> <span class='ocrx_word' id='word_1_214' title='bbox 1230 3436 1427 3497; x_wconf 85' lang='lat' dir='ltr'><strong>innominatne</strong></span> <span class='ocrx_word' id='word_1_215' title='bbox 1451 3445 1480 3498; x_wconf 89' lang='lat' dir='ltr'><strong>et</strong></span> <span class='ocrx_word' id='word_1_216' title='bbox 1503 3450 1694 3499; x_wconf 88' lang='lat' dir='ltr'><strong>coacervatae</strong></span> 
     </span>
     <span class='ocr_line' id='line_1_24' title="bbox 340 3521 1695 3605; baseline 0.003 -22"><span class='ocrx_word' id='word_1_217' title='bbox 340 3541 392 3584; x_wconf 86' lang='lat' dir='ltr'><strong>seu</strong></span> <span class='ocrx_word' id='word_1_218' title='bbox 415 3524 557 3600; x_wconf 91' lang='lat' dir='ltr'><strong>disjectae</strong></span> <span class='ocrx_word' id='word_1_219' title='bbox 578 3526 695 3601; x_wconf 89' lang='lat' dir='ltr'><strong>potius,</strong></span> <span class='ocrx_word' id='word_1_220' title='bbox 729 3530 762 3582; x_wconf 92' lang='lat' dir='ltr'><strong>ut</strong></span> <span class='ocrx_word' id='word_1_221' title='bbox 784 3523 885 3598; x_wconf 88' lang='lat' dir='ltr'><strong>aliqua</strong></span> <span class='ocrx_word' id='word_1_222' title='bbox 907 3521 1023 3581; x_wconf 89' lang='lat' dir='ltr'><strong>rudium</strong></span> <span class='ocrx_word' id='word_1_223' title='bbox 1045 3521 1176 3598; x_wconf 88' lang='lat' dir='ltr'><strong>lapidum</strong></span> <span class='ocrx_word' id='word_1_224' title='bbox 1197 3521 1402 3601; x_wconf 88' lang='lat' dir='ltr'><strong>lignonrmque</strong></span> <span class='ocrx_word' id='word_1_225' title='bbox 1432 3528 1533 3604; x_wconf 83' lang='lat' dir='ltr'><strong>copia:</strong></span> <span class='ocrx_word' id='word_1_226' title='bbox 1564 3532 1695 3605; x_wconf 90' lang='lat' dir='ltr'><strong>seqnitur</strong></span> 
     </span>
     <span class='ocr_line' id='line_1_25' title="bbox 342 3608 1695 3692; baseline 0.002 -21"><span class='ocrx_word' id='word_1_227' title='bbox 342 3621 375 3671; x_wconf 87' lang='lat' dir='ltr'><strong>nt</strong></span> <span class='ocrx_word' id='word_1_228' title='bbox 396 3611 616 3690; x_wconf 80' lang='lat' dir='ltr'><strong>progrediamur</strong></span> <span class='ocrx_word' id='word_1_229' title='bbox 638 3610 677 3670; x_wconf 92' lang='lat' dir='ltr'><strong>ad</strong></span> <span class='ocrx_word' id='word_1_230' title='bbox 699 3625 751 3669; x_wconf 91' lang='lat' dir='ltr'><strong>eae</strong></span> <span class='ocrx_word' id='word_1_231' title='bbox 774 3608 937 3686; x_wconf 88' lang='lat' dir='ltr'><strong>poliendas,</strong></span> <span class='ocrx_word' id='word_1_232' title='bbox 960 3608 1000 3668; x_wconf 90' lang='lat' dir='ltr'><strong>ad</strong></span> <span class='ocrx_word' id='word_1_233' title='bbox 1021 3611 1141 3668; x_wconf 90' lang='lat' dir='ltr'><strong>nomina</strong></span> <span class='ocrx_word' id='word_1_234' title='bbox 1162 3611 1234 3685; x_wconf 88' lang='lat' dir='ltr'><strong>ipsis</strong></span> <span class='ocrx_word' id='word_1_235' title='bbox 1257 3610 1393 3686; x_wconf 88' lang='lat' dir='ltr'><strong>indenda,</strong></span> <span class='ocrx_word' id='word_1_236' title='bbox 1417 3610 1548 3690; x_wconf 85' lang='lat' dir='ltr'><strong>deniqne</strong></span> <span class='ocrx_word' id='word_1_237' title='bbox 1565 3615 1602 3674; x_wconf 91' lang='lat' dir='ltr'><strong>ad</strong></span> <span class='ocrx_word' id='word_1_238' title='bbox 1626 3615 1695 3692; x_wconf 91' lang='lat' dir='ltr'><strong>pnl-</strong></span> 
     </span>
     <span class='ocr_line' id='line_1_26' title="bbox 281 3697 1695 3776; baseline 0.001 -17"><span class='ocrx_word' id='word_1_239' title='bbox 281 3712 289 3719; x_wconf 84' lang='lat'>&#39;</span> <span class='ocrx_word' id='word_1_240' title='bbox 341 3699 514 3760; x_wconf 87' lang='lat' dir='ltr'><strong>cherrimnm</strong></span> <span class='ocrx_word' id='word_1_241' title='bbox 537 3697 703 3758; x_wconf 86' lang='lat' dir='ltr'><strong>aedificium</strong></span> <span class='ocrx_word' id='word_1_242' title='bbox 725 3700 893 3776; x_wconf 86' lang='lat' dir='ltr'><strong>systematis</strong></span> <span class='ocrx_word' id='word_1_243' title='bbox 914 3697 1076 3775; x_wconf 77' lang='lat' dir='ltr'><strong>harmonici</strong></span> <span class='ocrx_word' id='word_1_244' title='bbox 1099 3697 1265 3758; x_wconf 84' lang='lat' dir='ltr'><strong>sensuales</strong></span> <span class='ocrx_word' id='word_1_245' title='bbox 1282 3701 1410 3759; x_wconf 89' lang='lat' dir='ltr'><strong>musicae</strong></span> <span class='ocrx_word' id='word_1_246' title='bbox 1433 3718 1469 3760; x_wconf 85' lang='lat' dir='ltr'><strong>er</strong></span> <span class='ocrx_word' id='word_1_247' title='bbox 1485 3703 1519 3760; x_wconf 86' lang='lat' dir='ltr'><strong>iis</strong></span> <span class='ocrx_word' id='word_1_248' title='bbox 1542 3708 1695 3763; x_wconf 79' lang='lat' dir='ltr'><strong>exebnen·</strong></span> 
     </span>
     <span class='ocr_line' id='line_1_27' title="bbox 341 3785 1694 3864; baseline 0 -17"><span class='ocrx_word' id='word_1_249' title='bbox 341 3787 419 3861; x_wconf 87' lang='lat' dir='ltr'><strong>dnm,</strong></span> <span class='ocrx_word' id='word_1_250' title='bbox 442 3787 526 3864; x_wconf 79' lang='lat' dir='ltr'><strong>anus</strong></span> <span class='ocrx_word' id='word_1_251' title='bbox 549 3787 719 3846; x_wconf 89' lang='lat' dir='ltr'><strong>constitutio</strong></span> <span class='ocrx_word' id='word_1_252' title='bbox 741 3802 799 3845; x_wconf 93' lang='lat' dir='ltr'><strong>non</strong></span> <span class='ocrx_word' id='word_1_253' title='bbox 823 3794 867 3845; x_wconf 90' lang='lat' dir='ltr'><strong>est</strong></span> <span class='ocrx_word' id='word_1_254' title='bbox 890 3785 1054 3857; x_wconf 85' lang='lat' dir='ltr'><strong>arbitraria,</strong></span> <span class='ocrx_word' id='word_1_255' title='bbox 1077 3791 1110 3843; x_wconf 91' lang='lat' dir='ltr'><strong>ut</strong></span> <span class='ocrx_word' id='word_1_256' title='bbox 1132 3787 1197 3860; x_wconf 90' lang='lat' dir='ltr'><strong>quia</strong></span> <span class='ocrx_word' id='word_1_257' title='bbox 1221 3788 1351 3862; x_wconf 87' lang='lat' dir='ltr'><strong>cogitare</strong></span> <span class='ocrx_word' id='word_1_258' title='bbox 1373 3790 1483 3864; x_wconf 87' lang='lat' dir='ltr'><strong>possit,</strong></span> <span class='ocrx_word' id='word_1_259' title='bbox 1506 3805 1564 3848; x_wconf 90' lang='lat' dir='ltr'><strong>non</strong></span> <span class='ocrx_word' id='word_1_260' title='bbox 1589 3793 1694 3851; x_wconf 83' lang='lat' dir='ltr'><strong>inven-</strong></span> 
     </span>
     <span class='ocr_line' id='line_1_28' title="bbox 341 3871 1695 3952; baseline 0.001 -17"><span class='ocrx_word' id='word_1_261' title='bbox 341 3882 404 3935; x_wconf 88' lang='lat' dir='ltr'><strong>tum</strong></span> <span class='ocrx_word' id='word_1_262' title='bbox 425 3873 586 3934; x_wconf 90' lang='lat' dir='ltr'><strong>humanum</strong></span> <span class='ocrx_word' id='word_1_263' title='bbox 607 3871 682 3947; x_wconf 90' lang='lat' dir='ltr'><strong>tale,</strong></span> <span class='ocrx_word' id='word_1_264' title='bbox 706 3873 785 3949; x_wconf 88' lang='lat' dir='ltr'><strong>qnod</strong></span> <span class='ocrx_word' id='word_1_265' title='bbox 807 3874 912 3933; x_wconf 88' lang='lat' dir='ltr'><strong>mutari</strong></span> <span class='ocrx_word' id='word_1_266' title='bbox 936 3875 1025 3932; x_wconf 89' lang='lat' dir='ltr'><strong>etiam</strong></span> <span class='ocrx_word' id='word_1_267' title='bbox 1046 3873 1156 3952; x_wconf 88' lang='lat' dir='ltr'><strong>possit,</strong></span> <span class='ocrx_word' id='word_1_268' title='bbox 1183 3873 1233 3934; x_wconf 87' lang='lat' dir='ltr'><strong>sed</strong></span> <span class='ocrx_word' id='word_1_269' title='bbox 1256 3874 1514 3935; x_wconf 87' lang='lat' dir='ltr'><strong>rationabilissima</strong></span> <span class='ocrx_word' id='word_1_270' title='bbox 1536 3877 1695 3937; x_wconf 90' lang='lat' dir='ltr'><strong>naturalis·</strong></span> 
     </span>
     <span class='ocr_line' id='line_1_29' title="bbox 340 3958 1694 4040; baseline 0.002 -18"><span class='ocrx_word' id='word_1_271' title='bbox 340 3963 488 4038; x_wconf 72' lang='lat' dir='ltr'><strong>urnaque,</strong></span> <span class='ocrx_word' id='word_1_272' title='bbox 521 3960 596 4022; x_wconf 86' lang='lat' dir='ltr'><strong>adeo</strong></span> <span class='ocrx_word' id='word_1_273' title='bbox 626 3968 659 4019; x_wconf 89' lang='lat' dir='ltr'><strong>nt</strong></span> <span class='ocrx_word' id='word_1_274' title='bbox 685 3959 767 4020; x_wconf 88' lang='lat' dir='ltr'><strong>Dens</strong></span> <span class='ocrx_word' id='word_1_275' title='bbox 794 3962 858 4038; x_wconf 93' lang='lat' dir='ltr'><strong>ipse</strong></span> <span class='ocrx_word' id='word_1_276' title='bbox 887 3959 1008 4021; x_wconf 83' lang='lat' dir='ltr'><strong>Creator</strong></span> <span class='ocrx_word' id='word_1_277' title='bbox 1044 3958 1125 4019; x_wconf 89' lang='lat' dir='ltr'><strong>iliam</strong></span> <span class='ocrx_word' id='word_1_278' title='bbox 1156 3964 1331 4038; x_wconf 81' lang='lat' dir='ltr'><strong>expresserit</strong></span> <span class='ocrx_word' id='word_1_279' title='bbox 1367 3965 1396 4020; x_wconf 92' lang='lat' dir='ltr'><strong>in</strong></span> <span class='ocrx_word' id='word_1_280' title='bbox 1428 3967 1694 4040; x_wconf 89' lang='lat' dir='ltr'><strong>contemperatione</strong></span> 
     </span>
     <span class='ocr_line' id='line_1_30' title="bbox 343 4047 1694 4126; baseline 0 -15"><span class='ocrx_word' id='word_1_281' title='bbox 343 4048 475 4111; x_wconf 87' lang='lat' dir='ltr'><strong>motnnni</strong></span> <span class='ocrx_word' id='word_1_282' title='bbox 499 4048 680 4110; x_wconf 87' lang='lat' dir='ltr'><strong>coelestium.</strong></span> <span class='ocrx_word' id='word_1_283' title='bbox 725 4047 975 4126; x_wconf 80' lang='lat' dir='ltr'><strong>Coagmentantnr</strong></span> <span class='ocrx_word' id='word_1_284' title='bbox 996 4055 1095 4107; x_wconf 89' lang='lat' dir='ltr'><strong>autern</strong></span> <span class='ocrx_word' id='word_1_285' title='bbox 1116 4051 1320 4125; x_wconf 90' lang='lat' dir='ltr'><strong>proportiones</strong></span> <span class='ocrx_word' id='word_1_286' title='bbox 1342 4049 1528 4111; x_wconf 87' lang='lat' dir='ltr'><strong>harmonicae</strong></span> <span class='ocrx_word' id='word_1_287' title='bbox 1550 4054 1580 4109; x_wconf 93' lang='lat' dir='ltr'><strong>in</strong></span> <span class='ocrx_word' id='word_1_288' title='bbox 1603 4070 1694 4112; x_wconf 89' lang='lat' dir='ltr'><strong>unum</strong></span> 
     </span>
     <span class='ocr_line' id='line_1_31' title="bbox 340 4135 1693 4217; baseline 0.001 -18"><span class='ocrx_word' id='word_1_289' title='bbox 340 4146 470 4217; x_wconf 73' lang='lat' dir='ltr'><strong>system</strong></span> <span class='ocrx_word' id='word_1_290' title='bbox 495 4154 548 4214; x_wconf 88' lang='lat' dir='ltr'><strong>per</strong></span> <span class='ocrx_word' id='word_1_291' title='bbox 577 4139 721 4197; x_wconf 85' lang='lat' dir='ltr'><strong>sactiones</strong></span> <span class='ocrx_word' id='word_1_292' title='bbox 751 4136 877 4197; x_wconf 85' lang='lat' dir='ltr'><strong>chordae</strong></span> <span class='ocrx_word' id='word_1_293' title='bbox 900 4135 1100 4209; x_wconf 87' lang='lat' dir='ltr'><strong>harmonicae,</strong></span> <span class='ocrx_word' id='word_1_294' title='bbox 1132 4152 1209 4211; x_wconf 89' lang='lat' dir='ltr'><strong>quae</strong></span> <span class='ocrx_word' id='word_1_295' title='bbox 1232 4146 1305 4212; x_wconf 89' lang='lat' dir='ltr'><strong>quot</strong></span> <span class='ocrx_word' id='word_1_296' title='bbox 1334 4138 1393 4197; x_wconf 88' lang='lat' dir='ltr'><strong>sint</strong></span> <span class='ocrx_word' id='word_1_297' title='bbox 1415 4154 1552 4214; x_wconf 89' lang='lat' dir='ltr'><strong>numero,</strong></span> <span class='ocrx_word' id='word_1_298' title='bbox 1583 4139 1614 4199; x_wconf 92' lang='lat' dir='ltr'><strong>id</strong></span> <span class='ocrx_word' id='word_1_299' title='bbox 1635 4140 1693 4202; x_wconf 90' lang='lat' dir='ltr'><strong>boc</strong></span> 
     </span>
     <span class='ocr_line' id='line_1_32' title="bbox 341 4220 770 4306; baseline -0.014 -18"><span class='ocrx_word' id='word_1_300' title='bbox 341 4228 437 4306; x_wconf 90' lang='lat' dir='ltr'><strong>capite</strong></span> <span class='ocrx_word' id='word_1_301' title='bbox 458 4220 685 4305; x_wconf 90' lang='lat' dir='ltr'><strong>perquirendum</strong></span> <span class='ocrx_word' id='word_1_302' title='bbox 707 4224 770 4284; x_wconf 90' lang='lat' dir='ltr'><strong>erit.</strong></span> 
     </span>
    </p>

    <p class='ocr_par' dir='ltr' id='par_1_9' title="bbox 435 4308 1695 4654">
     <span class='ocr_line' id='line_1_33' title="bbox 435 4308 1695 4393; baseline 0.004 -23"><span class='ocrx_word' id='word_1_303' title='bbox 435 4320 443 4335; x_wconf 87' lang='lat'><strong>·</strong></span> <span class='ocrx_word' id='word_1_304' title='bbox 637 4311 837 4373; x_wconf 76' lang='lat' dir='ltr'><strong>Definitio.</strong></span> <span class='ocrx_word' id='word_1_305' title='bbox 882 4308 957 4369; x_wconf 82' lang='lat' dir='ltr'><strong>Cum</strong></span> <span class='ocrx_word' id='word_1_306' title='bbox 979 4315 1043 4369; x_wconf 91' lang='lat' dir='ltr'><strong>tota</strong></span> <span class='ocrx_word' id='word_1_307' title='bbox 1064 4308 1174 4393; x_wconf 80' lang='lat' dir='ltr'><strong>chorda</strong></span> <span class='ocrx_word' id='word_1_308' title='bbox 1195 4317 1311 4371; x_wconf 88' lang='lat' dir='ltr'><strong>secatur</strong></span> <span class='ocrx_word' id='word_1_309' title='bbox 1332 4311 1361 4368; x_wconf 89' lang='lat' dir='ltr'><strong>in</strong></span> <span class='ocrx_word' id='word_1_310' title='bbox 1383 4318 1481 4388; x_wconf 86' lang='lat' dir='ltr'><strong>partes</strong></span> <span class='ocrx_word' id='word_1_311' title='bbox 1503 4313 1594 4386; x_wconf 87' lang='lat' dir='ltr'><strong>tales,</strong></span> <span class='ocrx_word' id='word_1_312' title='bbox 1618 4331 1695 4391; x_wconf 88' lang='lat' dir='ltr'><strong>quae</strong></span> 
     </span>
     <span class='ocr_line' id='line_1_34' title="bbox 546 4397 1694 4473; baseline 0.001 -12"><span class='ocrx_word' id='word_1_313' title='bbox 546 4406 576 4461; x_wconf 90' lang='lat' dir='ltr'><strong>et</strong></span> <span class='ocrx_word' id='word_1_314' title='bbox 597 4402 672 4460; x_wconf 90' lang='lat' dir='ltr'><strong>inter</strong></span> <span class='ocrx_word' id='word_1_315' title='bbox 694 4416 726 4460; x_wconf 91' lang='lat' dir='ltr'><strong>se</strong></span> <span class='ocrx_word' id='word_1_316' title='bbox 748 4406 778 4459; x_wconf 89' lang='lat' dir='ltr'><strong>ct</strong></span> <span class='ocrx_word' id='word_1_317' title='bbox 800 4416 867 4458; x_wconf 87' lang='lat' dir='ltr'><strong>cunr</strong></span> <span class='ocrx_word' id='word_1_318' title='bbox 889 4406 953 4457; x_wconf 90' lang='lat' dir='ltr'><strong>tota</strong></span> <span class='ocrx_word' id='word_1_319' title='bbox 975 4397 1109 4473; x_wconf 86' lang='lat' dir='ltr'><strong>singulae</strong></span> <span class='ocrx_word' id='word_1_320' title='bbox 1132 4405 1308 4472; x_wconf 88' lang='lat' dir='ltr'><strong>consonent,</strong></span> <span class='ocrx_word' id='word_1_321' title='bbox 1331 4401 1423 4459; x_wconf 89' lang='lat' dir='ltr'><strong>sectio</strong></span> <span class='ocrx_word' id='word_1_322' title='bbox 1446 4399 1616 4461; x_wconf 87' lang='lat' dir='ltr'><strong>harmonica</strong></span> <span class='ocrx_word' id='word_1_323' title='bbox 1637 4419 1694 4462; x_wconf 91' lang='lat' dir='ltr'><strong>no·</strong></span> 
     </span>
     <span class='ocr_line' id='line_1_35' title="bbox 546 4482 1693 4572; baseline 0.002 -25"><span class='ocrx_word' id='word_1_324' title='bbox 546 4489 591 4547; x_wconf 92' lang='lat' dir='ltr'><strong>bis</strong></span> <span class='ocrx_word' id='word_1_325' title='bbox 614 4487 734 4547; x_wconf 88' lang='lat' dir='ltr'><strong>dicetur.</strong></span> <span class='ocrx_word' id='word_1_326' title='bbox 779 4484 910 4546; x_wconf 87' lang='lat' dir='ltr'><strong>Medium</strong></span> <span class='ocrx_word' id='word_1_327' title='bbox 932 4500 1003 4544; x_wconf 86' lang='lat' dir='ltr'><strong>vcro</strong></span> <span class='ocrx_word' id='word_1_328' title='bbox 1025 4487 1162 4545; x_wconf 91' lang='lat' dir='ltr'><strong>secliouis</strong></span> <span class='ocrx_word' id='word_1_329' title='bbox 1177 4484 1274 4562; x_wconf 80' lang='lat' dir='ltr'><strong>liujus,</strong></span> <span class='ocrx_word' id='word_1_330' title='bbox 1297 4488 1407 4548; x_wconf 89' lang='lat' dir='ltr'><strong>musice</strong></span> <span class='ocrx_word' id='word_1_331' title='bbox 1424 4482 1470 4569; x_wconf 91' lang='lat' dir='ltr'><strong>(id</strong></span> <span class='ocrx_word' id='word_1_332' title='bbox 1489 4496 1534 4548; x_wconf 86' lang='lat' dir='ltr'><strong>est</strong></span> <span class='ocrx_word' id='word_1_333' title='bbox 1548 4485 1693 4572; x_wconf 84' lang='lat' dir='ltr'><strong>consone)</strong></span> 
     </span>
     <span class='ocr_line' id='line_1_36' title="bbox 545 4571 1694 4654; baseline 0.003 -22"><span class='ocrx_word' id='word_1_334' title='bbox 545 4577 796 4654; x_wconf 85' lang='lat' dir='ltr'><strong>proportionatae,</strong></span> <span class='ocrx_word' id='word_1_335' title='bbox 818 4581 864 4635; x_wconf 89' lang='lat' dir='ltr'><strong>est</strong></span> <span class='ocrx_word' id='word_1_336' title='bbox 879 4575 1004 4651; x_wconf 89' lang='lat' dir='ltr'><strong>partium</strong></span> <span class='ocrx_word' id='word_1_337' title='bbox 1021 4571 1144 4632; x_wconf 91' lang='lat' dir='ltr'><strong>duarum</strong></span> <span class='ocrx_word' id='word_1_338' title='bbox 1160 4572 1327 4649; x_wconf 87' lang='lat' dir='ltr'><strong>aequalium</strong></span> <span class='ocrx_word' id='word_1_339' title='bbox 1344 4590 1416 4649; x_wconf 91' lang='lat' dir='ltr'><strong>une,</strong></span> <span class='ocrx_word' id='word_1_340' title='bbox 1439 4575 1488 4635; x_wconf 90' lang='lat' dir='ltr'><strong>rel</strong></span> <span class='ocrx_word' id='word_1_341' title='bbox 1510 4578 1535 4634; x_wconf 93' lang='lat' dir='ltr'><strong>ei</strong></span> <span class='ocrx_word' id='word_1_342' title='bbox 1551 4579 1694 4654; x_wconf 90' lang='lat' dir='ltr'><strong>inaequa-</strong></span> 
     </span>
    </p>
   </div>
   <div class='ocr_carea' id='block_1_9' title="bbox 369 4828 1693 4985">
    <p class='ocr_par' dir='ltr' id='par_1_10' title="bbox 369 4828 1693 4985">
     <span class='ocr_line' id='line_1_37' title="bbox 637 4828 1693 4903; baseline 0.002 -14"><span class='ocrx_word' id='word_1_343' title='bbox 637 4833 771 4889; x_wconf 89' lang='lat' dir='ltr'><strong>Obeerret</strong></span> <span class='ocrx_word' id='word_1_344' title='bbox 793 4839 932 4903; x_wconf 73' lang='lat' dir='ltr'><strong>geometra</strong></span> <span class='ocrx_word' id='word_1_345' title='bbox 956 4828 1109 4899; x_wconf 75' lang='lat' dir='ltr'><strong>andagium</strong></span> <span class='ocrx_word' id='word_1_346' title='bbox 1131 4829 1316 4901; x_wconf 83' lang='lat' dir='ltr'><strong>proportionis</strong></span> <span class='ocrx_word' id='word_1_347' title='bbox 1334 4830 1441 4899; x_wconf 79' lang='lat' dir='ltr'><strong>divinae</strong></span> <span class='ocrx_word' id='word_1_348' title='bbox 1466 4848 1515 4889; x_wconf 86' lang='lat' dir='ltr'><strong>eeu</strong></span> <span class='ocrx_word' id='word_1_349' title='bbox 1543 4833 1693 4891; x_wconf 82' lang='lat' dir='ltr'><strong>secundum</strong></span> 
     </span>
     <span class='ocr_line' id='line_1_38' title="bbox 369 4908 1693 4985; baseline 0.001 -15"><span class='ocrx_word' id='word_1_350' title='bbox 369 4918 489 4970; x_wconf 79' lang='lat' dir='ltr'><strong>lianema</strong></span> <span class='ocrx_word' id='word_1_351' title='bbox 547 4919 670 4969; x_wconf 86' lang='lat' dir='ltr'><strong>extrema</strong></span> <span class='ocrx_word' id='word_1_352' title='bbox 688 4918 716 4967; x_wconf 89' lang='lat' dir='ltr'><strong>et</strong></span> <span class='ocrx_word' id='word_1_353' title='bbox 731 4911 859 4979; x_wconf 88' lang='lat' dir='ltr'><strong>medium,</strong></span> <span class='ocrx_word' id='word_1_354' title='bbox 876 4910 906 4965; x_wconf 90' lang='lat' dir='ltr'><strong>in</strong></span> <span class='ocrx_word' id='word_1_355' title='bbox 922 4926 979 4979; x_wconf 90' lang='lat' dir='ltr'><strong>qna</strong></span> <span class='ocrx_word' id='word_1_356' title='bbox 996 4917 1056 4965; x_wconf 88' lang='lat' dir='ltr'><strong>tota</strong></span> <span class='ocrx_word' id='word_1_357' title='bbox 1072 4908 1158 4965; x_wconf 82' lang='lat' dir='ltr'><strong>habet</strong></span> <span class='ocrx_word' id='word_1_358' title='bbox 1175 4910 1291 4967; x_wconf 90' lang='lat' dir='ltr'><strong>eandem</strong></span> <span class='ocrx_word' id='word_1_359' title='bbox 1307 4910 1514 4983; x_wconf 88' lang='lat' dir='ltr'><strong>proportionem</strong></span> <span class='ocrx_word' id='word_1_360' title='bbox 1533 4911 1570 4970; x_wconf 86' lang='lat' dir='ltr'><strong>ad</strong></span> <span class='ocrx_word' id='word_1_361' title='bbox 1586 4920 1693 4985; x_wconf 82' lang='lat' dir='ltr'><strong>partem</strong></span> 
     </span>
    </p>
   </div>
   <div class='ocr_carea' id='block_1_10' title="bbox 0 0 1909 5860">
    <p class='ocr_par' dir='ltr' id='par_1_11' title="bbox 0 0 1909 5860">
     <span class='ocr_line' id='line_1_39' title="bbox 0 0 1909 5860; baseline 0 0"><span class='ocrx_word' id='word_1_362' title='bbox 0 0 1909 5860; x_wconf 95' lang='lat' dir='ltr'><strong> </strong></span> 
     </span>
    </p>
   </div>
  </div>
 </body>
</html>
