3792 5860
332 452 395 517 100
707 488 712 497 ·
772 452 775 459 '
863 445 906 505 De
922 443 1150 516 nocumentum

329 628 459 691 bouum
503 626 579 689 llam
602 631 633 685 at
657 626 712 687 riri
730 626 922 689 amman
935 625 1115 702 proceriores
1129 622 1254 697 leminis,
1278 624 1371 686 adulti
1390 626 1498 703 pneris,
1516 626 1686 702 ¹graviorem

331 718 420 777 etiam
449 730 552 777 votnm
580 715 731 787 emittunt,
761 714 847 789 quasi
875 711 1049 789 profundius
1076 713 1216 787 petitamt
1245 720 1277 774 st
1302 712 1412 789 singuli
1442 713 1590 787 hommes,
1620 715 1686 788 ipso

328 820 418 865 sensu
440 808 537 863 arms
561 799 695 874 docente
719 802 886 877 gratiorem
908 817 1012 862 rocem
1030 797 1207 878 molendina
1227 799 1358 873 elicium,
1381 800 1514 861 altiorem
1535 803 1686 878 superium

330 899 361 951 et
382 891 433 965 qni
454 888 628 966 marimum
650 895 780 959 cantmt
804 904 911 965 eorpus
932 886 1101 959 exundant,
1125 893 1260 965 utquam
1275 888 1502 964 profundissime
1517 905 1575 947 ror
1591 895 1686 947 erest.

330 976 468 1039 Tendunt
489 976 608 1053 quidem
631 975 739 1036 coibrm
762 977 868 1048 etiam,
891 977 941 1052 qni
965 982 1051 1036 acute
1073 980 1195 1048 canum,
1224 974 1279 1035 aad
1298 992 1356 1035 non
1381 985 1414 1036 ot
1434 975 1556 1050 longum
1577 975 1686 1036 collum

331 1064 456 1136 iaciant,
478 1063 532 1125 sed
554 1074 587 1123 ut
610 1065 719 1123 rectius
743 1064 944 1140 constringant
964 1079 1117 1140 supremos
1139 1060 1263 1122 circulos
1285 1064 1421 1139 gutturis.

417 1149 473 1211 His
495 1152 584 1229 igitur
606 1150 643 1210 de
666 1153 765 1213 causis
793 1159 881 1210 natos
904 1161 950 1211 est
975 1151 1006 1209 in
1029 1149 1206 1210 harmonicis
1233 1157 1392 1226 conceptus
1414 1151 1467 1209 alti
1489 1160 1520 1210 et
1540 1147 1687 1225 petunda

331 1254 384 1316 pro
406 1254 467 1314 qno
489 1238 592 1301 crebro
613 1237 789 1317 usbmanrus
810 1245 930 1299 acutum
952 1246 982 1299 et
1003 1254 1101 1314 grave.
1147 1235 1222 1296 Cum
1244 1237 1332 1312 igitur
1355 1236 1446 1298 altum
1469 1243 1497 1296 et
1512 1236 1687 1314 prolrrndum

331 1326 390 1386 sint
412 1325 486 1385 elias
508 1324 655 1387 vocabula
677 1325 744 1397 loci,
767 1325 949 1387 corauetndo
972 1326 1114 1404 sermonis
1136 1323 1210 1384 haec
1231 1340 1287 1384 sus
1309 1325 1455 1402 principia
1480 1335 1581 1385 secuta
1604 1326 1687 1384 vocl-

332 1415 387 1475 bus
417 1415 508 1475 aiam
538 1412 569 1473 id
591 1411 810 1485 accommodat,
841 1413 921 1489 quod
950 1411 1081 1489 locorum
1104 1419 1149 1470 est
1178 1413 1346 1488 proprium,
1376 1413 1488 1471 seilicet
1520 1411 1686 1486 intervalla,

331 1516 435 1578 graece
458 1505 648 1578 ὅιαστημαια.
693 1500 769 1561 Nam
791 1499 858 1560 lona
880 1507 1037 1571 tamarae,
1076 1498 1184 1559 distare
1200 1499 1344 1559 dicantur.
1383 1500 1518 1575 Βιιιὶιιιιο
1533 1498 1687 1576 disciplina

334 1587 504 1651 harmonica
533 1587 609 1649 banc
631 1605 743 1669 vocem,
763 1588 852 1649 etinm
882 1590 911 1647 in
939 1589 1069 1665 picturas
1095 1603 1149 1647 aen
1179 1584 1393 1661 diagrammata
1418 1604 1474 1646 sna
1502 1582 1556 1668 (ds
1578 1586 1687 1662 quibos

332 1670 467 1757 interius)
490 1673 648 1749 naasruln,
671 1694 749 1752 quae
772 1674 839 1735 altis
862 1684 891 1736 et
914 1673 1067 1752 protunda
1089 1673 1176 1735 lineis
1190 1679 1335 1744 constant,
1360 1691 1419 1751 quo
1433 1681 1519 1751 pacta
1535 1676 1686 1734 restitutus

333 1769 379 1823 art
401 1762 444 1823 ilii
463 1778 568 1823 sensus
590 1765 795 1838 geometricus.

420 1847 504 1925 Quae
533 1851 622 1927 igitar
649 1851 792 1911 haetenus
822 1848 994 1913 dicebantur
1022 1850 1226 1926 proportiones
1253 1846 1441 1928 chordarum,
1477 1848 1508 1907 in
1537 1855 1687 1925 postorum

333 1936 392 1999 lere
416 1935 554 1997 dicentur
570 1937 725 2001 intervalla
748 1954 870 2012 vocum,
893 1956 967 2015 qaas
989 1939 1127 1999 emittunt
1149 1935 1276 1996 chordae
1298 1934 1488 2010 longitudinis
1511 1935 1686 2012 inaequalis.

333 2023 409 2087 Nam
439 2041 535 2093 voees,
559 2023 637 2085 idem
667 2033 819 2099 sonantes,
848 2026 957 2103 quibus
987 2023 1164 2101 respondent
1193 2020 1321 2083 chordae
1350 2040 1387 2080 ex
1409 2020 1574 2099 aequaliter
1596 2026 1687 2084 tensis

335 2127 430 2187 aeque
457 2110 580 2186 longae,
610 2113 796 2173 intervallum
825 2131 884 2174 non
911 2112 1036 2185 iaciunt,
1066 2128 1133 2172 oum
1162 2108 1225 2168 siut'
1250 2108 1415 2177 altitudinis
1438 2108 1579 2186 ejusdem
1623 2112 1687 2171 Etsi

334 2198 410 2259 libro
432 2195 469 2258 V.
493 2198 698 2261 abstinendum
722 2203 777 2261 erit
797 2203 837 2262 ab
859 2202 917 2269 hoc
938 2216 1026 2261 sensu
1049 2201 1131 2260 vocis
1153 2195 1349 2270 intervallum,
1374 2208 1528 2273 propterca
1543 2198 1624 2274 quod
1646 2201 1689 2258 ibi

336 2286 437 2349 crebro
459 2303 514 2346 usn
537 2288 698 2364 repetenda
717 2292 772 2348 erit
795 2306 853 2349 rcx
875 2291 933 2348 ista
955 2291 985 2345 in
1006 2303 1095 2346 sensu
1117 2287 1323 2359 andronico,
1351 2284 1388 2345 do
1409 2284 1490 2345 linea
1512 2294 1592 2346 recta
1614 2289 1689 2346 inter

335 2390 440 2451 corpus
462 2371 598 2451 planetae
620 2383 650 2436 et
672 2375 780 2448 Solem,
803 2379 872 2437 item
887 2374 925 2439 da
939 2392 975 2436 eo
990 2375 1098 2451 spatio,
1119 2373 1199 2450 quod
1216 2375 1292 2435 inter
1306 2374 1439 2432 diversos
1455 2370 1542 2433 orbes
1557 2376 1687 2435 interest.

420 2459 511 2520 Porro
533 2468 609 2522 sicut
630 2463 817 2540 praecedenti
840 2465 936 2541 capite
957 2463 1162 2541 proportiones
1185 2461 1321 2522 bilariam
1344 2458 1617 2533 considerabantur,
1645 2480 1686 2522 ss.

337 2546 384 2607 rel
406 2547 541 2624 singulae
563 2566 614 2625 per
636 2566 668 2611 ae
692 2552 780 2627 ipsas,
804 2551 851 2611 vel
874 2552 1000 2609 invicem
1024 2554 1210 2625 comparatae
1233 2550 1456 2618 carmardtnrs,
1480 2550 1530 2623 qui
1547 2549 1688 2610 extende·

336 2635 423 2697 batur
443 2651 463 2693 a
485 2638 666 2712 compositae
687 2636 813 2715 aliquus
836 2639 1039 2717 proportionis
1055 2639 1178 2696 termino
1199 2653 1254 2697 seu
1276 2634 1384 2698 chorda
1405 2634 1508 2694 minori
1531 2634 1568 2694 ad
1591 2637 1689 2714 majo·
1739 2682 1742 2687 Α

336 2738 397 2785 tem
423 2721 471 2781 rel
493 2720 655 2801 longiorem
677 2732 707 2784 et
729 2727 873 2785 uicissim:
905 2726 948 2783 sic
971 2741 1048 2784 nunc
1075 2726 1165 2785 etiem
1188 2722 1343 2785 intervalla
1374 2721 1421 2786 vel
1444 2721 1561 2797 singula
1582 2741 1634 2801 per
1656 2741 1689 2783 se

337 2808 385 2869 vel
409 2811 534 2881 invicem
557 2818 725 2889 comparata
748 2812 969 2874 considerantur
990 2829 1082 2874 causa
1103 2811 1161 2877 loci
1184 2810 1360 2887 harmonici;
1390 2818 1423 2870 ut
1445 2819 1475 2871 et
1496 2811 1527 2869 in
1550 2813 1689 2873 contirma
1726 2861 1733 2877 ,

338 2895 520 2958 ordinatione
543 2900 657 2975 aliquot
678 2900 897 2980 intervallorum
921 2896 980 2981 (sic
993 2968 996 2973 ,
1009 2909 1041 2959 ut
1063 2899 1133 2959 bina
1154 2916 1269 2977 semper
1292 2901 1430 2981 contigua
1462 2897 1591 2957 habeant
1613 2916 1688 2959 eun·

338 2982 404 3047 dem
427 2986 583 3047 terminum
598 3002 790 3062 communem,
814 2991 864 3064 qui
887 2988 925 3047 sit
939 2988 1027 3046 nnius
1050 2986 1144 3062 major
1165 2988 1315 3059 terminus,
1340 2986 1463 3049 alterius
1482 2986 1627 3060 vergentis
1650 2986 1688 3046 ad
1784 3040 1787 3047 .

220 3070 226 3079 ‘
337 3073 487 3149 graviores
510 3088 599 3133 voces
628 3071 756 3157 minor),
788 3092 903 3152 semper
929 3073 1002 3135 illud
1030 3074 1215 3135 intervallum
1244 3074 1358 3137 dicatur
1383 3072 1517 3143 inferius,
1542 3072 1621 3149 qnod
1644 3082 1690 3137 ert

336 3160 411 3219 inter
433 3175 521 3219 voces
542 3162 709 3237 graviores,
739 3161 812 3223 illud
842 3164 990 3239 superius,
1023 3161 1102 3238 quod
1129 3170 1174 3222 est
1196 3164 1271 3222 iuter
1298 3163 1452 3223 acutiores.
1498 3161 1535 3220 nt
1563 3162 1592 3221 iu
1615 3179 1689 3237 qno·

262 3284 271 3290 -
336 3246 439 3309 metria
460 3246 578 3323 quidem
600 3251 803 3326 proportiones
824 3255 1022 3326 agnoscuntur
1043 3247 1193 3325 aequales,
1217 3250 1286 3311 licet
1308 3252 1367 3311 sint
1381 3247 1552 3324 inaequales
1574 3251 1689 3308 termini

336 3334 422 3397 unius
437 3335 567 3394 terminis
579 3336 710 3416 abarim
732 3346 762 3413 et
772 3354 908 3399 excessus
919 3339 1107 3399 terminorum
1122 3339 1210 3397 unius
1224 3337 1387 3416 inaequalis
1400 3338 1531 3397 mosasui
1548 3338 1689 3401 termino·

336 3438 399 3482 rum
413 3417 550 3498 alterius;
574 3430 607 3483 ut
627 3425 652 3491 si
675 3426 733 3483 sint
755 3432 813 3485 tres
837 3424 963 3485 chordae
978 3426 1007 3482 in
1021 3426 1209 3501 proportione
1223 3441 1407 3486 numerorum
1424 3425 1455 3501 4,
1480 3425 1508 3495 6,
1532 3426 1561 3496 9,
1585 3424 1688 3485 eadem

337 3514 470 3573 censetur
501 3513 651 3587 proportio
675 3507 716 3593 Ἴ,
743 3528 821 3588 quae
844 3507 901 3593 ll„
930 3529 989 3570 non
1019 3512 1169 3586 obstante,
1199 3512 1279 3589 quud
1302 3529 1368 3577 cuna
1389 3514 1447 3588 ipsi
1470 3511 1602 3581 termini,
1626 3520 1688 3572 tom

338 3598 428 3659 otiam
450 3612 588 3657 excessus
612 3600 631 3659 2
655 3606 685 3658 et
707 3600 726 3657 3
750 3600 920 3675 inaequales
947 3609 1024 3658 suut
1069 3598 1104 3658 In
1126 3599 1295 3663 harmonice
1322 3599 1575 3663 similiter-omnia
1597 3602 1688 3659 intar-

337 3683 416 3747 salla
437 3701 544 3744 vocum
566 3702 585 3744 a
607 3684 731 3759 chordis,
755 3704 832 3763 quse
855 3684 1068 3763 euntejusdem
1083 3690 1291 3763 proportionis,
1313 3688 1492 3748 venantium
1514 3695 1543 3745 et
1563 3701 1688 3747 censen-

338 3782 383 3833 tur
406 3770 544 3847 aequalia
575 3778 604 3832 et
626 3775 791 3835 scribuntur
813 3777 901 3834 etiam
924 3781 996 3834 nota
1017 3776 1166 3835 numerica
1189 3774 1308 3848 eedem,
1339 3777 1411 3850 quin
1435 3775 1524 3833 etiam
1546 3773 1689 3833 lineantm

337 3856 500 3920 intervallis
522 3858 696 3935 aequalibus
718 3863 877 3938 pinguntur
908 3862 937 3919 in
961 3860 1186 3938 diagrammate3
1215 3865 1259 3924 sio
1280 3871 1314 3925 ut
1336 3864 1452 3939 penitus
1479 3858 1689 3919 obliviscamur

336 3947 400 4023 ejus
423 3947 657 4022 inaequalitatis,
689 3966 766 4024 quae
787 3958 830 4008 est
853 3949 928 4010 iuter
951 3966 1088 4029 excessus
1110 3949 1291 4013 diversarum
1321 3949 1505 4011 chordarum.
1549 3946 1689 4022 Sequitur

336 4034 433 4109 igitur,
456 4040 490 4094 ut
510 4035 705 4110 proportionis
727 4037 847 4095 minoris
869 4036 1026 4097 intervalla
1041 4038 1154 4099 minora
1177 4036 1317 4108 dicamus,
1341 4036 1461 4113 maJ‘cris
1481 4034 1601 4108 majora,
1624 4036 1688 4095 siae

336 4129 469 4203 respectu
492 4120 700 4196 magnitudinis
723 4131 775 4183 aut
797 4127 951 4200 parvitatis
972 4123 1210 4201 respondentium
1233 4128 1368 4202 utrinque
1392 4124 1588 4183 terminorum.

422 4207 479 4268 His
502 4208 590 4284 igitur
612 4208 814 4271 definitionum
845 4210 911 4273 loco
933 4213 1101 4288 praemissis
1131 4229 1209 4271 nuuc
1230 4229 1317 4288 porro
1342 4208 1555 4287 dispiciendam
1584 4216 1629 4268 est
1651 4207 1688 4269 ds

236 4320 241 4347 ι
336 4294 505 4381 differentiis
534 4296 761 4361 intervallorum.
807 4298 959 4359 Hactenus
987 4298 1105 4375 quidem
1132 4303 1336 4377 proportiones
1361 4315 1479 4367 omnes,
1511 4312 1585 4373 quas
1614 4312 1689 4356 con·

335 4400 422 4442 sonas
445 4400 510 4443 esse
534 4383 814 4460 demonstravimus,
843 4405 902 4447 una
923 4386 1112 4462 aequalitatis
1134 4396 1273 4464 excepta,
1304 4403 1356 4462 pro
1379 4385 1500 4446 totidem
1524 4382 1688 4445 intervallis

243 4510 251 4528 .
336 4468 437 4533 itidem
460 4472 597 4535 consonis
620 4479 689 4530 sunt
711 4473 874 4547 habendae,
898 4464 1100 4552 proportiones
1124 4491 1203 4547 vero,
1228 4491 1301 4551 qaas
1320 4475 1453 4535 dissonas
1476 4471 1611 4543 diximus,
1635 4489 1688 4546 pro

335 4557 499 4618 intervallis
524 4557 625 4619 itidem
648 4558 784 4623 dissonis.
830 4560 904 4624 Gom
926 4578 996 4621 rero
1019 4562 1101 4621 iuter'
1117 4560 1237 4622 dissona
1260 4561 1416 4622 intervalla
1438 4577 1547 4635 magna
1568 4561 1607 4619 sit
1630 4558 1688 4619 dil·

335 4646 468 4720 sarsana,
491 4646 534 4704 sic
556 4655 589 4707 at
611 4664 668 4707 non
693 4655 806 4709 tantam
828 4665 961 4711 consona
979 4656 999 4709 a
1020 4654 1126 4708 natura
1147 4647 1308 4710 doceantur
1333 4657 1364 4709 et
1385 4648 1464 4709 illius
1486 4649 1626 4707 instinctu
1648 4647 1689 4706 ab

336 4731 440 4793 auditu
462 4732 629 4810 probentur,
653 4734 706 4795 ssd
729 4737 818 4797 etism
841 4736 900 4796 alia
922 4739 1034 4797 minora
1055 4734 1212 4796 intervalla
1233 4737 1272 4799 ab
1295 4734 1400 4798 ecdem
1421 4752 1509 4797 sensu
1531 4732 1687 4794 stabilian-

336 4831 400 4895 tur,
428 4838 505 4898 quae
527 4820 596 4881 licet
618 4822 738 4883 dissona
759 4825 835 4895 sint,
863 4832 935 4903 apta
955 4831 1054 4885 nmen
1077 4831 1161 4893 sunt,
1189 4840 1242 4900 per
1265 4840 1342 4899 qnae
1372 4830 1476 4884 cantus
1497 4820 1685 4885 cnducatur:

337 4907 505 4977 tamorice
537 4917 672 4976 naturam
701 4918 803 4972 secuta
832 4928 937 4975 nomen
962 4913 997 4970 iis
1023 4913 1149 4990 imponit
1168 4913 1376 4974 cancianorum
1409 4927 1503 4991 aaqoa
1535 4909 1688 4985 distingmt
