3882 5862
376 360 440 421 410
874 359 1037 449 ΙΡιοΙιιιιιιιί
1054 361 1210 417 flamonia

374 536 448 610 tria;
471 542 560 613 atque
577 536 643 599 ideo
658 540 738 601 ritae
753 546 870 601 noshae
885 542 978 619 magis
1002 541 1196 616 commodant,
1220 544 1304 619 quasi
1319 542 1488 623 luminibus,
1511 543 1592 603 ritae
1606 549 1724 605 nostrae

374 624 562 699 auctoribus,
594 643 778 686 numerorum
806 630 919 689 ratione
951 629 1121 690 concordes.
1166 630 1285 691 Saturni
1314 637 1413 691 autern
1435 626 1598 708 Martisque
1619 630 1724 693 stellas

374 712 417 771 ita
438 728 497 771 non
520 711 630 773 habent
652 732 716 774 cum
739 714 899 775 luminibus
929 717 1170 794 competentiam,
1199 726 1232 776 ut
1265 727 1362 780 tamen
1392 718 1494 794 aliqua
1516 717 1565 778 rel
1595 727 1725 779 extrema

374 815 560 859 numerorum
581 800 660 863 linea
682 803 826 862 Saturnus
849 803 886 862 ad
910 803 1009 864 Solem
1031 823 1083 883 per
1108 798 1164 888 ’[6,
1197 804 1276 864 Μιιι
1308 804 1453 883 adspiciat
1474 803 1514 865 ad
1535 806 1651 865 Lunam
1673 823 1725 884 pcr

379 881 442 967 ’,61
485 885 560 946 Nam
591 890 765 949 cuminum
794 889 938 953 Saturnus
968 893 1039 952 lacit
1071 888 1121 975 ’[6,
1153 892 1211 952 iere
1243 901 1273 952 ct
1297 886 1354 975 ’66]
1383 901 1413 950 ιι
1439 887 1526 975 ’16666
1557 910 1625 953 curn
1654 892 1724 955 Sole

373 971 454 1032 Mars
478 969 516 1054 Ἰ6
544 982 573 1036 ιι
595 974 653 1059 is„
682 979 887 1058 proportiones
916 997 975 1039 non
1005 978 1195 1056 multiplices.
1240 978 1312 1039 Ideo
1342 981 1438 1038 minus
1467 979 1613 1040 commodi
1644 984 1724 1041 ritae

373 1059 518 1121 humanae
546 1065 741 1138 existimatur,
773 1067 858 1142 quasi
891 1083 956 1125 curn
986 1070 1065 1128 vitae
1096 1068 1266 1128 auctoribus
1294 1074 1375 1127 arcta
1404 1084 1589 1128 numerorum
1612 1071 1725 1130 ratione

372 1164 431 1207 non
450 1148 563 1227 Juncta.

749 1240 834 1300 Finis
856 1238 937 1301 Libri
960 1232 1161 1302 tertii'Harm.
1185 1240 1357 1302 Ptolemaei

457 1391 570 1444 NotaI.
606 1392 729 1461 Tertium
753 1392 806 1448 hoc
829 1401 857 1448 et
880 1394 1004 1448 ultimum
1030 1402 1114 1464 caput
1132 1400 1175 1448 est
1193 1408 1298 1463 eorum,
1325 1409 1439 1471 quornm
1458 1393 1632 1449 Ptolemaeus
1650 1394 1725 1450 solos

373 1469 468 1522 titulos
487 1472 593 1540 posuit,
617 1477 746 1541 tanquam
764 1473 934 1541 problemata
951 1473 1013 1527 aliis
1029 1473 1182 1542 proposita3
1205 1473 1394 1526 tractationem
1413 1488 1477 1526 vero
1495 1473 1597 1526 nnllam
1615 1471 1724 1543 adjecit

373 1547 445 1605 Nam
458 1549 513 1602 etsi
533 1556 627 1603 ternis
654 1549 734 1604 titulo
761 1551 934 1619 subjectus
926 1571 955 1608 ιιι
980 1552 1205 1621 interpretatione
1225 1551 1358 1618 Gogarini
1385 1548 1468 1620 plane
1494 1552 1565 1605 idem
1593 1558 1636 1606 ιιι
1662 1568 1725 1609 curn

372 1643 470 1693 graeco
496 1629 525 1682 in
540 1630 747 1697 manuscriptis,
773 1631 826 1684 etsi
848 1631 928 1684 etiarn
954 1647 988 1685 ex
1007 1631 1054 1685 illo
1072 1630 1153 1685 facile
1175 1640 1305 1700 apparet,
1331 1647 1386 1685 nnn
1404 1632 1551 1686 cohaerere
1568 1630 1645 1685 illum
1662 1646 1725 1687 cnm

374 1705 494 1761 tantillus
512 1709 628 1763 duorum
646 1709 876 1779 antecedentium,
903 1708 973 1764 adeo
991 1716 1022 1764 ut
1038 1709 1126 1777 primo
1144 1708 1245 1764 intuitu
1262 1708 1348 1764 rideri
1364 1709 1454 1778 possit
1469 1710 1514 1765 hic
1531 1710 1642 1765 uiduam
1657 1711 1725 1766 Pto·

374 1785 470 1842 lemaei
488 1789 629 1857 genuinus,
648 1789 754 1857 priores
772 1788 861 1844 solum
878 1789 933 1845 dno
951 1788 1104 1856 adulterini,
1121 1796 1150 1842 at
1169 1795 1263 1843 conus
1281 1788 1407 1845 Barlaam
1423 1790 1573 1845 monsdrns
1590 1790 1664 1847 huto
1683 1790 1724 1845 ui·

373 1865 431 1920 timi
448 1867 545 1937 capitis
564 1883 616 1921 non
637 1867 723 1921 minus
736 1868 832 1937 rejicit,
851 1884 933 1936 quam
945 1865 1014 1921 duos
1032 1865 1093 1921 illos
1105 1867 1331 1935 praecedentium.
1353 1868 1464 1934 Causas,
1478 1867 1723 1925 curadultertnum

373 1946 454 2000 etiam
472 1945 526 2000 hoc
543 1953 626 2015 caput
643 1947 686 2013 sit,
706 1946 803 2017 partim
821 1946 880 2016 ipse
898 1945 975 2011 dixit,
993 1947 1092 2015 partim
1110 1963 1159 2015 ego
1179 1962 1261 2016 supra
1279 1947 1369 2002 addidi
1388 1947 1478 2016 capite
1492 1948 1531 2002 ιι.
1550 1953 1616 2002 nota
1635 1950 1676 2002 13.
1696 1956 1724 2003 ιι

373 2039 432 2093 cap.
446 2025 493 2079 lh,
529 2024 702 2078 Ptolemaeus
721 2024 797 2078 enim
810 2024 962 2092 perlectum
981 2033 1099 2095 systema
1118 2026 1229 2094 delegit,
1249 2025 1294 2082 cui
1312 2033 1452 2095 comparat
1469 2024 1603 2095 planetas,
1621 2026 1649 2080 in
1668 2044 1724 2096 quo

373 2109 436 2156 sunt
454 2102 629 2158 tetrachorda
647 2103 794 2172 superioris
813 2103 945 2172 diapason
963 2105 1099 2174 disjuncta
1116 2122 1133 2159 a
1150 2103 1332 2160 tetrachordis
1350 2103 1499 2166 inferioris,
1517 2111 1547 2157 at
1564 2111 1661 2158 auctor
1680 2121 1724 2159 ca·

372 2181 437 2249 pitis
454 2182 535 2252 vulgo
554 2183 688 2237 exstantis
706 2178 875 2252 propositurh
888 2176 970 2236 haber
991 2189 1117 2251 systema,
1135 2184 1213 2252 cnjus
1227 2183 1358 2250 diapason
1369 2182 1504 2237 inferioris
1522 2183 1724 2240 tetrachordum

371 2266 415 2314 est
433 2260 608 2330 conjunctum
626 2263 838 2330 (synemmenon)
856 2260 1031 2315 tetrachordo
1049 2260 1204 2329 superioris.
1241 2261 1415 2315 Ptolemaeus
1438 2266 1533 2316 acutos
1551 2274 1634 2316 sonos
1652 2274 1725 2316 eom·

373 2340 478 2409 pararit
495 2341 600 2395 levibus
618 2341 748 2410 planetis,
776 2354 873 2409 graves
890 2340 1067 2409 ponderosis,
1095 2348 1191 2395 auctor
1217 2342 1362 2396 adulterini
1390 2341 1487 2410 capitis
1515 2348 1611 2397 contra
1628 2356 1726 2410 piures

373 2434 454 2474 sonos
471 2418 590 2486 laribus,
609 2421 662 2475 hoc
680 2426 723 2475 est
740 2420 800 2475 imis
818 2419 950 2490 planatis,
976 2428 1072 2475 acutos
1090 2421 1265 2490 ponderosis,
1292 2420 1345 2476 hoc
1364 2428 1406 2476 ιιι
1423 2422 1542 2479 summis.
1578 2423 1727 2477 Praeterea

375 2497 549 2552 Ptolemaeus
567 2499 699 2554 Venerem
717 2500 788 2553 inira
805 2499 895 2555 Solem
914 2498 994 2565 locat,
1012 2500 1057 2555 hic
1075 2507 1171 2555 auctor
1187 2517 1272 2570 supra
1289 2515 1361 2556 eum.

482 2664 570 2722 Ecce:
589 2665 761 2734 Comparatio
778 2666 936 2722 Ptolemaei.
1160 2667 1334 2736 Comparatio
1351 2667 1515 2738 subreph'lis.

518 2812 942 2883 :zgmss-t:
1052 2774 1214 2955 ᾗ-Θ

646 2889 943 2900 *nan——

786 2927 943 2934 .„ffl-
1318 2857 1614 2959 αρξἶ·

1052 2965 1362 3056 ωωώωωᾞ
1469 2981 1637 3055 dmm.

1047 3216 1565 3308 '——÷ffi44wm—

519 3245 943 3408 *usos
1085 3320 1359 3408 saoce
1456 3286 1604 3435 ‘r

465 3500 525 3575 Ego
544 3505 625 3574 igitur
644 3510 748 3558 textum
767 3501 865 3572 capitis
892 3502 931 3556 ita
949 3503 1118 3568 concinnari,
1146 3510 1176 3558 ut
1203 3504 1354 3559 existimavi
1371 3504 1557 3560 Ptolemaeum
1574 3505 1650 3561 illum
1667 3506 1727 3561 fere

373 3576 597 3638 concinnatuinm
626 3581 710 3636 luisse
738 3598 771 3636 ιιι
798 3581 940 3650 principiis
966 3591 1029 3637 ante
1056 3583 1161 3652 positia.
1198 3584 1235 3639 Et
1252 3584 1280 3637 in
1307 3585 1394 3654 prima
1413 3586 1521 3653 quidem
1539 3592 1619 3654 parte
1636 3601 1727 3639 meum

373 3661 459 3716 solius
474 3662 606 3730 judicium
624 3678 684 3715 sum
702 3671 825 3732 secutus,
854 3661 881 3715 in
899 3661 985 3716 altera
1002 3678 1066 3715 sero
1079 3661 1201 3730 potiores
1218 3671 1311 3730 partes
1329 3662 1428 3717 indicio
1445 3664 1579 3718 Macrobii
1596 3663 1671 3732 dedi,
1697 3669 1727 3718 ut

373 3741 443 3794 infra
461 3740 570 3796 dicam·

462 3846 536 3901 Nota
552 3844 587 3898 11.
624 3842 700 3912 Quae
726 3844 770 3898 hie
797 3844 961 3912 astrologica
987 3845 1116 3911 dogmata
1139 3852 1236 3915 tango,
1265 3858 1297 3898 ea
1324 3846 1405 3900 nolim
1424 3846 1489 3902 mihi
1508 3847 1603 3909 trrlrni.
1630 3848 1665 3903 de
1682 3848 1727 3903 his

373 3925 444 3980 enim
461 3940 516 3979 non
535 3924 593 3978 sinc
612 3925 718 3978 curiosa
737 3930 764 3977 et
781 3923 896 3978 sollicita
914 3922 1087 3979 distinctione
1105 3923 1325 3991 respondendum
1337 3925 1403 3979 mihi
1422 3934 1503 3995 esset,
1522 3928 1544 3981 si
1563 3929 1726 3983 sententiam

372 4018 484 4070 rogarer
501 4011 529 4057 ιι
544 4003 568 4055 si
581 4002 638 4055 'mei
657 4002 794 4071 propositi
812 4010 894 4071 esset,
913 4004 1054 4057 materiam
1072 4000 1146 4056 illam
1159 4004 1211 4057 hoc
1229 4003 1290 4057 loco
1308 4010 1433 4058 tractare.
1470 4004 1572 4060 Vereor
1589 4013 1678 4062 autem
1697 4007 1726 4060 in

373 4083 559 4137 concinnando
578 4089 709 4137 contextu
726 4080 888 4147 Ptolemaei,
910 4083 957 4151 qui
980 4090 1077 4136 auctor
1094 4088 1212 4152 quatuor
1233 4082 1318 4137 libros
1340 4084 1374 4137 de
1393 4084 1541 4152 astrologia
1558 4086 1678 4155 scripsit,
1697 4087 1725 4140 ln

373 4159 470 4227 quihus
489 4160 616 4228 dogmata
633 4162 702 4215 haec
719 4168 784 4215 sunt
807 4161 892 4216 instar
909 4162 1082 4218 axiomatnrn.

458 4274 532 4328 Nota
551 4273 597 4327 lll.
633 4272 805 4343 Opposltioni
822 4290 917 4331 rocam
935 4275 1057 4346 perfecte
1070 4276 1275 4331 consonantium
1288 4291 1337 4330 seu
1356 4277 1446 4346 potius
1463 4278 1610 4334 identicum
1627 4292 1725 4336 sonan·

372 4355 440 4410 tium
463 4370 519 4408 non
541 4352 612 4408 male
636 4362 807 4423 comparatur
830 4356 966 4426 oppositio
989 4355 1148 4411 facultatum
1179 4354 1354 4425 qualitatihus
1377 4356 1563 4413 distinctarum
1587 4358 1725 4415 relidam

372 4434 482 4504 aliquod
500 4449 570 4502 opus
587 4439 707 4500 naturae,
731 4434 813 4489 veluti
832 4448 929 4490 recum
947 4434 981 4489 ad
1001 4435 1116 4489 eundem
1140 4442 1301 4490 concentum
1319 4434 1540 4502 conspirantium.
1576 4438 1613 4492 Ar
1630 4439 1726 4507 neqnlt
1775 4493 1781 4505 ,

372 4512 441 4568 haec
457 4511 625 4581 conparatio
643 4511 795 4566 contionari
813 4529 957 4581 quousque
976 4529 1046 4582 opus
1064 4518 1145 4566 esset.
1170 4512 1312 4580 Quomodo
1330 4512 1401 4569 snitu
1419 4513 1635 4581 identisonantia,
1654 4528 1725 4586 quae

373 4596 417 4647 est
433 4597 614 4646 concentuum
632 4591 751 4645 omnium
769 4591 993 4659 perfectissimus,
1012 4599 1186 4660 comparetur
1203 4600 1260 4646 tam
1278 4607 1339 4645 curn
1357 4592 1474 4647 amicitia
1487 4592 1557 4649 Solis
1576 4600 1604 4649 et
1620 4596 1725 4666 Lunae,

372 4685 455 4740 qnam
472 4686 533 4723 cum
550 4668 702 4725 hostilitate
720 4671 829 4726 Saturni
846 4669 882 4724 ad
899 4676 1045 4738 utrumqne
1062 4670 1195 4727 luminare
1213 4669 1326 4741 (qnippe
1339 4668 1460 4725 Sammo
1477 4671 1724 4741 proslambanome-

373 4765 423 4805 nos
438 4755 500 4809 erat
515 4748 656 4816 attributa,
675 4750 769 4804 Lunae
786 4756 851 4803 nete
868 4748 1094 4816 diezeugmenon,
1112 4763 1183 4817 qnae
1201 4749 1270 4805 duae
1289 4747 1408 4803 chordae
1426 4764 1522 4819 supra,
1539 4751 1568 4805 in
1585 4766 1725 4820 mmpara·

375 4826 450 4882 tione
469 4826 623 4897 systematis
642 4843 704 4882 cum
721 4827 842 4897 zodiaco,
861 4823 1097 4895 conjungebantur
1109 4825 1136 4880 in
1149 4842 1231 4880 unum
1243 4824 1341 4896 locum,
1360 4843 1458 4898 mesca
1477 4829 1521 4886 cui
1533 4828 1580 4885 Sol
1597 4831 1725 4903 tributus
