<?xml version="1.0" encoding="UTF-8"?>
<!DOCTYPE html PUBLIC "-//W3C//DTD XHTML 1.0 Transitional//EN"
    "http://www.w3.org/TR/xhtml1/DTD/xhtml1-transitional.dtd">
<html xmlns="http://www.w3.org/1999/xhtml" xml:lang="en" lang="en">
 <head>
  <title>
</title>
<meta http-equiv="Content-Type" content="text/html;charset=utf-8" />
  <meta name='ocr-system' content='tesseract 3.04.00' />
  <meta name='ocr-capabilities' content='ocr_page ocr_carea ocr_par ocr_line ocrx_word'/>
</head>
<body>
  <div class='ocr_page' id='page_1' title='image "./joanniskepleria29frisgoog_0256.png"; bbox 0 0 3872 5846; ppageno 0'>
   <div class='ocr_carea' id='block_1_1' title="bbox 769 448 1597 521">
    <p class='ocr_par' dir='ltr' id='par_1_1' title="bbox 769 448 1597 521">
     <span class='ocr_line' id='line_1_1' title="bbox 769 448 1597 521; baseline 0.002 -14"><span class='ocrx_word' id='word_1_1' title='bbox 769 448 853 507; x_wconf 85' lang='lat' dir='ltr'><strong>liber</strong></span> <span class='ocrx_word' id='word_1_2' title='bbox 869 451 916 506; x_wconf 80' lang='lat' dir='ltr'><strong>lv.</strong></span> <span class='ocrx_word' id='word_1_3' title='bbox 933 450 1024 521; x_wconf 83' lang='lat' dir='ltr'><strong>Gapnt</strong></span> <span class='ocrx_word' id='word_1_4' title='bbox 1041 451 1073 507; x_wconf 85' lang='lat' dir='ltr'><strong>V.</strong></span> <span class='ocrx_word' id='word_1_5' title='bbox 1534 454 1597 518; x_wconf 69' lang='lat'><strong>236</strong></span> 
     </span>
    </p>
   </div>
   <div class='ocr_carea' id='block_1_2' title="bbox 243 623 1648 1015">
    <p class='ocr_par' dir='ltr' id='par_1_2' title="bbox 243 623 1599 932">
     <span class='ocr_line' id='line_1_2' title="bbox 243 623 1598 696; baseline 0.004 -19"><span class='ocrx_word' id='word_1_6' title='bbox 243 637 305 677; x_wconf 88' lang='lat' dir='ltr'><strong>care</strong></span> <span class='ocrx_word' id='word_1_7' title='bbox 323 624 420 681; x_wconf 88' lang='lat' dir='ltr'><strong>solent.</strong></span> <span class='ocrx_word' id='word_1_8' title='bbox 456 625 512 680; x_wconf 85' lang='lat' dir='ltr'><strong>Sed</strong></span> <span class='ocrx_word' id='word_1_9' title='bbox 528 625 581 681; x_wconf 94' lang='lat' dir='ltr'><strong>hoc</strong></span> <span class='ocrx_word' id='word_1_10' title='bbox 598 642 682 682; x_wconf 87' lang='lat' dir='ltr'><strong>sensu</strong></span> <span class='ocrx_word' id='word_1_11' title='bbox 699 642 752 681; x_wconf 84' lang='lat' dir='ltr'><strong>rox</strong></span> <span class='ocrx_word' id='word_1_12' title='bbox 770 640 825 681; x_wconf 89' lang='lat' dir='ltr'><strong>nou</strong></span> <span class='ocrx_word' id='word_1_13' title='bbox 842 632 899 680; x_wconf 91' lang='lat' dir='ltr'><strong>tam</strong></span> <span class='ocrx_word' id='word_1_14' title='bbox 917 623 1034 692; x_wconf 89' lang='lat' dir='ltr'><strong>planetis</strong></span> <span class='ocrx_word' id='word_1_15' title='bbox 1054 627 1193 695; x_wconf 91' lang='lat' dir='ltr'><strong>competit,</strong></span> <span class='ocrx_word' id='word_1_16' title='bbox 1212 640 1293 696; x_wconf 85' lang='lat' dir='ltr'><strong>quam</strong></span> <span class='ocrx_word' id='word_1_17' title='bbox 1311 627 1395 696; x_wconf 87' lang='lat' dir='ltr'><strong>signis</strong></span> <span class='ocrx_word' id='word_1_18' title='bbox 1415 643 1465 682; x_wconf 87' lang='lat' dir='ltr'><strong>seu</strong></span> <span class='ocrx_word' id='word_1_19' title='bbox 1483 625 1598 683; x_wconf 75' lang='lat' dir='ltr'><strong>dodeca-</strong></span> 
     </span>
     <span class='ocr_line' id='line_1_3' title="bbox 243 702 1599 774; baseline 0.005 -19"><span class='ocrx_word' id='word_1_20' title='bbox 243 702 363 757; x_wconf 83' lang='lat' dir='ltr'><strong>ternariis</strong></span> <span class='ocrx_word' id='word_1_21' title='bbox 381 704 500 771; x_wconf 74' lang='lat' dir='ltr'><strong>zodiaci,</strong></span> <span class='ocrx_word' id='word_1_22' title='bbox 520 720 588 774; x_wconf 87' lang='lat' dir='ltr'><strong>quae</strong></span> <span class='ocrx_word' id='word_1_23' title='bbox 606 721 667 759; x_wconf 87' lang='lat' dir='ltr'><strong>cum</strong></span> <span class='ocrx_word' id='word_1_24' title='bbox 685 703 867 772; x_wconf 74' lang='lat' dir='ltr'><strong>longitudines</strong></span> <span class='ocrx_word' id='word_1_25' title='bbox 885 703 1016 771; x_wconf 79' lang='lat' dir='ltr'>habeant,</span> <span class='ocrx_word' id='word_1_26' title='bbox 1042 703 1076 758; x_wconf 89' lang='lat' dir='ltr'><strong>iis</strong></span> <span class='ocrx_word' id='word_1_27' title='bbox 1095 704 1168 760; x_wconf 83' lang='lat' dir='ltr'><strong>caris</strong></span> <span class='ocrx_word' id='word_1_28' title='bbox 1187 704 1239 761; x_wconf 90' lang='lat' dir='ltr'><strong>sibl</strong></span> <span class='ocrx_word' id='word_1_29' title='bbox 1257 711 1352 760; x_wconf 83' lang='lat' dir='ltr'><strong>mutuo</strong></span> <span class='ocrx_word' id='word_1_30' title='bbox 1370 706 1476 763; x_wconf 72' lang='lat' dir='ltr'><strong>obverti</strong></span> <span class='ocrx_word' id='word_1_31' title='bbox 1501 721 1599 762; x_wconf 83' lang='lat' dir='ltr'><strong>accun-</strong></span> 
     </span>
     <span class='ocr_line' id='line_1_4' title="bbox 243 776 1599 856; baseline 0.006 -24"><span class='ocrx_word' id='word_1_32' title='bbox 243 776 306 832; x_wconf 89' lang='lat' dir='ltr'><strong>dum</strong></span> <span class='ocrx_word' id='word_1_33' title='bbox 324 780 410 851; x_wconf 81' lang='lat' dir='ltr'><strong>magia</strong></span> <span class='ocrx_word' id='word_1_34' title='bbox 428 791 457 838; x_wconf 91' lang='lat' dir='ltr'><strong>et</strong></span> <span class='ocrx_word' id='word_1_35' title='bbox 473 784 704 854; x_wconf 65' lang='lat' dir='ltr'><strong>minus‘possunt.</strong></span> <span class='ocrx_word' id='word_1_36' title='bbox 739 786 809 840; x_wconf 87' lang='lat' dir='ltr'><strong>Nam</strong></span> <span class='ocrx_word' id='word_1_37' title='bbox 828 783 956 848; x_wconf 89' lang='lat' dir='ltr'><strong>contigua</strong></span> <span class='ocrx_word' id='word_1_38' title='bbox 973 781 1051 849; x_wconf 89' lang='lat' dir='ltr'><strong>signa</strong></span> <span class='ocrx_word' id='word_1_39' title='bbox 1069 798 1099 837; x_wconf 89' lang='lat' dir='ltr'><strong>ee</strong></span> <span class='ocrx_word' id='word_1_40' title='bbox 1111 789 1206 839; x_wconf 89' lang='lat' dir='ltr'><strong>mutuo</strong></span> <span class='ocrx_word' id='word_1_41' title='bbox 1218 790 1358 854; x_wconf 86' lang='lat' dir='ltr'><strong>nequeunt</strong></span> <span class='ocrx_word' id='word_1_42' title='bbox 1369 785 1479 855; x_wconf 90' lang='lat' dir='ltr'><strong>intueri,</strong></span> <span class='ocrx_word' id='word_1_43' title='bbox 1497 787 1599 856; x_wconf 83' lang='lat' dir='ltr'><strong>quippe</strong></span> 
     </span>
     <span class='ocr_line' id='line_1_5' title="bbox 243 857 1367 932; baseline 0.006 -23"><span class='ocrx_word' id='word_1_44' title='bbox 243 857 362 914; x_wconf 83' lang='lat' dir='ltr'><strong>vultibus</strong></span> <span class='ocrx_word' id='word_1_45' title='bbox 380 878 435 916; x_wconf 91' lang='lat' dir='ltr'><strong>non</strong></span> <span class='ocrx_word' id='word_1_46' title='bbox 453 862 480 917; x_wconf 93' lang='lat' dir='ltr'><strong>in</strong></span> <span class='ocrx_word' id='word_1_47' title='bbox 498 878 527 916; x_wconf 89' lang='lat' dir='ltr'><strong>se</strong></span> <span class='ocrx_word' id='word_1_48' title='bbox 546 872 654 932; x_wconf 88' lang='lat' dir='ltr'><strong>mutuo,</strong></span> <span class='ocrx_word' id='word_1_49' title='bbox 675 864 723 918; x_wconf 88' lang='lat' dir='ltr'><strong>sed</strong></span> <span class='ocrx_word' id='word_1_50' title='bbox 738 863 820 932; x_wconf 84' lang='lat' dir='ltr'><strong>juxta</strong></span> <span class='ocrx_word' id='word_1_51' title='bbox 837 861 953 917; x_wconf 76' lang='lat' dir='ltr'><strong>invicem</strong></span> <span class='ocrx_word' id='word_1_52' title='bbox 970 862 999 915; x_wconf 89' lang='lat' dir='ltr'><strong>iu</strong></span> <span class='ocrx_word' id='word_1_53' title='bbox 1016 862 1131 917; x_wconf 90' lang='lat' dir='ltr'><strong>eandem</strong></span> <span class='ocrx_word' id='word_1_54' title='bbox 1149 862 1255 931; x_wconf 89' lang='lat' dir='ltr'><strong>plagam</strong></span> <span class='ocrx_word' id='word_1_55' title='bbox 1273 863 1367 917; x_wconf 80' lang='lat' dir='ltr'><strong>versis.</strong></span> 
     </span>
    </p>

    <p class='ocr_par' dir='ltr' id='par_1_3' title="bbox 311 938 1648 1015">
     <span class='ocr_line' id='line_1_6' title="bbox 311 938 1648 1015; baseline 0.006 -24"><span class='ocrx_word' id='word_1_56' title='bbox 311 938 417 994; x_wconf 85' lang='lat' dir='ltr'><strong>Deinde</strong></span> <span class='ocrx_word' id='word_1_57' title='bbox 435 948 508 1005; x_wconf 90' lang='lat' dir='ltr'><strong>nota,</strong></span> <span class='ocrx_word' id='word_1_58' title='bbox 528 942 599 1009; x_wconf 91' lang='lat' dir='ltr'><strong>quod</strong></span> <span class='ocrx_word' id='word_1_59' title='bbox 618 958 671 1011; x_wconf 87' lang='lat' dir='ltr'><strong>qao</strong></span> <span class='ocrx_word' id='word_1_60' title='bbox 690 948 813 1010; x_wconf 88' lang='lat' dir='ltr'><strong>tempora</strong></span> <span class='ocrx_word' id='word_1_61' title='bbox 831 942 884 997; x_wconf 91' lang='lat' dir='ltr'><strong>duo</strong></span> <span class='ocrx_word' id='word_1_62' title='bbox 902 939 1029 1010; x_wconf 87' lang='lat' dir='ltr'><strong>planetae</strong></span> <span class='ocrx_word' id='word_1_63' title='bbox 1047 942 1178 1010; x_wconf 76' lang='lat' dir='ltr'><strong>angulum</strong></span> <span class='ocrx_word' id='word_1_64' title='bbox 1195 942 1308 998; x_wconf 86' lang='lat' dir='ltr'><strong>interra</strong></span> <span class='ocrx_word' id='word_1_65' title='bbox 1326 942 1437 1011; x_wconf 90' lang='lat' dir='ltr'><strong>faciunt,</strong></span> <span class='ocrx_word' id='word_1_66' title='bbox 1457 944 1552 999; x_wconf 90' lang='lat' dir='ltr'><strong>eodem</strong></span> <span class='ocrx_word' id='word_1_67' title='bbox 1570 949 1598 999; x_wconf 92' lang='lat' dir='ltr'><strong>et</strong></span> <span class='ocrx_word' id='word_1_68' title='bbox 1642 1000 1648 1015; x_wconf 64' lang='lat'><strong>,</strong></span> 
     </span>
    </p>
   </div>
   <div class='ocr_carea' id='block_1_3' title="bbox 158 1012 1598 1091">
    <p class='ocr_par' dir='ltr' id='par_1_4' title="bbox 158 1012 1598 1091">
     <span class='ocr_line' id='line_1_7' title="bbox 158 1012 1598 1091; baseline 0.007 -25"><span class='ocrx_word' id='word_1_69' title='bbox 158 1014 162 1021; x_wconf 85' lang='lat'><em>&#39;</em></span> <span class='ocrx_word' id='word_1_70' title='bbox 242 1012 269 1068; x_wconf 90' lang='lat' dir='ltr'><strong>iu</strong></span> <span class='ocrx_word' id='word_1_71' title='bbox 289 1014 351 1071; x_wconf 87' lang='lat' dir='ltr'><strong>aliis</strong></span> <span class='ocrx_word' id='word_1_72' title='bbox 370 1016 437 1081; x_wconf 80' lang='lat' dir='ltr'><strong>locis</strong></span> <span class='ocrx_word' id='word_1_73' title='bbox 455 1019 549 1075; x_wconf 88' lang='lat' dir='ltr'><strong>mundi</strong></span> <span class='ocrx_word' id='word_1_74' title='bbox 567 1019 668 1075; x_wconf 91' lang='lat' dir='ltr'><strong>faciant</strong></span> <span class='ocrx_word' id='word_1_75' title='bbox 693 1019 761 1074; x_wconf 89' lang='lat' dir='ltr'><strong>alios</strong></span> <span class='ocrx_word' id='word_1_76' title='bbox 784 1020 914 1089; x_wconf 89' lang='lat' dir='ltr'><strong>anguloa;</strong></span> <span class='ocrx_word' id='word_1_77' title='bbox 936 1028 965 1074; x_wconf 93' lang='lat' dir='ltr'><strong>at</strong></span> <span class='ocrx_word' id='word_1_78' title='bbox 982 1022 1108 1089; x_wconf 77' lang='lat' dir='ltr'><strong>nuspiam</strong></span> <span class='ocrx_word' id='word_1_79' title='bbox 1127 1025 1234 1090; x_wconf 84' lang='lat' dir='ltr'><strong>tentos,</strong></span> <span class='ocrx_word' id='word_1_80' title='bbox 1257 1039 1338 1091; x_wconf 81' lang='lat' dir='ltr'><strong>quana</strong></span> <span class='ocrx_word' id='word_1_81' title='bbox 1361 1022 1390 1075; x_wconf 90' lang='lat' dir='ltr'><strong>in</strong></span> <span class='ocrx_word' id='word_1_82' title='bbox 1413 1038 1479 1076; x_wconf 85' lang='lat' dir='ltr'><strong>arcu</strong></span> <span class='ocrx_word' id='word_1_83' title='bbox 1506 1020 1598 1076; x_wconf 80' lang='lat' dir='ltr'><strong>circuli</strong></span> 
     </span>
    </p>
   </div>
   <div class='ocr_carea' id='block_1_4' title="bbox 173 1096 1598 2356">
    <p class='ocr_par' dir='ltr' id='par_1_5' title="bbox 173 1096 1598 1877">
     <span class='ocr_line' id='line_1_8' title="bbox 173 1096 1597 1171; baseline 0.006 -24"><span class='ocrx_word' id='word_1_84' title='bbox 173 1124 178 1131; x_wconf 70' lang='lat'><em>‹</em></span> <span class='ocrx_word' id='word_1_85' title='bbox 240 1108 290 1160; x_wconf 89' lang='lat' dir='ltr'><strong>per</strong></span> <span class='ocrx_word' id='word_1_86' title='bbox 307 1096 428 1164; x_wconf 88' lang='lat' dir='ltr'><strong>ipsorum</strong></span> <span class='ocrx_word' id='word_1_87' title='bbox 446 1106 474 1153; x_wconf 91' lang='lat' dir='ltr'><strong>et</strong></span> <span class='ocrx_word' id='word_1_88' title='bbox 492 1100 593 1153; x_wconf 87' lang='lat' dir='ltr'><strong>Terrae</strong></span> <span class='ocrx_word' id='word_1_89' title='bbox 612 1115 727 1168; x_wconf 89' lang='lat' dir='ltr'><strong>corpora</strong></span> <span class='ocrx_word' id='word_1_90' title='bbox 745 1098 880 1164; x_wconf 89' lang='lat' dir='ltr'><strong>traducto,</strong></span> <span class='ocrx_word' id='word_1_91' title='bbox 900 1105 947 1154; x_wconf 92' lang='lat' dir='ltr'><strong>aut</strong></span> <span class='ocrx_word' id='word_1_92' title='bbox 965 1101 1038 1154; x_wconf 91' lang='lat' dir='ltr'><strong>circa</strong></span> <span class='ocrx_word' id='word_1_93' title='bbox 1050 1101 1160 1170; x_wconf 90' lang='lat' dir='ltr'><strong>lineam,</strong></span> <span class='ocrx_word' id='word_1_94' title='bbox 1179 1116 1250 1168; x_wconf 89' lang='lat' dir='ltr'><strong>quae</strong></span> <span class='ocrx_word' id='word_1_95' title='bbox 1267 1100 1388 1171; x_wconf 89' lang='lat' dir='ltr'><strong>ipsorum</strong></span> <span class='ocrx_word' id='word_1_96' title='bbox 1403 1118 1518 1170; x_wconf 91' lang='lat' dir='ltr'><strong>corpora</strong></span> <span class='ocrx_word' id='word_1_97' title='bbox 1536 1117 1597 1155; x_wconf 92' lang='lat' dir='ltr'><strong>con-</strong></span> 
     </span>
     <span class='ocr_line' id='line_1_9' title="bbox 241 1174 1598 1243; baseline 0.009 -20"><span class='ocrx_word' id='word_1_98' title='bbox 241 1175 332 1243; x_wconf 82' lang='lat' dir='ltr'><strong>nectit,</strong></span> <span class='ocrx_word' id='word_1_99' title='bbox 352 1174 436 1231; x_wconf 85' lang='lat' dir='ltr'><strong>reluti</strong></span> <span class='ocrx_word' id='word_1_100' title='bbox 448 1178 526 1231; x_wconf 86' lang='lat' dir='ltr'><strong>cirea</strong></span> <span class='ocrx_word' id='word_1_101' title='bbox 544 1192 624 1233; x_wconf 83' lang='lat' dir='ltr'><strong>axem</strong></span> <span class='ocrx_word' id='word_1_102' title='bbox 642 1177 815 1231; x_wconf 89' lang='lat' dir='ltr'><strong>circumacto.</strong></span> <span class='ocrx_word' id='word_1_103' title='bbox 851 1178 940 1232; x_wconf 82' lang='lat' dir='ltr'><strong>Extra</strong></span> <span class='ocrx_word' id='word_1_104' title='bbox 966 1178 1035 1235; x_wconf 90' lang='lat' dir='ltr'><strong>haee</strong></span> <span class='ocrx_word' id='word_1_105' title='bbox 1054 1180 1115 1236; x_wconf 90' lang='lat' dir='ltr'><strong>loca</strong></span> <span class='ocrx_word' id='word_1_106' title='bbox 1137 1180 1302 1235; x_wconf 86' lang='lat' dir='ltr'><strong>radiatioues</strong></span> <span class='ocrx_word' id='word_1_107' title='bbox 1321 1197 1415 1235; x_wconf 89' lang='lat' dir='ltr'><strong>eorum</strong></span> <span class='ocrx_word' id='word_1_108' title='bbox 1434 1185 1533 1234; x_wconf 76' lang='lat' dir='ltr'><strong>cocunt</strong></span> <span class='ocrx_word' id='word_1_109' title='bbox 1551 1196 1598 1235; x_wconf 90' lang='lat' dir='ltr'><strong>au·</strong></span> 
     </span>
     <span class='ocr_line' id='line_1_10' title="bbox 241 1252 1597 1328; baseline 0.006 -25"><span class='ocrx_word' id='word_1_110' title='bbox 241 1252 312 1321; x_wconf 83' lang='lat' dir='ltr'><strong>gulis</strong></span> <span class='ocrx_word' id='word_1_111' title='bbox 331 1253 413 1323; x_wconf 90' lang='lat' dir='ltr'><strong>longe</strong></span> <span class='ocrx_word' id='word_1_112' title='bbox 431 1254 504 1325; x_wconf 92' lang='lat' dir='ltr'><strong>aliis,</strong></span> <span class='ocrx_word' id='word_1_113' title='bbox 523 1257 579 1310; x_wconf 88' lang='lat' dir='ltr'><strong>sire</strong></span> <span class='ocrx_word' id='word_1_114' title='bbox 596 1257 615 1311; x_wconf 94' lang='lat' dir='ltr'><strong>ii</strong></span> <span class='ocrx_word' id='word_1_115' title='bbox 634 1256 688 1311; x_wconf 91' lang='lat' dir='ltr'><strong>sint</strong></span> <span class='ocrx_word' id='word_1_116' title='bbox 706 1256 787 1311; x_wconf 89' lang='lat' dir='ltr'><strong>ctiam</strong></span> <span class='ocrx_word' id='word_1_117' title='bbox 806 1256 964 1325; x_wconf 82' lang='lat' dir='ltr'><strong>harmonici,</strong></span> <span class='ocrx_word' id='word_1_118' title='bbox 984 1258 1042 1313; x_wconf 85' lang='lat' dir='ltr'><strong>sive</strong></span> <span class='ocrx_word' id='word_1_119' title='bbox 1058 1259 1216 1326; x_wconf 78' lang='lat' dir='ltr'><strong>incongrui,</strong></span> <span class='ocrx_word' id='word_1_120' title='bbox 1239 1265 1270 1312; x_wconf 90' lang='lat' dir='ltr'><strong>ut</strong></span> <span class='ocrx_word' id='word_1_121' title='bbox 1287 1259 1344 1313; x_wconf 90' lang='lat' dir='ltr'><strong>fere</strong></span> <span class='ocrx_word' id='word_1_122' title='bbox 1363 1275 1413 1328; x_wconf 86' lang='lat' dir='ltr'><strong>per</strong></span> <span class='ocrx_word' id='word_1_123' title='bbox 1432 1265 1519 1313; x_wconf 90' lang='lat' dir='ltr'><strong>totum</strong></span> <span class='ocrx_word' id='word_1_124' title='bbox 1537 1257 1597 1311; x_wconf 86' lang='lat' dir='ltr'><strong>reli·</strong></span> 
     </span>
     <span class='ocr_line' id='line_1_11' title="bbox 240 1333 1597 1408; baseline 0.001 -23"><span class='ocrx_word' id='word_1_125' title='bbox 240 1348 323 1400; x_wconf 89' lang='lat' dir='ltr'><strong>quum</strong></span> <span class='ocrx_word' id='word_1_126' title='bbox 334 1334 473 1391; x_wconf 90' lang='lat' dir='ltr'><strong>mnndum.</strong></span> <span class='ocrx_word' id='word_1_127' title='bbox 508 1336 634 1403; x_wconf 73' lang='lat' dir='ltr'><strong>Inprimis</strong></span> <span class='ocrx_word' id='word_1_128' title='bbox 652 1343 725 1399; x_wconf 80' lang='lat' dir='ltr'><strong>uota,</strong></span> <span class='ocrx_word' id='word_1_129' title='bbox 744 1335 817 1407; x_wconf 88' lang='lat' dir='ltr'><strong>quad</strong></span> <span class='ocrx_word' id='word_1_130' title='bbox 835 1336 863 1390; x_wconf 91' lang='lat' dir='ltr'><strong>in</strong></span> <span class='ocrx_word' id='word_1_131' title='bbox 881 1333 1012 1393; x_wconf 85' lang='lat' dir='ltr'><strong>alterutro</strong></span> <span class='ocrx_word' id='word_1_132' title='bbox 1030 1355 1174 1408; x_wconf 88' lang='lat' dir='ltr'><strong>corporum</strong></span> <span class='ocrx_word' id='word_1_133' title='bbox 1191 1338 1404 1407; x_wconf 74' lang='lat' dir='ltr'><strong>planetariorum</strong></span> <span class='ocrx_word' id='word_1_134' title='bbox 1422 1335 1513 1390; x_wconf 85' lang='lat' dir='ltr'><strong>nullus</strong></span> <span class='ocrx_word' id='word_1_135' title='bbox 1534 1350 1597 1389; x_wconf 86' lang='lat' dir='ltr'><strong>con-</strong></span> 
     </span>
     <span class='ocr_line' id='line_1_12' title="bbox 241 1412 1598 1484; baseline 0.001 -19"><span class='ocrx_word' id='word_1_136' title='bbox 241 1412 371 1466; x_wconf 88' lang='lat' dir='ltr'><strong>stituatur</strong></span> <span class='ocrx_word' id='word_1_137' title='bbox 388 1413 515 1480; x_wconf 87' lang='lat' dir='ltr'><strong>angulus.</strong></span> <span class='ocrx_word' id='word_1_138' title='bbox 550 1415 593 1468; x_wconf 84' lang='lat' dir='ltr'><strong>Ad</strong></span> <span class='ocrx_word' id='word_1_139' title='bbox 616 1415 746 1482; x_wconf 86' lang='lat' dir='ltr'><strong>angulum</strong></span> <span class='ocrx_word' id='word_1_140' title='bbox 770 1415 842 1470; x_wconf 90' lang='lat' dir='ltr'><strong>enim</strong></span> <span class='ocrx_word' id='word_1_141' title='bbox 860 1416 1036 1484; x_wconf 89' lang='lat' dir='ltr'><strong>requiruntur</strong></span> <span class='ocrx_word' id='word_1_142' title='bbox 1060 1418 1113 1472; x_wconf 90' lang='lat' dir='ltr'><strong>dno</strong></span> <span class='ocrx_word' id='word_1_143' title='bbox 1132 1417 1214 1483; x_wconf 91' lang='lat' dir='ltr'><strong>radii;</strong></span> <span class='ocrx_word' id='word_1_144' title='bbox 1244 1424 1273 1472; x_wconf 91' lang='lat' dir='ltr'><strong>at</strong></span> <span class='ocrx_word' id='word_1_145' title='bbox 1294 1416 1387 1471; x_wconf 89' lang='lat' dir='ltr'><strong>radius</strong></span> <span class='ocrx_word' id='word_1_146' title='bbox 1407 1415 1493 1469; x_wconf 89' lang='lat' dir='ltr'><strong>omnis</strong></span> <span class='ocrx_word' id='word_1_147' title='bbox 1518 1421 1598 1469; x_wconf 86' lang='lat' dir='ltr'><strong>extra</strong></span> 
     </span>
     <span class='ocr_line' id='line_1_13' title="bbox 241 1481 1598 1564; baseline 0.001 -20"><span class='ocrx_word' id='word_1_148' title='bbox 241 1481 339 1558; x_wconf 81' lang='lat' dir='ltr'><strong>corpua&#39;</strong></span> <span class='ocrx_word' id='word_1_149' title='bbox 358 1499 409 1557; x_wconf 87' lang='lat' dir='ltr'><strong>cst,</strong></span> <span class='ocrx_word' id='word_1_150' title='bbox 428 1492 519 1547; x_wconf 86' lang='lat' dir='ltr'><strong>nullus</strong></span> <span class='ocrx_word' id='word_1_151' title='bbox 537 1493 564 1546; x_wconf 90' lang='lat' dir='ltr'><strong>in</strong></span> <span class='ocrx_word' id='word_1_152' title='bbox 583 1492 642 1562; x_wconf 86' lang='lat' dir='ltr'><strong>ipso</strong></span> <span class='ocrx_word' id='word_1_153' title='bbox 661 1507 783 1561; x_wconf 85' lang='lat' dir='ltr'><strong>corpore.</strong></span> <span class='ocrx_word' id='word_1_154' title='bbox 819 1492 899 1562; x_wconf 71' lang='lat' dir='ltr'><strong>Quod</strong></span> <span class='ocrx_word' id='word_1_155' title='bbox 918 1492 979 1547; x_wconf 90' lang='lat' dir='ltr'><strong>ideo</strong></span> <span class='ocrx_word' id='word_1_156' title='bbox 998 1494 1156 1563; x_wconf 90' lang='lat' dir='ltr'><strong>notandum,</strong></span> <span class='ocrx_word' id='word_1_157' title='bbox 1176 1495 1454 1564; x_wconf 83' lang='lat' dir='ltr'><strong>quiaangulationem</strong></span> <span class='ocrx_word' id='word_1_158' title='bbox 1472 1494 1500 1548; x_wconf 91' lang='lat' dir='ltr'><strong>in</strong></span> <span class='ocrx_word' id='word_1_159' title='bbox 1514 1494 1598 1549; x_wconf 88' lang='lat' dir='ltr'><strong>Terra</strong></span> 
     </span>
     <span class='ocr_line' id='line_1_14' title="bbox 241 1567 1597 1643; baseline 0.005 -23"><span class='ocrx_word' id='word_1_160' title='bbox 241 1569 364 1637; x_wconf 85' lang='lat' dir='ltr'><strong>sequitur</strong></span> <span class='ocrx_word' id='word_1_161' title='bbox 382 1570 495 1625; x_wconf 83' lang='lat' dir='ltr'><strong>effectus</strong></span> <span class='ocrx_word' id='word_1_162' title='bbox 513 1571 541 1624; x_wconf 94' lang='lat' dir='ltr'><strong>in</strong></span> <span class='ocrx_word' id='word_1_163' title='bbox 560 1575 642 1625; x_wconf 83' lang='lat' dir='ltr'><strong>Terra</strong></span> <span class='ocrx_word' id='word_1_164' title='bbox 661 1571 749 1633; x_wconf 82' lang='lat' dir='ltr'><strong>ctiam,</strong></span> <span class='ocrx_word' id='word_1_165' title='bbox 769 1586 803 1624; x_wconf 83' lang='lat' dir='ltr'><strong>ex</strong></span> <span class='ocrx_word' id='word_1_166' title='bbox 822 1584 877 1638; x_wconf 89' lang='lat' dir='ltr'><strong>qua</strong></span> <span class='ocrx_word' id='word_1_167' title='bbox 895 1571 945 1626; x_wconf 86' lang='lat' dir='ltr'><strong>aab</strong></span> <span class='ocrx_word' id='word_1_168' title='bbox 964 1579 1073 1642; x_wconf 86' lang='lat' dir='ltr'><strong>tempus</strong></span> <span class='ocrx_word' id='word_1_169' title='bbox 1091 1567 1252 1643; x_wconf 79' lang='lat' dir='ltr'><strong>aspectuum</strong></span> <span class='ocrx_word' id='word_1_170' title='bbox 1271 1575 1393 1643; x_wconf 82' lang='lat' dir='ltr'><strong>exspirat</strong></span> <span class='ocrx_word' id='word_1_171' title='bbox 1408 1574 1521 1629; x_wconf 91' lang='lat' dir='ltr'><strong>materia</strong></span> <span class='ocrx_word' id='word_1_172' title='bbox 1538 1572 1597 1642; x_wconf 92' lang='lat' dir='ltr'><strong>plu·</strong></span> 
     </span>
     <span class='ocr_line' id='line_1_15' title="bbox 238 1644 1598 1721; baseline 0.006 -23"><span class='ocrx_word' id='word_1_173' title='bbox 238 1644 342 1701; x_wconf 82' lang='lat' dir='ltr'><strong>riarum</strong></span> <span class='ocrx_word' id='word_1_174' title='bbox 361 1646 389 1703; x_wconf 87' lang='lat' dir='ltr'><strong>et</strong></span> <span class='ocrx_word' id='word_1_175' title='bbox 407 1656 560 1704; x_wconf 89' lang='lat' dir='ltr'><strong>ceterorum</strong></span> <span class='ocrx_word' id='word_1_176' title='bbox 584 1657 779 1718; x_wconf 68' lang='lat' dir='ltr'><strong>meteororum</strong></span> <span class='ocrx_word' id='word_1_177' title='bbox 802 1658 834 1704; x_wconf 92' lang='lat' dir='ltr'><strong>nt</strong></span> <span class='ocrx_word' id='word_1_178' title='bbox 855 1649 890 1703; x_wconf 91' lang='lat' dir='ltr'><strong>de</strong></span> <span class='ocrx_word' id='word_1_179' title='bbox 908 1651 974 1706; x_wconf 89' lang='lat' dir='ltr'><strong>sede</strong></span> <span class='ocrx_word' id='word_1_180' title='bbox 998 1667 1111 1720; x_wconf 86' lang='lat' dir='ltr'><strong>causac,</strong></span> <span class='ocrx_word' id='word_1_181' title='bbox 1138 1652 1270 1708; x_wconf 88' lang='lat' dir='ltr'><strong>merentis</strong></span> <span class='ocrx_word' id='word_1_182' title='bbox 1295 1659 1429 1721; x_wconf 91' lang='lat' dir='ltr'><strong>meteora,</strong></span> <span class='ocrx_word' id='word_1_183' title='bbox 1458 1650 1598 1721; x_wconf 84' lang='lat' dir='ltr'><strong>disputare</strong></span> 
     </span>
     <span class='ocr_line' id='line_1_16' title="bbox 238 1725 1598 1802; baseline 0.006 -24"><span class='ocrx_word' id='word_1_184' title='bbox 238 1725 390 1794; x_wconf 88' lang='lat' dir='ltr'><strong>possimus,</strong></span> <span class='ocrx_word' id='word_1_185' title='bbox 418 1727 491 1795; x_wconf 90' lang='lat' dir='ltr'><strong>quod</strong></span> <span class='ocrx_word' id='word_1_186' title='bbox 509 1728 556 1782; x_wconf 92' lang='lat' dir='ltr'><strong>illa</strong></span> <span class='ocrx_word' id='word_1_187' title='bbox 574 1745 628 1782; x_wconf 92' lang='lat' dir='ltr'><strong>nou</strong></span> <span class='ocrx_word' id='word_1_188' title='bbox 647 1728 683 1787; x_wconf 87' lang='lat' dir='ltr'><strong>cit</strong></span> <span class='ocrx_word' id='word_1_189' title='bbox 699 1728 727 1782; x_wconf 91' lang='lat' dir='ltr'><strong>in</strong></span> <span class='ocrx_word' id='word_1_190' title='bbox 746 1729 858 1798; x_wconf 90' lang='lat' dir='ltr'><strong>planeta</strong></span> <span class='ocrx_word' id='word_1_191' title='bbox 885 1729 929 1783; x_wconf 82' lang='lat' dir='ltr'><strong>rel</strong></span> <span class='ocrx_word' id='word_1_192' title='bbox 949 1747 1004 1787; x_wconf 92' lang='lat' dir='ltr'><strong>uno</strong></span> <span class='ocrx_word' id='word_1_193' title='bbox 1029 1733 1073 1786; x_wconf 87' lang='lat' dir='ltr'><strong>vel</strong></span> <span class='ocrx_word' id='word_1_194' title='bbox 1092 1732 1191 1802; x_wconf 89' lang='lat' dir='ltr'><strong>altero,</strong></span> <span class='ocrx_word' id='word_1_195' title='bbox 1219 1749 1270 1787; x_wconf 89' lang='lat' dir='ltr'><strong>nec</strong></span> <span class='ocrx_word' id='word_1_196' title='bbox 1294 1732 1322 1785; x_wconf 93' lang='lat' dir='ltr'><strong>in</strong></span> <span class='ocrx_word' id='word_1_197' title='bbox 1340 1732 1401 1787; x_wconf 90' lang='lat' dir='ltr'><strong>loco</strong></span> <span class='ocrx_word' id='word_1_198' title='bbox 1427 1730 1481 1786; x_wconf 89' lang='lat' dir='ltr'><strong>a&#39;lio</strong></span> <span class='ocrx_word' id='word_1_199' title='bbox 1505 1729 1598 1786; x_wconf 89' lang='lat' dir='ltr'><strong>mundi</strong></span> 
     </span>
     <span class='ocr_line' id='line_1_17' title="bbox 238 1802 1408 1877; baseline 0.01 -23"><span class='ocrx_word' id='word_1_200' title='bbox 238 1818 338 1874; x_wconf 82' lang='lat' dir='ltr'><strong>vacuo,</strong></span> <span class='ocrx_word' id='word_1_201' title='bbox 357 1807 406 1862; x_wconf 88' lang='lat' dir='ltr'><strong>sed</strong></span> <span class='ocrx_word' id='word_1_202' title='bbox 424 1807 452 1861; x_wconf 93' lang='lat' dir='ltr'><strong>in</strong></span> <span class='ocrx_word' id='word_1_203' title='bbox 471 1808 530 1877; x_wconf 87' lang='lat' dir='ltr'><strong>ipsa</strong></span> <span class='ocrx_word' id='word_1_204' title='bbox 549 1809 641 1863; x_wconf 86' lang='lat' dir='ltr'><strong>Terra.</strong></span> <span class='ocrx_word' id='word_1_205' title='bbox 1036 1860 1039 1866; x_wconf 87' lang='lat'><strong>.</strong></span> <span class='ocrx_word' id='word_1_206' title='bbox 1399 1802 1408 1875; x_wconf 79' lang='grc'><strong>’,</strong></span> 
     </span>
    </p>

    <p class='ocr_par' dir='ltr' id='par_1_6' title="bbox 239 1887 1596 2356">
     <span class='ocr_line' id='line_1_18' title="bbox 310 1887 1596 1958; baseline 0.005 -22"><span class='ocrx_word' id='word_1_207' title='bbox 310 1888 400 1940; x_wconf 83' lang='lat' dir='ltr'><strong>Tertio</strong></span> <span class='ocrx_word' id='word_1_208' title='bbox 419 1902 473 1941; x_wconf 91' lang='lat' dir='ltr'><strong>non</strong></span> <span class='ocrx_word' id='word_1_209' title='bbox 492 1889 596 1942; x_wconf 89' lang='lat' dir='ltr'><strong>frustra</strong></span> <span class='ocrx_word' id='word_1_210' title='bbox 613 1887 706 1942; x_wconf 89' lang='lat' dir='ltr'><strong>addita</strong></span> <span class='ocrx_word' id='word_1_211' title='bbox 725 1893 767 1941; x_wconf 88' lang='lat' dir='ltr'><strong>est</strong></span> <span class='ocrx_word' id='word_1_212' title='bbox 784 1887 894 1954; x_wconf 89' lang='lat' dir='ltr'><strong>mentio,</strong></span> <span class='ocrx_word' id='word_1_213' title='bbox 914 1888 988 1955; x_wconf 90' lang='lat' dir='ltr'><strong>quod</strong></span> <span class='ocrx_word' id='word_1_214' title='bbox 1007 1890 1093 1944; x_wconf 87' lang='lat' dir='ltr'><strong>Terra</strong></span> <span class='ocrx_word' id='word_1_215' title='bbox 1111 1890 1206 1958; x_wconf 91' lang='lat' dir='ltr'><strong>puncti</strong></span> <span class='ocrx_word' id='word_1_216' title='bbox 1223 1890 1356 1944; x_wconf 87' lang='lat' dir='ltr'><strong>rationem</strong></span> <span class='ocrx_word' id='word_1_217' title='bbox 1374 1889 1487 1957; x_wconf 90' lang='lat' dir='ltr'><strong>habeat;</strong></span> <span class='ocrx_word' id='word_1_218' title='bbox 1511 1905 1545 1943; x_wconf 87' lang='lat' dir='ltr'><strong>ex</strong></span> <span class='ocrx_word' id='word_1_219' title='bbox 1564 1905 1596 1943; x_wconf 87' lang='lat' dir='ltr'><strong>eo</strong></span> 
     </span>
     <span class='ocr_line' id='line_1_19' title="bbox 239 1961 1596 2039; baseline 0.007 -26"><span class='ocrx_word' id='word_1_220' title='bbox 239 1961 310 2017; x_wconf 89' lang='lat' dir='ltr'><strong>enim</strong></span> <span class='ocrx_word' id='word_1_221' title='bbox 328 1965 458 2034; x_wconf 87' lang='lat' dir='ltr'><strong>sequitur,</strong></span> <span class='ocrx_word' id='word_1_222' title='bbox 478 1967 530 2021; x_wconf 90' lang='lat' dir='ltr'><strong>etsi</strong></span> <span class='ocrx_word' id='word_1_223' title='bbox 548 1968 697 2022; x_wconf 84' lang='lat' dir='ltr'><strong>animantes</strong></span> <span class='ocrx_word' id='word_1_224' title='bbox 716 1968 745 2020; x_wconf 92' lang='lat' dir='ltr'><strong>in</strong></span> <span class='ocrx_word' id='word_1_225' title='bbox 763 1967 848 2021; x_wconf 86' lang='lat' dir='ltr'><strong>Terra</strong></span> <span class='ocrx_word' id='word_1_226' title='bbox 867 1965 1002 2021; x_wconf 88' lang='lat' dir='ltr'><strong>innumeri</strong></span> <span class='ocrx_word' id='word_1_227' title='bbox 1019 1968 1143 2039; x_wconf 84' lang='lat' dir='ltr'><strong>radiiqua</strong></span> <span class='ocrx_word' id='word_1_228' title='bbox 1163 1983 1196 2023; x_wconf 82' lang='lat' dir='ltr'><strong>ex</strong></span> <span class='ocrx_word' id='word_1_229' title='bbox 1216 1969 1338 2038; x_wconf 89' lang='lat' dir='ltr'><strong>quolibet</strong></span> <span class='ocrx_word' id='word_1_230' title='bbox 1354 1968 1466 2036; x_wconf 86' lang='lat' dir='ltr'><strong>planeta</strong></span> <span class='ocrx_word' id='word_1_231' title='bbox 1488 1968 1516 2021; x_wconf 91' lang='lat' dir='ltr'><strong>in</strong></span> <span class='ocrx_word' id='word_1_232' title='bbox 1534 1966 1596 2022; x_wconf 90' lang='lat' dir='ltr'><strong>illos</strong></span> 
     </span>
     <span class='ocr_line' id='line_1_20' title="bbox 240 2042 1596 2115; baseline 0.005 -23"><span class='ocrx_word' id='word_1_233' title='bbox 240 2042 389 2111; x_wconf 89' lang='lat' dir='ltr'><strong>etreliqua</strong></span> <span class='ocrx_word' id='word_1_234' title='bbox 407 2044 507 2098; x_wconf 80' lang='lat' dir='ltr'><strong>Terrae</strong></span> <span class='ocrx_word' id='word_1_235' title='bbox 532 2053 634 2113; x_wconf 86' lang='lat' dir='ltr'><strong>puncta</strong></span> <span class='ocrx_word' id='word_1_236' title='bbox 651 2044 762 2109; x_wconf 86' lang='lat' dir='ltr'><strong>infiniti,</strong></span> <span class='ocrx_word' id='word_1_237' title='bbox 788 2043 903 2099; x_wconf 87' lang='lat' dir='ltr'><strong>eundem</strong></span> <span class='ocrx_word' id='word_1_238' title='bbox 927 2051 1018 2103; x_wconf 88' lang='lat' dir='ltr'><strong>tamen</strong></span> <span class='ocrx_word' id='word_1_239' title='bbox 1042 2048 1078 2102; x_wconf 87' lang='lat' dir='ltr'><strong>ad</strong></span> <span class='ocrx_word' id='word_1_240' title='bbox 1096 2063 1207 2103; x_wconf 84' lang='lat' dir='ltr'><strong>sensum</strong></span> <span class='ocrx_word' id='word_1_241' title='bbox 1226 2062 1287 2102; x_wconf 88' lang='lat' dir='ltr'><strong>esse</strong></span> <span class='ocrx_word' id='word_1_242' title='bbox 1305 2046 1436 2115; x_wconf 85' lang='lat' dir='ltr'><strong>angulum</strong></span> <span class='ocrx_word' id='word_1_243' title='bbox 1460 2046 1596 2100; x_wconf 87' lang='lat' dir='ltr'><strong>radiorum</strong></span> 
     </span>
     <span class='ocr_line' id='line_1_21' title="bbox 242 2120 1596 2195; baseline 0.004 -22"><span class='ocrx_word' id='word_1_244' title='bbox 242 2120 346 2176; x_wconf 90' lang='lat' dir='ltr'><strong>abinia</strong></span> <span class='ocrx_word' id='word_1_245' title='bbox 365 2123 482 2193; x_wconf 88' lang='lat' dir='ltr'><strong>planetis</strong></span> <span class='ocrx_word' id='word_1_246' title='bbox 501 2125 665 2178; x_wconf 77' lang='lat' dir='ltr'><strong>venientium</strong></span> <span class='ocrx_word' id='word_1_247' title='bbox 683 2124 779 2178; x_wconf 85' lang='lat' dir='ltr'><strong>eodem</strong></span> <span class='ocrx_word' id='word_1_248' title='bbox 797 2131 918 2192; x_wconf 87' lang='lat' dir='ltr'><strong>tempore</strong></span> <span class='ocrx_word' id='word_1_249' title='bbox 937 2142 987 2195; x_wconf 89' lang='lat' dir='ltr'><strong>per</strong></span> <span class='ocrx_word' id='word_1_250' title='bbox 1005 2127 1095 2193; x_wconf 78' lang='lat' dir='ltr'><strong>omnip</strong></span> <span class='ocrx_word' id='word_1_251' title='bbox 1114 2127 1214 2181; x_wconf 87' lang='lat' dir='ltr'><strong>Terrae</strong></span> <span class='ocrx_word' id='word_1_252' title='bbox 1233 2132 1346 2195; x_wconf 83' lang='lat' dir='ltr'><strong>puncta,</strong></span> <span class='ocrx_word' id='word_1_253' title='bbox 1374 2125 1476 2180; x_wconf 85' lang='lat' dir='ltr'><strong>sivein</strong></span> <span class='ocrx_word' id='word_1_254' title='bbox 1495 2130 1596 2188; x_wconf 85' lang='lat' dir='ltr'><strong>centro,</strong></span> 
     </span>
     <span class='ocr_line' id='line_1_22' title="bbox 240 2198 1596 2275; baseline 0.005 -23"><span class='ocrx_word' id='word_1_255' title='bbox 240 2198 296 2252; x_wconf 79' lang='lat' dir='ltr'><strong>sire</strong></span> <span class='ocrx_word' id='word_1_256' title='bbox 314 2201 340 2254; x_wconf 93' lang='lat' dir='ltr'><strong>in</strong></span> <span class='ocrx_word' id='word_1_257' title='bbox 360 2203 511 2273; x_wconf 73' lang='lat' dir='ltr'><strong>simerficia</strong></span> <span class='ocrx_word' id='word_1_258' title='bbox 530 2204 586 2258; x_wconf 78' lang='lat' dir='ltr'><strong>siae</strong></span> <span class='ocrx_word' id='word_1_259' title='bbox 604 2204 632 2257; x_wconf 89' lang='lat' dir='ltr'><strong>in</strong></span> <span class='ocrx_word' id='word_1_260' title='bbox 650 2204 772 2258; x_wconf 79' lang='lat' dir='ltr'><strong>cavernis</strong></span> <span class='ocrx_word' id='word_1_261' title='bbox 790 2205 936 2272; x_wconf 79' lang='lat' dir='ltr'><strong>montium3</strong></span> <span class='ocrx_word' id='word_1_262' title='bbox 956 2220 1050 2261; x_wconf 88' lang='lat' dir='ltr'><strong>omncs</strong></span> <span class='ocrx_word' id='word_1_263' title='bbox 1068 2205 1110 2260; x_wconf 86' lang='lat' dir='ltr'><strong>illi</strong></span> <span class='ocrx_word' id='word_1_264' title='bbox 1128 2214 1264 2275; x_wconf 85' lang='lat' dir='ltr'><strong>aspectus,</strong></span> <span class='ocrx_word' id='word_1_265' title='bbox 1281 2206 1346 2260; x_wconf 92' lang='lat' dir='ltr'><strong>licet</strong></span> <span class='ocrx_word' id='word_1_266' title='bbox 1361 2221 1473 2260; x_wconf 92' lang='lat' dir='ltr'><strong>numero</strong></span> <span class='ocrx_word' id='word_1_267' title='bbox 1490 2205 1596 2274; x_wconf 87' lang='lat' dir='ltr'><strong>infiniti,</strong></span> 
     </span>
     <span class='ocr_line' id='line_1_23' title="bbox 241 2282 1538 2356; baseline 0.005 -24"><span class='ocrx_word' id='word_1_268' title='bbox 241 2294 291 2345; x_wconf 91' lang='lat' dir='ltr'><strong>pro</strong></span> <span class='ocrx_word' id='word_1_269' title='bbox 311 2297 366 2336; x_wconf 91' lang='lat' dir='ltr'><strong>uno</strong></span> <span class='ocrx_word' id='word_1_270' title='bbox 383 2289 499 2352; x_wconf 89' lang='lat' dir='ltr'><strong>aspectu</strong></span> <span class='ocrx_word' id='word_1_271' title='bbox 516 2282 659 2337; x_wconf 86' lang='lat' dir='ltr'><strong>habentur.</strong></span> <span class='ocrx_word' id='word_1_272' title='bbox 696 2282 795 2337; x_wconf 89' lang='lat' dir='ltr'><strong>Omnes</strong></span> <span class='ocrx_word' id='word_1_273' title='bbox 814 2284 914 2353; x_wconf 83' lang='lat' dir='ltr'><strong>quippe</strong></span> <span class='ocrx_word' id='word_1_274' title='bbox 933 2284 1098 2339; x_wconf 84' lang='lat' dir='ltr'><strong>adsensum</strong></span> <span class='ocrx_word' id='word_1_275' title='bbox 1113 2285 1186 2341; x_wconf 88' lang='lat' dir='ltr'><strong>inter</strong></span> <span class='ocrx_word' id='word_1_276' title='bbox 1203 2301 1233 2342; x_wconf 88' lang='lat' dir='ltr'><strong>ac</strong></span> <span class='ocrx_word' id='word_1_277' title='bbox 1252 2286 1380 2356; x_wconf 79' lang='lat' dir='ltr'><strong>aequales</strong></span> <span class='ocrx_word' id='word_1_278' title='bbox 1398 2291 1468 2339; x_wconf 89' lang='lat' dir='ltr'><strong>sunt.</strong></span> <span class='ocrx_word' id='word_1_279' title='bbox 1535 2298 1538 2308; x_wconf 87' lang='grc'><strong>’</strong></span> 
     </span>
    </p>
   </div>
   <div class='ocr_carea' id='block_1_5' title="bbox 240 2362 1598 2632">
    <p class='ocr_par' dir='ltr' id='par_1_7' title="bbox 240 2362 1598 2632">
     <span class='ocr_line' id='line_1_24' title="bbox 327 2362 1598 2454; baseline 0.002 -21"><span class='ocrx_word' id='word_1_280' title='bbox 327 2375 518 2435; x_wconf 78' lang='lat' dir='ltr'><strong>Definitio</strong></span> <span class='ocrx_word' id='word_1_281' title='bbox 540 2374 580 2432; x_wconf 93' lang='lat' dir='ltr'><strong>Il.</strong></span> <span class='ocrx_word' id='word_1_282' title='bbox 632 2362 744 2432; x_wconf 81' lang='lat' dir='ltr'><strong>Efficax</strong></span> <span class='ocrx_word' id='word_1_283' title='bbox 774 2374 967 2450; x_wconf 83' lang='lat' dir='ltr'><strong>configuratio</strong></span> <span class='ocrx_word' id='word_1_284' title='bbox 998 2374 1117 2450; x_wconf 85' lang='lat' dir='ltr'><strong>dicitur,</strong></span> <span class='ocrx_word' id='word_1_285' title='bbox 1155 2395 1220 2444; x_wconf 85' lang='lat' dir='ltr'><strong>curu</strong></span> <span class='ocrx_word' id='word_1_286' title='bbox 1250 2381 1384 2439; x_wconf 89' lang='lat' dir='ltr'><strong>binorum</strong></span> <span class='ocrx_word' id='word_1_287' title='bbox 1413 2378 1598 2454; x_wconf 89' lang='lat' dir='ltr'><strong>planetarum</strong></span> 
     </span>
     <span class='ocr_line' id='line_1_25' title="bbox 241 2460 1596 2540; baseline 0.003 -21"><span class='ocrx_word' id='word_1_288' title='bbox 241 2460 314 2519; x_wconf 85' lang='lat' dir='ltr'><strong>radii</strong></span> <span class='ocrx_word' id='word_1_289' title='bbox 338 2463 427 2522; x_wconf 91' lang='lat' dir='ltr'><strong>talem</strong></span> <span class='ocrx_word' id='word_1_290' title='bbox 450 2462 562 2521; x_wconf 90' lang='lat' dir='ltr'><strong>faciunt</strong></span> <span class='ocrx_word' id='word_1_291' title='bbox 585 2462 734 2538; x_wconf 82' lang='lat' dir='ltr'><strong>angulum,</strong></span> <span class='ocrx_word' id='word_1_292' title='bbox 759 2465 810 2537; x_wconf 93' lang='lat' dir='ltr'><strong>qui</strong></span> <span class='ocrx_word' id='word_1_293' title='bbox 833 2463 870 2519; x_wconf 87' lang='lat' dir='ltr'><strong>sit</strong></span> <span class='ocrx_word' id='word_1_294' title='bbox 893 2472 979 2540; x_wconf 89' lang='lat' dir='ltr'><strong>aptus</strong></span> <span class='ocrx_word' id='word_1_295' title='bbox 1003 2463 1050 2520; x_wconf 85' lang='lat' dir='ltr'><strong>ad</strong></span> <span class='ocrx_word' id='word_1_296' title='bbox 1064 2465 1273 2525; x_wconf 86' lang='lat' dir='ltr'><strong>stimulandam</strong></span> <span class='ocrx_word' id='word_1_297' title='bbox 1295 2472 1429 2524; x_wconf 89' lang='lat' dir='ltr'><strong>naturam</strong></span> <span class='ocrx_word' id='word_1_298' title='bbox 1452 2464 1596 2524; x_wconf 86' lang='lat' dir='ltr'><strong>subluna-</strong></span> 
     </span>
     <span class='ocr_line' id='line_1_26' title="bbox 240 2550 1597 2632; baseline 0.003 -25"><span class='ocrx_word' id='word_1_299' title='bbox 240 2567 299 2608; x_wconf 85' lang='lat' dir='ltr'><strong>rem</strong></span> <span class='ocrx_word' id='word_1_300' title='bbox 323 2550 537 2627; x_wconf 78' lang='lat' dir='ltr'><strong>facultatesque</strong></span> <span class='ocrx_word' id='word_1_301' title='bbox 560 2550 708 2608; x_wconf 84' lang='lat' dir='ltr'><strong>inferiorce</strong></span> <span class='ocrx_word' id='word_1_302' title='bbox 731 2551 923 2624; x_wconf 86' lang='lat' dir='ltr'><strong>animantum,</strong></span> <span class='ocrx_word' id='word_1_303' title='bbox 949 2560 981 2609; x_wconf 91' lang='lat' dir='ltr'><strong>nt</strong></span> <span class='ocrx_word' id='word_1_304' title='bbox 995 2552 1072 2611; x_wconf 87' lang='lat' dir='ltr'><strong>circa</strong></span> <span class='ocrx_word' id='word_1_305' title='bbox 1088 2570 1162 2632; x_wconf 88' lang='lat' dir='ltr'><strong>opus</strong></span> <span class='ocrx_word' id='word_1_306' title='bbox 1185 2570 1319 2630; x_wconf 89' lang='lat' dir='ltr'><strong>quaeque</strong></span> <span class='ocrx_word' id='word_1_307' title='bbox 1341 2570 1426 2613; x_wconf 87' lang='lat' dir='ltr'><strong>sunm</strong></span> <span class='ocrx_word' id='word_1_308' title='bbox 1449 2552 1501 2610; x_wconf 88' lang='lat' dir='ltr'><strong>liat</strong></span> <span class='ocrx_word' id='word_1_309' title='bbox 1523 2569 1597 2629; x_wconf 89' lang='lat' dir='ltr'><strong>opo-</strong></span> 
     </span>
    </p>
   </div>
   <div class='ocr_carea' id='block_1_6' title="bbox 218 2637 1597 4208">
    <p class='ocr_par' dir='ltr' id='par_1_8' title="bbox 218 2637 1597 4208">
     <span class='ocr_line' id='line_1_27' title="bbox 242 2637 861 2714; baseline 0.005 -19"><span class='ocrx_word' id='word_1_310' title='bbox 242 2640 336 2698; x_wconf 88' lang='lat' dir='ltr'><strong>rosior</strong></span> <span class='ocrx_word' id='word_1_311' title='bbox 358 2639 414 2697; x_wconf 83' lang='lat' dir='ltr'><strong>sub</strong></span> <span class='ocrx_word' id='word_1_312' title='bbox 437 2646 552 2714; x_wconf 89' lang='lat' dir='ltr'><strong>tempus</strong></span> <span class='ocrx_word' id='word_1_313' title='bbox 576 2637 822 2713; x_wconf 86' lang='lat' dir='ltr'><strong>configurationis.</strong></span> <span class='ocrx_word' id='word_1_314' title='bbox 858 2692 861 2698; x_wconf 27' lang='grc' dir='ltr'>ι</span> 
     </span>
     <span class='ocr_line' id='line_1_28' title="bbox 329 2718 1597 2791; baseline -0.001 -16"><span class='ocrx_word' id='word_1_315' title='bbox 329 2721 471 2775; x_wconf 80' lang='lat' dir='ltr'><strong>&#39;l&#39;ribnitur</strong></span> <span class='ocrx_word' id='word_1_316' title='bbox 489 2719 611 2774; x_wconf 87' lang='lat' dir='ltr'><strong>efficacia</strong></span> <span class='ocrx_word' id='word_1_317' title='bbox 629 2719 850 2789; x_wconf 86' lang='lat' dir='ltr'><strong>configurationi,</strong></span> <span class='ocrx_word' id='word_1_318' title='bbox 869 2734 939 2788; x_wconf 89' lang='lat' dir='ltr'><strong>quae</strong></span> <span class='ocrx_word' id='word_1_319' title='bbox 957 2718 1106 2776; x_wconf 79' lang='lat' dir='ltr'><strong>formaliter</strong></span> <span class='ocrx_word' id='word_1_320' title='bbox 1123 2737 1171 2777; x_wconf 90' lang='lat' dir='ltr'><strong>ens</strong></span> <span class='ocrx_word' id='word_1_321' title='bbox 1192 2723 1305 2778; x_wconf 88' lang='lat' dir='ltr'><strong>rationis</strong></span> <span class='ocrx_word' id='word_1_322' title='bbox 1323 2730 1381 2791; x_wconf 88' lang='lat' dir='ltr'><strong>est,</strong></span> <span class='ocrx_word' id='word_1_323' title='bbox 1400 2722 1448 2777; x_wconf 89' lang='lat' dir='ltr'><strong>aed</strong></span> <span class='ocrx_word' id='word_1_324' title='bbox 1467 2738 1522 2776; x_wconf 91' lang='lat' dir='ltr'><strong>non</strong></span> <span class='ocrx_word' id='word_1_325' title='bbox 1540 2720 1597 2775; x_wconf 89' lang='lat' dir='ltr'><strong>effi-</strong></span> 
     </span>
     <span class='ocr_line' id='line_1_29' title="bbox 241 2797 1597 2870; baseline 0 -18"><span class='ocrx_word' id='word_1_326' title='bbox 241 2799 361 2853; x_wconf 76' lang='lat' dir='ltr'><strong>carmin</strong></span> <span class='ocrx_word' id='word_1_327' title='bbox 379 2815 436 2853; x_wconf 89' lang='lat' dir='ltr'><strong>rem</strong></span> <span class='ocrx_word' id='word_1_328' title='bbox 454 2799 541 2868; x_wconf 85' lang='lat' dir='ltr'><strong>ipsam</strong></span> <span class='ocrx_word' id='word_1_329' title='bbox 558 2799 727 2866; x_wconf 87' lang='lat' dir='ltr'><strong>immediata,</strong></span> <span class='ocrx_word' id='word_1_330' title='bbox 752 2800 831 2869; x_wconf 89' lang='lat' dir='ltr'><strong>quasi</strong></span> <span class='ocrx_word' id='word_1_331' title='bbox 850 2798 959 2868; x_wconf 81' lang='lat' dir='ltr'><strong>pluviae</strong></span> <span class='ocrx_word' id='word_1_332' title='bbox 977 2805 1006 2852; x_wconf 91' lang='lat' dir='ltr'><strong>et</strong></span> <span class='ocrx_word' id='word_1_333' title='bbox 1024 2799 1122 2855; x_wconf 88' lang='lat' dir='ltr'><strong>similia</strong></span> <span class='ocrx_word' id='word_1_334' title='bbox 1141 2816 1175 2855; x_wconf 85' lang='lat' dir='ltr'><strong>ex</strong></span> <span class='ocrx_word' id='word_1_335' title='bbox 1193 2801 1253 2870; x_wconf 91' lang='lat' dir='ltr'><strong>ipso</strong></span> <span class='ocrx_word' id='word_1_336' title='bbox 1271 2799 1363 2868; x_wconf 88' lang='lat' dir='ltr'><strong>coelo,</strong></span> <span class='ocrx_word' id='word_1_337' title='bbox 1385 2800 1522 2855; x_wconf 87' lang='lat' dir='ltr'><strong>sciliceta</strong></span> <span class='ocrx_word' id='word_1_338' title='bbox 1539 2797 1597 2867; x_wconf 92' lang='lat' dir='ltr'><strong>pla·</strong></span> 
     </span>
     <span class='ocr_line' id='line_1_30' title="bbox 241 2877 1596 2947; baseline 0.002 -19"><span class='ocrx_word' id='word_1_339' title='bbox 241 2878 311 2930; x_wconf 83' lang='lat' dir='ltr'><strong>netis</strong></span> <span class='ocrx_word' id='word_1_340' title='bbox 329 2877 506 2947; x_wconf 78' lang='lat' dir='ltr'><strong>configuratio</strong></span> <span class='ocrx_word' id='word_1_341' title='bbox 525 2877 724 2933; x_wconf 87' lang='lat' dir='ltr'><strong>delaberentnr.</strong></span> <span class='ocrx_word' id='word_1_342' title='bbox 743 2894 811 2947; x_wconf 88' lang='lat' dir='ltr'><strong>quac</strong></span> <span class='ocrx_word' id='word_1_343' title='bbox 830 2877 905 2945; x_wconf 80' lang='lat' dir='ltr'><strong>siilgi</strong></span> <span class='ocrx_word' id='word_1_344' title='bbox 924 2877 1010 2931; x_wconf 89' lang='lat' dir='ltr'><strong>stulta</strong></span> <span class='ocrx_word' id='word_1_345' title='bbox 1026 2880 1168 2945; x_wconf 80' lang='lat' dir='ltr'><strong>persuasio</strong></span> <span class='ocrx_word' id='word_1_346' title='bbox 1186 2885 1244 2947; x_wconf 79' lang='lat' dir='ltr'><strong>eat3</strong></span> <span class='ocrx_word' id='word_1_347' title='bbox 1264 2881 1313 2934; x_wconf 91' lang='lat' dir='ltr'><strong>aed</strong></span> <span class='ocrx_word' id='word_1_348' title='bbox 1324 2879 1444 2934; x_wconf 88' lang='lat' dir='ltr'><strong>mediata</strong></span> <span class='ocrx_word' id='word_1_349' title='bbox 1461 2886 1490 2932; x_wconf 89' lang='lat' dir='ltr'><strong>et</strong></span> <span class='ocrx_word' id='word_1_350' title='bbox 1508 2877 1596 2945; x_wconf 87' lang='lat' dir='ltr'><strong>objec-</strong></span> 
     </span>
     <span class='ocr_line' id='line_1_31' title="bbox 239 2953 1596 3025; baseline 0.001 -17"><span class='ocrx_word' id='word_1_351' title='bbox 239 2953 301 3008; x_wconf 81' lang='lat' dir='ltr'><strong>tiva.</strong></span> <span class='ocrx_word' id='word_1_352' title='bbox 338 2957 408 3011; x_wconf 90' lang='lat' dir='ltr'><strong>Nam</strong></span> <span class='ocrx_word' id='word_1_353' title='bbox 433 2957 505 3011; x_wconf 89' lang='lat' dir='ltr'><strong>sicut</strong></span> <span class='ocrx_word' id='word_1_354' title='bbox 526 2957 633 3024; x_wconf 89' lang='lat' dir='ltr'><strong>objecta</strong></span> <span class='ocrx_word' id='word_1_355' title='bbox 649 2966 760 3011; x_wconf 80' lang='lat' dir='ltr'><strong>mouent</strong></span> <span class='ocrx_word' id='word_1_356' title='bbox 777 2972 887 3025; x_wconf 88' lang='lat' dir='ltr'><strong>sensus,</strong></span> <span class='ocrx_word' id='word_1_357' title='bbox 913 2971 997 3011; x_wconf 87' lang='lat' dir='ltr'><strong>sonus</strong></span> <span class='ocrx_word' id='word_1_358' title='bbox 1016 2955 1137 3010; x_wconf 89' lang='lat' dir='ltr'><strong>auditum</strong></span> <span class='ocrx_word' id='word_1_359' title='bbox 1162 2973 1217 3012; x_wconf 90' lang='lat' dir='ltr'><strong>non</strong></span> <span class='ocrx_word' id='word_1_360' title='bbox 1236 2958 1343 3025; x_wconf 90' lang='lat' dir='ltr'><strong>oculos,</strong></span> <span class='ocrx_word' id='word_1_361' title='bbox 1368 2967 1397 3014; x_wconf 83' lang='lat' dir='ltr'><strong>et</strong></span> <span class='ocrx_word' id='word_1_362' title='bbox 1417 2957 1493 3012; x_wconf 91' lang='lat' dir='ltr'><strong>color</strong></span> <span class='ocrx_word' id='word_1_363' title='bbox 1509 2958 1596 3010; x_wconf 82' lang='lat' dir='ltr'><strong>risum</strong></span> 
     </span>
     <span class='ocr_line' id='line_1_32' title="bbox 218 3033 1596 3109; baseline 0.001 -24"><span class='ocrx_word' id='word_1_364' title='bbox 218 3038 294 3087; x_wconf 84' lang='lat' dir='ltr'><strong>&#39;nou</strong></span> <span class='ocrx_word' id='word_1_365' title='bbox 312 3033 450 3103; x_wconf 88' lang='lat' dir='ltr'><strong>auditum,</strong></span> <span class='ocrx_word' id='word_1_366' title='bbox 479 3034 518 3088; x_wconf 89' lang='lat' dir='ltr'><strong>sic</strong></span> <span class='ocrx_word' id='word_1_367' title='bbox 537 3035 617 3087; x_wconf 86' lang='lat' dir='ltr'><strong>etiarn</strong></span> <span class='ocrx_word' id='word_1_368' title='bbox 635 3035 681 3088; x_wconf 92' lang='lat' dir='ltr'><strong>hic</strong></span> <span class='ocrx_word' id='word_1_369' title='bbox 698 3042 774 3091; x_wconf 90' lang='lat' dir='ltr'><strong>certa</strong></span> <span class='ocrx_word' id='word_1_370' title='bbox 791 3034 910 3104; x_wconf 88' lang='lat' dir='ltr'><strong>qualitas</strong></span> <span class='ocrx_word' id='word_1_371' title='bbox 928 3033 1069 3091; x_wconf 88' lang='lat' dir='ltr'><strong>relationis</strong></span> <span class='ocrx_word' id='word_1_372' title='bbox 1087 3035 1184 3105; x_wconf 86' lang='lat' dir='ltr'><strong>hujus,</strong></span> <span class='ocrx_word' id='word_1_373' title='bbox 1202 3052 1273 3106; x_wconf 90' lang='lat' dir='ltr'><strong>quae</strong></span> <span class='ocrx_word' id='word_1_374' title='bbox 1291 3037 1471 3109; x_wconf 84' lang='lat' dir='ltr'><strong>configuratio</strong></span> <span class='ocrx_word' id='word_1_375' title='bbox 1489 3035 1596 3107; x_wconf 79' lang='lat' dir='ltr'><strong>dicitur,</strong></span> 
     </span>
     <span class='ocr_line' id='line_1_33' title="bbox 242 3113 1596 3184; baseline 0.001 -19"><span class='ocrx_word' id='word_1_376' title='bbox 242 3119 330 3167; x_wconf 85' lang='lat' dir='ltr'><strong>moret</strong></span> <span class='ocrx_word' id='word_1_377' title='bbox 347 3130 402 3167; x_wconf 90' lang='lat' dir='ltr'><strong>non</strong></span> <span class='ocrx_word' id='word_1_378' title='bbox 421 3130 518 3168; x_wconf 84' lang='lat' dir='ltr'><strong>sensus</strong></span> <span class='ocrx_word' id='word_1_379' title='bbox 536 3115 669 3182; x_wconf 90' lang='lat' dir='ltr'><strong>corporis,</strong></span> <span class='ocrx_word' id='word_1_380' title='bbox 697 3113 746 3168; x_wconf 89' lang='lat' dir='ltr'><strong>sed</strong></span> <span class='ocrx_word' id='word_1_381' title='bbox 764 3113 923 3169; x_wconf 86' lang='lat' dir='ltr'><strong>facultatem</strong></span> <span class='ocrx_word' id='word_1_382' title='bbox 948 3114 1105 3184; x_wconf 86' lang='lat' dir='ltr'><strong>animalem,</strong></span> <span class='ocrx_word' id='word_1_383' title='bbox 1133 3117 1246 3172; x_wconf 90' lang='lat' dir='ltr'><strong>rationis</strong></span> <span class='ocrx_word' id='word_1_384' title='bbox 1267 3132 1302 3172; x_wconf 85' lang='lat' dir='ltr'><strong>cx</strong></span> <span class='ocrx_word' id='word_1_385' title='bbox 1319 3117 1450 3172; x_wconf 88' lang='lat' dir='ltr'><strong>instinctu</strong></span> <span class='ocrx_word' id='word_1_386' title='bbox 1469 3128 1596 3183; x_wconf 88' lang='lat' dir='ltr'><strong>capacem</strong></span> 
     </span>
     <span class='ocr_line' id='line_1_34' title="bbox 241 3190 1596 3265; baseline 0.001 -22"><span class='ocrx_word' id='word_1_387' title='bbox 241 3192 299 3245; x_wconf 91' lang='lat' dir='ltr'><strong>sine</strong></span> <span class='ocrx_word' id='word_1_388' title='bbox 318 3191 450 3247; x_wconf 87' lang='lat' dir='ltr'><strong>discursu.</strong></span> <span class='ocrx_word' id='word_1_389' title='bbox 485 3193 564 3246; x_wconf 84' lang='lat' dir='ltr'><strong>Facit</strong></span> <span class='ocrx_word' id='word_1_390' title='bbox 577 3191 664 3260; x_wconf 88' lang='lat' dir='ltr'><strong>igitur</strong></span> <span class='ocrx_word' id='word_1_391' title='bbox 681 3192 734 3247; x_wconf 92' lang='lat' dir='ltr'><strong>hoc</strong></span> <span class='ocrx_word' id='word_1_392' title='bbox 752 3190 929 3259; x_wconf 88' lang='lat' dir='ltr'><strong>configuratio</strong></span> <span class='ocrx_word' id='word_1_393' title='bbox 949 3193 975 3246; x_wconf 88' lang='lat' dir='ltr'><strong>vi</strong></span> <span class='ocrx_word' id='word_1_394' title='bbox 993 3210 1047 3247; x_wconf 91' lang='lat' dir='ltr'><strong>non</strong></span> <span class='ocrx_word' id='word_1_395' title='bbox 1065 3195 1184 3263; x_wconf 87' lang='lat' dir='ltr'><strong>propria,</strong></span> <span class='ocrx_word' id='word_1_396' title='bbox 1206 3194 1253 3250; x_wconf 85' lang='lat' dir='ltr'><strong>aad</strong></span> <span class='ocrx_word' id='word_1_397' title='bbox 1273 3195 1300 3248; x_wconf 87' lang='lat' dir='ltr'><strong>ri</strong></span> <span class='ocrx_word' id='word_1_398' title='bbox 1317 3196 1431 3265; x_wconf 88' lang='lat' dir='ltr'><strong>animae,</strong></span> <span class='ocrx_word' id='word_1_399' title='bbox 1450 3211 1522 3265; x_wconf 91' lang='lat' dir='ltr'><strong>quae</strong></span> <span class='ocrx_word' id='word_1_400' title='bbox 1540 3193 1596 3262; x_wconf 90' lang='lat' dir='ltr'><strong>pati</strong></span> 
     </span>
     <span class='ocr_line' id='line_1_35' title="bbox 241 3269 1597 3341; baseline 0.006 -19"><span class='ocrx_word' id='word_1_401' title='bbox 241 3269 347 3337; x_wconf 90' lang='lat' dir='ltr'><strong>dicitur,</strong></span> <span class='ocrx_word' id='word_1_402' title='bbox 366 3286 427 3324; x_wconf 90' lang='lat' dir='ltr'><strong>cum</strong></span> <span class='ocrx_word' id='word_1_403' title='bbox 440 3286 469 3325; x_wconf 89' lang='lat' dir='ltr'><strong>rc</strong></span> <span class='ocrx_word' id='word_1_404' title='bbox 482 3287 546 3326; x_wconf 87' lang='lat' dir='ltr'><strong>vera</strong></span> <span class='ocrx_word' id='word_1_405' title='bbox 557 3270 648 3340; x_wconf 90' lang='lat' dir='ltr'><strong>potius</strong></span> <span class='ocrx_word' id='word_1_406' title='bbox 662 3280 734 3340; x_wconf 87' lang='lat' dir='ltr'><strong>agat,</strong></span> <span class='ocrx_word' id='word_1_407' title='bbox 746 3271 811 3339; x_wconf 83' lang='lat' dir='ltr'><strong>ipsa</strong></span> <span class='ocrx_word' id='word_1_408' title='bbox 823 3271 852 3325; x_wconf 90' lang='lat' dir='ltr'><strong>iu</strong></span> <span class='ocrx_word' id='word_1_409' title='bbox 865 3286 895 3325; x_wconf 89' lang='lat' dir='ltr'><strong>se</strong></span> <span class='ocrx_word' id='word_1_410' title='bbox 909 3270 1005 3338; x_wconf 83' lang='lat' dir='ltr'><strong>ipsam.</strong></span> <span class='ocrx_word' id='word_1_411' title='bbox 1041 3272 1142 3327; x_wconf 92' lang='lat' dir='ltr'><strong>Postea</strong></span> <span class='ocrx_word' id='word_1_412' title='bbox 1154 3273 1245 3331; x_wconf 86' lang='lat' dir='ltr'><strong>anima</strong></span> <span class='ocrx_word' id='word_1_413' title='bbox 1263 3290 1310 3328; x_wconf 90' lang='lat' dir='ltr'><strong>seu</strong></span> <span class='ocrx_word' id='word_1_414' title='bbox 1321 3281 1419 3330; x_wconf 90' lang='lat' dir='ltr'><strong>natura</strong></span> <span class='ocrx_word' id='word_1_415' title='bbox 1431 3274 1597 3341; x_wconf 84' lang='lat' dir='ltr'><strong>sublunaria,</strong></span> 
     </span>
     <span class='ocr_line' id='line_1_36' title="bbox 240 3348 1596 3421; baseline 0.003 -20"><span class='ocrx_word' id='word_1_416' title='bbox 240 3350 279 3402; x_wconf 88' lang='lat' dir='ltr'><strong>sie</strong></span> <span class='ocrx_word' id='word_1_417' title='bbox 296 3357 370 3403; x_wconf 90' lang='lat' dir='ltr'><strong>mota</strong></span> <span class='ocrx_word' id='word_1_418' title='bbox 387 3365 436 3403; x_wconf 87' lang='lat' dir='ltr'><strong>acu</strong></span> <span class='ocrx_word' id='word_1_419' title='bbox 454 3350 593 3405; x_wconf 90' lang='lat' dir='ltr'><strong>stimulata</strong></span> <span class='ocrx_word' id='word_1_420' title='bbox 610 3350 645 3404; x_wconf 88' lang='lat' dir='ltr'><strong>ab</strong></span> <span class='ocrx_word' id='word_1_421' title='bbox 664 3359 778 3418; x_wconf 91' lang='lat' dir='ltr'><strong>aspectu</strong></span> <span class='ocrx_word' id='word_1_422' title='bbox 797 3349 893 3417; x_wconf 90' lang='lat' dir='ltr'><strong>suique</strong></span> <span class='ocrx_word' id='word_1_423' title='bbox 912 3348 1064 3418; x_wconf 80' lang='lat' dir='ltr'><strong>admonita,</strong></span> <span class='ocrx_word' id='word_1_424' title='bbox 1092 3367 1122 3405; x_wconf 87' lang='lat' dir='ltr'><strong>se</strong></span> <span class='ocrx_word' id='word_1_425' title='bbox 1144 3353 1231 3421; x_wconf 89' lang='lat' dir='ltr'><strong>ipsam</strong></span> <span class='ocrx_word' id='word_1_426' title='bbox 1253 3354 1404 3410; x_wconf 85' lang='lat' dir='ltr'><strong>exsuscitat</strong></span> <span class='ocrx_word' id='word_1_427' title='bbox 1429 3354 1465 3409; x_wconf 89' lang='lat' dir='ltr'><strong>ad</strong></span> <span class='ocrx_word' id='word_1_428' title='bbox 1488 3352 1596 3407; x_wconf 88' lang='lat' dir='ltr'><strong>elicien-</strong></span> 
     </span>
     <span class='ocr_line' id='line_1_37' title="bbox 242 3428 1597 3501; baseline 0.001 -18"><span class='ocrx_word' id='word_1_429' title='bbox 242 3430 303 3483; x_wconf 89' lang='lat' dir='ltr'><strong>dam</strong></span> <span class='ocrx_word' id='word_1_430' title='bbox 322 3444 356 3482; x_wconf 86' lang='lat' dir='ltr'><strong>ex</strong></span> <span class='ocrx_word' id='word_1_431' title='bbox 375 3430 476 3497; x_wconf 72' lang='lat' dir='ltr'><strong>Terrae</strong></span> <span class='ocrx_word' id='word_1_432' title='bbox 494 3429 640 3485; x_wconf 87' lang='lat' dir='ltr'><strong>visceribus</strong></span> <span class='ocrx_word' id='word_1_433' title='bbox 666 3429 807 3484; x_wconf 86' lang='lat' dir='ltr'><strong>materiam</strong></span> <span class='ocrx_word' id='word_1_434' title='bbox 835 3428 922 3483; x_wconf 88' lang='lat' dir='ltr'><strong>omnia</strong></span> <span class='ocrx_word' id='word_1_435' title='bbox 944 3431 1050 3496; x_wconf 87' lang='lat' dir='ltr'><strong>generis</strong></span> <span class='ocrx_word' id='word_1_436' title='bbox 1080 3438 1280 3501; x_wconf 87' lang='lat' dir='ltr'><strong>tempestatum.</strong></span> <span class='ocrx_word' id='word_1_437' title='bbox 1317 3434 1347 3489; x_wconf 89' lang='lat' dir='ltr'><strong>Si</strong></span> <span class='ocrx_word' id='word_1_438' title='bbox 1366 3433 1443 3489; x_wconf 92' lang='lat' dir='ltr'><strong>nulla</strong></span> <span class='ocrx_word' id='word_1_439' title='bbox 1470 3440 1543 3486; x_wconf 88' lang='lat' dir='ltr'><strong>esset</strong></span> <span class='ocrx_word' id='word_1_440' title='bbox 1568 3430 1597 3484; x_wconf 90' lang='lat' dir='ltr'><strong>in</strong></span> 
     </span>
     <span class='ocr_line' id='line_1_38' title="bbox 240 3506 1596 3582; baseline 0.003 -22"><span class='ocrx_word' id='word_1_441' title='bbox 240 3508 336 3573; x_wconf 88' lang='lat' dir='ltr'><strong>anima,</strong></span> <span class='ocrx_word' id='word_1_442' title='bbox 356 3522 437 3574; x_wconf 88' lang='lat' dir='ltr'><strong>quam</strong></span> <span class='ocrx_word' id='word_1_443' title='bbox 455 3506 568 3560; x_wconf 85' lang='lat' dir='ltr'><strong>dicimus</strong></span> <span class='ocrx_word' id='word_1_444' title='bbox 587 3513 711 3560; x_wconf 88' lang='lat' dir='ltr'><strong>naturam</strong></span> <span class='ocrx_word' id='word_1_445' title='bbox 729 3507 911 3575; x_wconf 85' lang='lat' dir='ltr'><strong>sublunarem,</strong></span> <span class='ocrx_word' id='word_1_446' title='bbox 930 3507 1057 3577; x_wconf 84' lang='lat' dir='ltr'><strong>planctae</strong></span> <span class='ocrx_word' id='word_1_447' title='bbox 1066 3510 1121 3579; x_wconf 91' lang='lat' dir='ltr'><strong>ipsi</strong></span> <span class='ocrx_word' id='word_1_448' title='bbox 1139 3527 1227 3580; x_wconf 90' lang='lat' dir='ltr'><strong>neque</strong></span> <span class='ocrx_word' id='word_1_449' title='bbox 1242 3527 1295 3580; x_wconf 88' lang='lat' dir='ltr'><strong>per</strong></span> <span class='ocrx_word' id='word_1_450' title='bbox 1308 3527 1339 3567; x_wconf 88' lang='lat' dir='ltr'><strong>sc</strong></span> <span class='ocrx_word' id='word_1_451' title='bbox 1355 3529 1445 3582; x_wconf 89' lang='lat' dir='ltr'><strong>neque</strong></span> <span class='ocrx_word' id='word_1_452' title='bbox 1461 3527 1511 3581; x_wconf 87' lang='lat' dir='ltr'><strong>per</strong></span> <span class='ocrx_word' id='word_1_453' title='bbox 1524 3526 1596 3565; x_wconf 92' lang='lat' dir='ltr'><strong>com·</strong></span> 
     </span>
     <span class='ocr_line' id='line_1_39' title="bbox 239 3584 1597 3661; baseline 0.006 -23"><span class='ocrx_word' id='word_1_454' title='bbox 239 3586 349 3655; x_wconf 83' lang='lat' dir='ltr'><strong>modum</strong></span> <span class='ocrx_word' id='word_1_455' title='bbox 366 3593 507 3653; x_wconf 88' lang='lat' dir='ltr'><strong>aspectum</strong></span> <span class='ocrx_word' id='word_1_456' title='bbox 525 3584 671 3654; x_wconf 88' lang='lat' dir='ltr'><strong>quicquam</strong></span> <span class='ocrx_word' id='word_1_457' title='bbox 689 3585 716 3640; x_wconf 91' lang='lat' dir='ltr'><strong>in</strong></span> <span class='ocrx_word' id='word_1_458' title='bbox 735 3585 846 3639; x_wconf 89' lang='lat' dir='ltr'><strong>Terram</strong></span> <span class='ocrx_word' id='word_1_459' title='bbox 865 3596 986 3654; x_wconf 87' lang='lat' dir='ltr'><strong>possent.</strong></span> <span class='ocrx_word' id='word_1_460' title='bbox 1023 3590 1180 3645; x_wconf 84' lang='lat' dir='ltr'><strong>Absurdum</strong></span> <span class='ocrx_word' id='word_1_461' title='bbox 1198 3590 1270 3645; x_wconf 88' lang='lat' dir='ltr'><strong>enim</strong></span> <span class='ocrx_word' id='word_1_462' title='bbox 1293 3599 1336 3646; x_wconf 89' lang='lat' dir='ltr'><strong>cst</strong></span> <span class='ocrx_word' id='word_1_463' title='bbox 1354 3593 1475 3661; x_wconf 80' lang='lat' dir='ltr'><strong>cogitatu</strong></span> <span class='ocrx_word' id='word_1_464' title='bbox 1498 3597 1526 3647; x_wconf 90' lang='lat' dir='ltr'><strong>et</strong></span> <span class='ocrx_word' id='word_1_465' title='bbox 1540 3586 1597 3660; x_wconf 84' lang='lat' dir='ltr'><strong>joci</strong></span> 
     </span>
     <span class='ocr_line' id='line_1_40' title="bbox 240 3657 1596 3738; baseline 0.007 -21"><span class='ocrx_word' id='word_1_466' title='bbox 240 3657 369 3731; x_wconf 80' lang='lat' dir='ltr'><strong>lususque</strong></span> <span class='ocrx_word' id='word_1_467' title='bbox 386 3662 487 3731; x_wconf 76' lang='lat' dir='ltr'><strong>poetici</strong></span> <span class='ocrx_word' id='word_1_468' title='bbox 504 3661 604 3731; x_wconf 89' lang='lat' dir='ltr'><strong>simile,</strong></span> <span class='ocrx_word' id='word_1_469' title='bbox 630 3662 702 3730; x_wconf 87' lang='lat' dir='ltr'><strong>quod</strong></span> <span class='ocrx_word' id='word_1_470' title='bbox 726 3679 761 3718; x_wconf 85' lang='lat' dir='ltr'><strong>ex</strong></span> <span class='ocrx_word' id='word_1_471' title='bbox 778 3665 852 3719; x_wconf 90' lang='lat' dir='ltr'><strong>coitu</strong></span> <span class='ocrx_word' id='word_1_472' title='bbox 869 3664 995 3720; x_wconf 90' lang='lat' dir='ltr'><strong>binorum</strong></span> <span class='ocrx_word' id='word_1_473' title='bbox 1013 3668 1149 3723; x_wconf 89' lang='lat' dir='ltr'><strong>radiorum</strong></span> <span class='ocrx_word' id='word_1_474' title='bbox 1174 3667 1344 3738; x_wconf 86' lang='lat' dir='ltr'><strong>harmonico,</strong></span> <span class='ocrx_word' id='word_1_475' title='bbox 1368 3669 1442 3725; x_wconf 87' lang='lat' dir='ltr'><strong>velut</strong></span> <span class='ocrx_word' id='word_1_476' title='bbox 1461 3686 1496 3725; x_wconf 83' lang='lat' dir='ltr'><strong>cr</strong></span> <span class='ocrx_word' id='word_1_477' title='bbox 1513 3669 1596 3727; x_wconf 76' lang='lat' dir='ltr'><strong>maria</strong></span> 
     </span>
     <span class='ocr_line' id='line_1_41' title="bbox 242 3740 1596 3818; baseline 0.008 -26"><span class='ocrx_word' id='word_1_478' title='bbox 242 3748 269 3793; x_wconf 90' lang='lat' dir='ltr'><strong>et</strong></span> <span class='ocrx_word' id='word_1_479' title='bbox 287 3740 403 3795; x_wconf 87' lang='lat' dir='ltr'><strong>feminae</strong></span> <span class='ocrx_word' id='word_1_480' title='bbox 422 3740 576 3809; x_wconf 82' lang='lat' dir='ltr'><strong>concubitu,</strong></span> <span class='ocrx_word' id='word_1_481' title='bbox 596 3740 767 3809; x_wconf 84' lang='lat' dir='ltr'><strong>concipiatur</strong></span> <span class='ocrx_word' id='word_1_482' title='bbox 784 3758 877 3810; x_wconf 76' lang='lat' dir='ltr'><strong>sapor,</strong></span> <span class='ocrx_word' id='word_1_483' title='bbox 896 3746 1010 3799; x_wconf 88' lang='lat' dir='ltr'><strong>materia</strong></span> <span class='ocrx_word' id='word_1_484' title='bbox 1029 3746 1101 3799; x_wconf 86' lang='lat' dir='ltr'><strong>renti</strong></span> <span class='ocrx_word' id='word_1_485' title='bbox 1119 3746 1161 3801; x_wconf 85' lang='lat' dir='ltr'><strong>vel</strong></span> <span class='ocrx_word' id='word_1_486' title='bbox 1179 3746 1300 3816; x_wconf 77' lang='lat' dir='ltr'><strong>pluviae.</strong></span> <span class='ocrx_word' id='word_1_487' title='bbox 1319 3749 1487 3818; x_wconf 69' lang='lat' dir='ltr'><strong>quasivero,</strong></span> <span class='ocrx_word' id='word_1_488' title='bbox 1507 3758 1537 3802; x_wconf 90' lang='lat' dir='ltr'><strong>ut</strong></span> <span class='ocrx_word' id='word_1_489' title='bbox 1554 3763 1596 3803; x_wconf 87' lang='lat' dir='ltr'><strong>se-</strong></span> 
     </span>
     <span class='ocr_line' id='line_1_42' title="bbox 239 3819 1596 3897; baseline 0.006 -25"><span class='ocrx_word' id='word_1_490' title='bbox 239 3834 300 3872; x_wconf 88' lang='lat' dir='ltr'><strong>men</strong></span> <span class='ocrx_word' id='word_1_491' title='bbox 319 3828 361 3873; x_wconf 92' lang='lat' dir='ltr'><strong>est</strong></span> <span class='ocrx_word' id='word_1_492' title='bbox 379 3819 413 3873; x_wconf 89' lang='lat' dir='ltr'><strong>de</strong></span> <span class='ocrx_word' id='word_1_493' title='bbox 431 3819 585 3874; x_wconf 87' lang='lat' dir='ltr'><strong>substantia</strong></span> <span class='ocrx_word' id='word_1_494' title='bbox 603 3829 759 3897; x_wconf 75' lang='lat' dir='ltr'><strong>parentum,</strong></span> <span class='ocrx_word' id='word_1_495' title='bbox 783 3821 822 3876; x_wconf 90' lang='lat' dir='ltr'><strong>sie</strong></span> <span class='ocrx_word' id='word_1_496' title='bbox 840 3821 939 3877; x_wconf 90' lang='lat' dir='ltr'><strong>humor</strong></span> <span class='ocrx_word' id='word_1_497' title='bbox 956 3830 984 3878; x_wconf 91' lang='lat' dir='ltr'><strong>et</strong></span> <span class='ocrx_word' id='word_1_498' title='bbox 1006 3832 1111 3889; x_wconf 88' lang='lat' dir='ltr'><strong>cetera,</strong></span> <span class='ocrx_word' id='word_1_499' title='bbox 1138 3841 1208 3893; x_wconf 90' lang='lat' dir='ltr'><strong>quae</strong></span> <span class='ocrx_word' id='word_1_500' title='bbox 1226 3841 1260 3880; x_wconf 82' lang='lat' dir='ltr'><strong>ex</strong></span> <span class='ocrx_word' id='word_1_501' title='bbox 1279 3828 1364 3883; x_wconf 83' lang='lat' dir='ltr'><strong>Terra</strong></span> <span class='ocrx_word' id='word_1_502' title='bbox 1382 3830 1535 3897; x_wconf 82' lang='lat' dir='ltr'><strong>exspirant,</strong></span> <span class='ocrx_word' id='word_1_503' title='bbox 1560 3827 1596 3883; x_wconf 91' lang='lat' dir='ltr'><strong>sit</strong></span> 
     </span>
     <span class='ocr_line' id='line_1_43' title="bbox 240 3898 1596 3976; baseline 0.009 -26"><span class='ocrx_word' id='word_1_504' title='bbox 240 3898 273 3951; x_wconf 87' lang='lat' dir='ltr'><strong>de</strong></span> <span class='ocrx_word' id='word_1_505' title='bbox 292 3900 445 3954; x_wconf 90' lang='lat' dir='ltr'><strong>substantia</strong></span> <span class='ocrx_word' id='word_1_506' title='bbox 464 3899 505 3952; x_wconf 88' lang='lat' dir='ltr'><strong>vel</strong></span> <span class='ocrx_word' id='word_1_507' title='bbox 524 3899 689 3963; x_wconf 90' lang='lat' dir='ltr'><strong>harmoniae,</strong></span> <span class='ocrx_word' id='word_1_508' title='bbox 708 3917 778 3969; x_wconf 88' lang='lat' dir='ltr'><strong>quae</strong></span> <span class='ocrx_word' id='word_1_509' title='bbox 796 3908 839 3954; x_wconf 89' lang='lat' dir='ltr'><strong>est</strong></span> <span class='ocrx_word' id='word_1_510' title='bbox 856 3904 961 3972; x_wconf 87' lang='lat' dir='ltr'><strong>relatio,</strong></span> <span class='ocrx_word' id='word_1_511' title='bbox 981 3903 1024 3958; x_wconf 85' lang='lat' dir='ltr'><strong>vel</strong></span> <span class='ocrx_word' id='word_1_512' title='bbox 1041 3902 1145 3972; x_wconf 84' lang='lat' dir='ltr'><strong>anguli,</strong></span> <span class='ocrx_word' id='word_1_513' title='bbox 1164 3920 1235 3973; x_wconf 90' lang='lat' dir='ltr'><strong>quae</strong></span> <span class='ocrx_word' id='word_1_514' title='bbox 1253 3912 1296 3959; x_wconf 90' lang='lat' dir='ltr'><strong>est</strong></span> <span class='ocrx_word' id='word_1_515' title='bbox 1314 3905 1472 3976; x_wconf 86' lang='lat' dir='ltr'><strong>qualitativa</strong></span> <span class='ocrx_word' id='word_1_516' title='bbox 1491 3906 1596 3975; x_wconf 85' lang='lat' dir='ltr'><strong>quanti·</strong></span> 
     </span>
     <span class='ocr_line' id='line_1_44' title="bbox 238 3975 1596 4057; baseline 0.007 -27"><span class='ocrx_word' id='word_1_517' title='bbox 238 3984 289 4045; x_wconf 91' lang='lat' dir='ltr'><strong>tas,</strong></span> <span class='ocrx_word' id='word_1_518' title='bbox 309 3976 351 4031; x_wconf 87' lang='lat' dir='ltr'><strong>vel</strong></span> <span class='ocrx_word' id='word_1_519' title='bbox 369 3977 438 4031; x_wconf 89' lang='lat' dir='ltr'><strong>lucis</strong></span> <span class='ocrx_word' id='word_1_520' title='bbox 457 3980 525 4033; x_wconf 88' lang='lat' dir='ltr'><strong>adeo</strong></span> <span class='ocrx_word' id='word_1_521' title='bbox 543 3980 639 4050; x_wconf 89' lang='lat' dir='ltr'><strong>ipsius,</strong></span> <span class='ocrx_word' id='word_1_522' title='bbox 659 3997 728 4048; x_wconf 90' lang='lat' dir='ltr'><strong>quae</strong></span> <span class='ocrx_word' id='word_1_523' title='bbox 747 3980 864 4047; x_wconf 87' lang='lat' dir='ltr'><strong>qualitas</strong></span> <span class='ocrx_word' id='word_1_524' title='bbox 884 3988 935 4049; x_wconf 86' lang='lat' dir='ltr'><strong>est,</strong></span> <span class='ocrx_word' id='word_1_525' title='bbox 953 3998 1126 4049; x_wconf 89' lang='lat' dir='ltr'><strong>nequaquam</strong></span> <span class='ocrx_word' id='word_1_526' title='bbox 1141 3997 1205 4036; x_wconf 81' lang='lat' dir='ltr'><strong>vero</strong></span> <span class='ocrx_word' id='word_1_527' title='bbox 1219 3982 1380 4038; x_wconf 88' lang='lat' dir='ltr'><strong>substantia.</strong></span> <span class='ocrx_word' id='word_1_528' title='bbox 1417 3975 1596 4057; x_wconf 74' lang='lat' dir='ltr'><strong>Quiemadmo·</strong></span> 
     </span>
     <span class='ocr_line' id='line_1_45' title="bbox 239 4056 1594 4131; baseline 0.006 -22"><span class='ocrx_word' id='word_1_529' title='bbox 239 4056 301 4110; x_wconf 90' lang='lat' dir='ltr'><strong>dum</strong></span> <span class='ocrx_word' id='word_1_530' title='bbox 319 4072 383 4110; x_wconf 75' lang='lat' dir='ltr'><strong>nero</strong></span> <span class='ocrx_word' id='word_1_531' title='bbox 402 4073 436 4111; x_wconf 88' lang='lat' dir='ltr'><strong>ex</strong></span> <span class='ocrx_word' id='word_1_532' title='bbox 455 4058 539 4113; x_wconf 89' lang='lat' dir='ltr'><strong>nihilo</strong></span> <span class='ocrx_word' id='word_1_533' title='bbox 556 4058 623 4111; x_wconf 92' lang='lat' dir='ltr'><strong>nihil</strong></span> <span class='ocrx_word' id='word_1_534' title='bbox 642 4056 701 4112; x_wconf 86' lang='lat' dir='ltr'><strong>fieri</strong></span> <span class='ocrx_word' id='word_1_535' title='bbox 720 4058 849 4129; x_wconf 85' lang='lat' dir='ltr'><strong>dicimus,</strong></span> <span class='ocrx_word' id='word_1_536' title='bbox 873 4061 913 4114; x_wconf 87' lang='lat' dir='ltr'><strong>sie</strong></span> <span class='ocrx_word' id='word_1_537' title='bbox 932 4060 1013 4114; x_wconf 89' lang='lat' dir='ltr'><strong>ctiam</strong></span> <span class='ocrx_word' id='word_1_538' title='bbox 1038 4075 1072 4114; x_wconf 83' lang='lat' dir='ltr'><strong>ex</strong></span> <span class='ocrx_word' id='word_1_539' title='bbox 1090 4059 1269 4114; x_wconf 85' lang='lat' dir='ltr'><strong>immateriato</strong></span> <span class='ocrx_word' id='word_1_540' title='bbox 1293 4060 1398 4129; x_wconf 89' lang='lat' dir='ltr'><strong>aliquo,</strong></span> <span class='ocrx_word' id='word_1_541' title='bbox 1426 4062 1594 4131; x_wconf 88' lang='lat' dir='ltr'><strong>naturaliter,</strong></span> 
     </span>
     <span class='ocr_line' id='line_1_46' title="bbox 237 4124 1032 4208; baseline 0.004 -19"><span class='ocrx_word' id='word_1_542' title='bbox 237 4137 407 4189; x_wconf 89' lang='lat' dir='ltr'><strong>materiatum</strong></span> <span class='ocrx_word' id='word_1_543' title='bbox 426 4136 494 4189; x_wconf 90' lang='lat' dir='ltr'><strong>nihil</strong></span> <span class='ocrx_word' id='word_1_544' title='bbox 513 4135 592 4191; x_wconf 89' lang='lat' dir='ltr'><strong>educi</strong></span> <span class='ocrx_word' id='word_1_545' title='bbox 609 4124 708 4204; x_wconf 75' lang='lat' dir='ltr'><strong>potest’.</strong></span> <span class='ocrx_word' id='word_1_546' title='bbox 745 4137 813 4191; x_wconf 81' lang='lat' dir='ltr'><strong>Vide</strong></span> <span class='ocrx_word' id='word_1_547' title='bbox 831 4138 911 4206; x_wconf 87' lang='lat' dir='ltr'><strong>plura</strong></span> <span class='ocrx_word' id='word_1_548' title='bbox 930 4155 988 4208; x_wconf 91' lang='lat' dir='ltr'><strong>cap.</strong></span> <span class='ocrx_word' id='word_1_549' title='bbox 1008 4140 1032 4192; x_wconf 85' lang='grc'><strong>7.</strong></span> 
     </span>
    </p>
   </div>
   <div class='ocr_carea' id='block_1_7' title="bbox 239 4220 1594 4395">
    <p class='ocr_par' dir='ltr' id='par_1_9' title="bbox 239 4220 1594 4395">
     <span class='ocr_line' id='line_1_47' title="bbox 324 4220 1594 4308; baseline 0.006 -23"><span class='ocrx_word' id='word_1_550' title='bbox 324 4230 481 4306; x_wconf 79' lang='lat' dir='ltr'><strong>Aricina</strong></span> <span class='ocrx_word' id='word_1_551' title='bbox 503 4229 526 4286; x_wconf 86' lang='grc' dir='ltr'><strong>Ι.</strong></span> <span class='ocrx_word' id='word_1_552' title='bbox 575 4231 666 4286; x_wconf 75' lang='lat' dir='ltr'><strong>Accius</strong></span> <span class='ocrx_word' id='word_1_553' title='bbox 691 4229 790 4287; x_wconf 88' lang='lat' dir='ltr'><strong>circuli</strong></span> <span class='ocrx_word' id='word_1_554' title='bbox 805 4230 928 4306; x_wconf 86' lang='lat' dir='ltr'><strong>zodiaci,</strong></span> <span class='ocrx_word' id='word_1_555' title='bbox 952 4249 1039 4308; x_wconf 88' lang='lat' dir='ltr'><strong>quem</strong></span> <span class='ocrx_word' id='word_1_556' title='bbox 1056 4220 1196 4291; x_wconf 84' lang='lat' dir='ltr'><strong>rescindit</strong></span> <span class='ocrx_word' id='word_1_557' title='bbox 1209 4231 1285 4291; x_wconf 90' lang='lat' dir='ltr'><strong>latus</strong></span> <span class='ocrx_word' id='word_1_558' title='bbox 1301 4230 1412 4308; x_wconf 87' lang='lat' dir='ltr'><strong>figurae</strong></span> <span class='ocrx_word' id='word_1_559' title='bbox 1429 4231 1476 4291; x_wconf 82' lang='lat' dir='ltr'><strong>vel</strong></span> <span class='ocrx_word' id='word_1_560' title='bbox 1492 4233 1594 4293; x_wconf 89' lang='lat' dir='ltr'><strong>stellae</strong></span> 
     </span>
     <span class='ocr_line' id='line_1_48' title="bbox 239 4316 1310 4395; baseline 0.003 -20"><span class='ocrx_word' id='word_1_561' title='bbox 239 4323 437 4391; x_wconf 73' lang='lat' dir='ltr'><strong>congrueret</strong></span> <span class='ocrx_word' id='word_1_562' title='bbox 458 4316 582 4391; x_wconf 86' lang='lat' dir='ltr'><strong>scibilis,</strong></span> <span class='ocrx_word' id='word_1_563' title='bbox 606 4318 724 4376; x_wconf 89' lang='lat' dir='ltr'><strong>metitur</strong></span> <span class='ocrx_word' id='word_1_564' title='bbox 747 4316 886 4392; x_wconf 85' lang='lat' dir='ltr'><strong>angulum</strong></span> <span class='ocrx_word' id='word_1_565' title='bbox 910 4320 1149 4395; x_wconf 85' lang='lat' dir='ltr'><strong>configurationis</strong></span> <span class='ocrx_word' id='word_1_566' title='bbox 1173 4318 1310 4378; x_wconf 84' lang='lat' dir='ltr'><strong>efficacis.</strong></span> 
     </span>
    </p>
   </div>
   <div class='ocr_carea' id='block_1_8' title="bbox 325 4420 1593 4500">
    <p class='ocr_par' dir='ltr' id='par_1_10' title="bbox 325 4420 1593 4500">
     <span class='ocr_line' id='line_1_49' title="bbox 325 4420 1593 4500; baseline 0.002 -20"><span class='ocrx_word' id='word_1_567' title='bbox 325 4420 482 4480; x_wconf 79' lang='lat' dir='ltr'><strong>Axioma</strong></span> <span class='ocrx_word' id='word_1_568' title='bbox 506 4421 546 4482; x_wconf 88' lang='lat' dir='ltr'><strong>ll.</strong></span> <span class='ocrx_word' id='word_1_569' title='bbox 594 4420 726 4497; x_wconf 83' lang='lat' dir='ltr'><strong>Angulua</strong></span> <span class='ocrx_word' id='word_1_570' title='bbox 749 4421 858 4497; x_wconf 85' lang='lat' dir='ltr'><strong>figurae</strong></span> <span class='ocrx_word' id='word_1_571' title='bbox 887 4423 937 4483; x_wconf 85' lang='lat' dir='ltr'><strong>vcl</strong></span> <span class='ocrx_word' id='word_1_572' title='bbox 959 4424 1063 4484; x_wconf 88' lang='lat' dir='ltr'><strong>atellae</strong></span> <span class='ocrx_word' id='word_1_573' title='bbox 1086 4423 1198 4484; x_wconf 85' lang='lat' dir='ltr'><strong>scibilia</strong></span> <span class='ocrx_word' id='word_1_574' title='bbox 1229 4432 1259 4483; x_wconf 88' lang='lat' dir='ltr'><strong>et</strong></span> <span class='ocrx_word' id='word_1_575' title='bbox 1281 4441 1428 4500; x_wconf 87' lang='lat' dir='ltr'><strong>congruae</strong></span> <span class='ocrx_word' id='word_1_576' title='bbox 1460 4434 1506 4484; x_wconf 89' lang='lat' dir='ltr'><strong>cat</strong></span> <span class='ocrx_word' id='word_1_577' title='bbox 1527 4440 1593 4483; x_wconf 88' lang='lat' dir='ltr'><strong>mo·</strong></span> 
     </span>
    </p>
   </div>
   <div class='ocr_carea' id='block_1_9' title="bbox 237 4507 1595 4898">
    <p class='ocr_par' dir='ltr' id='par_1_11' title="bbox 238 4507 871 4585">
     <span class='ocr_line' id='line_1_50' title="bbox 238 4507 871 4585; baseline 0.005 -21"><span class='ocrx_word' id='word_1_578' title='bbox 238 4507 324 4565; x_wconf 86' lang='lat' dir='ltr'><strong>dulus</strong></span> <span class='ocrx_word' id='word_1_579' title='bbox 347 4508 447 4581; x_wconf 90' lang='lat' dir='ltr'><strong>auguli</strong></span> <span class='ocrx_word' id='word_1_580' title='bbox 471 4511 711 4585; x_wconf 85' lang='lat' dir='ltr'><strong>configurationis</strong></span> <span class='ocrx_word' id='word_1_581' title='bbox 735 4509 871 4570; x_wconf 89' lang='lat' dir='ltr'><strong>efficacis.</strong></span> 
     </span>
    </p>

    <p class='ocr_par' dir='ltr' id='par_1_12' title="bbox 237 4589 1595 4819">
     <span class='ocr_line' id='line_1_51' title="bbox 327 4589 1595 4663; baseline 0.006 -22"><span class='ocrx_word' id='word_1_582' title='bbox 327 4589 440 4644; x_wconf 89' lang='lat' dir='ltr'><strong>Duobus</strong></span> <span class='ocrx_word' id='word_1_583' title='bbox 459 4593 639 4647; x_wconf 84' lang='lat' dir='ltr'><strong>axiomatibus</strong></span> <span class='ocrx_word' id='word_1_584' title='bbox 659 4598 747 4645; x_wconf 89' lang='lat' dir='ltr'><strong>totum</strong></span> <span class='ocrx_word' id='word_1_585' title='bbox 765 4592 904 4660; x_wconf 87' lang='lat' dir='ltr'><strong>negotium</strong></span> <span class='ocrx_word' id='word_1_586' title='bbox 922 4592 1026 4659; x_wconf 89' lang='lat' dir='ltr'><strong>nititur,</strong></span> <span class='ocrx_word' id='word_1_587' title='bbox 1046 4609 1117 4660; x_wconf 91' lang='lat' dir='ltr'><strong>quae</strong></span> <span class='ocrx_word' id='word_1_588' title='bbox 1133 4592 1196 4647; x_wconf 88' lang='lat' dir='ltr'><strong>ideo</strong></span> <span class='ocrx_word' id='word_1_589' title='bbox 1215 4592 1270 4647; x_wconf 89' lang='lat' dir='ltr'><strong>duo</strong></span> <span class='ocrx_word' id='word_1_590' title='bbox 1288 4592 1352 4653; x_wconf 83' lang='lat' dir='ltr'><strong>feci,</strong></span> <span class='ocrx_word' id='word_1_591' title='bbox 1378 4593 1441 4662; x_wconf 90' lang='lat' dir='ltr'><strong>quia</strong></span> <span class='ocrx_word' id='word_1_592' title='bbox 1459 4593 1512 4648; x_wconf 87' lang='lat' dir='ltr'><strong>duo</strong></span> <span class='ocrx_word' id='word_1_593' title='bbox 1530 4602 1595 4663; x_wconf 84' lang='lat' dir='ltr'><strong>aunt</strong></span> 
     </span>
     <span class='ocr_line' id='line_1_52' title="bbox 237 4668 1593 4742; baseline 0.004 -21"><span class='ocrx_word' id='word_1_594' title='bbox 237 4668 308 4723; x_wconf 90' lang='lat' dir='ltr'><strong>modi</strong></span> <span class='ocrx_word' id='word_1_595' title='bbox 330 4668 498 4738; x_wconf 89' lang='lat' dir='ltr'><strong>probabiles,</strong></span> <span class='ocrx_word' id='word_1_596' title='bbox 523 4671 623 4737; x_wconf 89' lang='lat' dir='ltr'><strong>quibua</strong></span> <span class='ocrx_word' id='word_1_597' title='bbox 648 4669 753 4724; x_wconf 90' lang='lat' dir='ltr'><strong>animae</strong></span> <span class='ocrx_word' id='word_1_598' title='bbox 777 4679 805 4724; x_wconf 88' lang='lat' dir='ltr'><strong>et</strong></span> <span class='ocrx_word' id='word_1_599' title='bbox 828 4680 942 4727; x_wconf 91' lang='lat' dir='ltr'><strong>naturae</strong></span> <span class='ocrx_word' id='word_1_600' title='bbox 961 4671 1123 4726; x_wconf 88' lang='lat' dir='ltr'><strong>sublunares</strong></span> <span class='ocrx_word' id='word_1_601' title='bbox 1145 4673 1174 4724; x_wconf 90' lang='lat' dir='ltr'><strong>in</strong></span> <span class='ocrx_word' id='word_1_602' title='bbox 1192 4672 1315 4726; x_wconf 72' lang='lat' dir='ltr'><strong>uotiuam</strong></span> <span class='ocrx_word' id='word_1_603' title='bbox 1340 4672 1593 4742; x_wconf 83' lang='lat' dir='ltr'><strong>configurationem,</strong></span> 
     </span>
     <span class='ocr_line' id='line_1_53' title="bbox 239 4750 912 4819; baseline 0.009 -21"><span class='ocrx_word' id='word_1_604' title='bbox 239 4759 310 4811; x_wconf 88' lang='lat' dir='ltr'><strong>quac</strong></span> <span class='ocrx_word' id='word_1_605' title='bbox 329 4752 394 4801; x_wconf 90' lang='lat' dir='ltr'><strong>sunt</strong></span> <span class='ocrx_word' id='word_1_606' title='bbox 412 4750 506 4815; x_wconf 85' lang='lat' dir='ltr'><strong>quovis</strong></span> <span class='ocrx_word' id='word_1_607' title='bbox 525 4756 658 4819; x_wconf 77' lang='lat' dir='ltr'><strong>tempore,</strong></span> <span class='ocrx_word' id='word_1_608' title='bbox 679 4750 770 4804; x_wconf 73' lang='lat' dir='ltr'><strong>venue</strong></span> <span class='ocrx_word' id='word_1_609' title='bbox 787 4756 912 4818; x_wconf 90' lang='lat' dir='ltr'><strong>possunt.</strong></span> 
     </span>
    </p>

    <p class='ocr_par' dir='ltr' id='par_1_13' title="bbox 322 4826 1593 4898">
     <span class='ocr_line' id='line_1_54' title="bbox 322 4826 1593 4898; baseline 0.006 -19"><span class='ocrx_word' id='word_1_610' title='bbox 322 4828 379 4881; x_wconf 80' lang='lat' dir='ltr'><strong>Ant</strong></span> <span class='ocrx_word' id='word_1_611' title='bbox 397 4828 469 4880; x_wconf 88' lang='lat' dir='ltr'><strong>enim</strong></span> <span class='ocrx_word' id='word_1_612' title='bbox 487 4826 600 4894; x_wconf 88' lang='lat' dir='ltr'><strong>figuram</strong></span> <span class='ocrx_word' id='word_1_613' title='bbox 618 4827 691 4882; x_wconf 90' lang='lat' dir='ltr'><strong>iilam</strong></span> <span class='ocrx_word' id='word_1_614' title='bbox 709 4829 877 4898; x_wconf 89' lang='lat' dir='ltr'><strong>percipiunt,</strong></span> <span class='ocrx_word' id='word_1_615' title='bbox 903 4829 982 4897; x_wconf 86' lang='lat' dir='ltr'><strong>cujus</strong></span> <span class='ocrx_word' id='word_1_616' title='bbox 1000 4828 1073 4882; x_wconf 91' lang='lat' dir='ltr'><strong>latus</strong></span> <span class='ocrx_word' id='word_1_617' title='bbox 1093 4830 1126 4884; x_wconf 89' lang='lat' dir='ltr'><strong>de</strong></span> <span class='ocrx_word' id='word_1_618' title='bbox 1144 4827 1245 4882; x_wconf 86' lang='lat' dir='ltr'><strong>circuib</strong></span> <span class='ocrx_word' id='word_1_619' title='bbox 1264 4828 1376 4884; x_wconf 76' lang='lat' dir='ltr'><strong>zodiaco</strong></span> <span class='ocrx_word' id='word_1_620' title='bbox 1401 4829 1532 4885; x_wconf 87' lang='lat' dir='ltr'><strong>rescindit</strong></span> <span class='ocrx_word' id='word_1_621' title='bbox 1550 4847 1593 4886; x_wconf 92' lang='lat' dir='ltr'><strong>ar·</strong></span> 
     </span>
    </p>
   </div>
   <div class='ocr_carea' id='block_1_10' title="bbox 237 4904 1592 4993">
    <p class='ocr_par' dir='ltr' id='par_1_14' title="bbox 237 4904 1592 4993">
     <span class='ocr_line' id='line_1_55' title="bbox 237 4904 1592 4993; baseline 0.008 -37"><span class='ocrx_word' id='word_1_622' title='bbox 237 4917 306 4970; x_wconf 87' lang='lat' dir='ltr'><strong>cum,</strong></span> <span class='ocrx_word' id='word_1_623' title='bbox 325 4904 545 4974; x_wconf 83' lang='lat' dir='ltr'><strong>configurationis</strong></span> <span class='ocrx_word' id='word_1_624' title='bbox 563 4919 611 4959; x_wconf 89' lang='lat' dir='ltr'><strong>scu</strong></span> <span class='ocrx_word' id='word_1_625' title='bbox 628 4907 722 4974; x_wconf 87' lang='lat' dir='ltr'><strong>anguli</strong></span> <span class='ocrx_word' id='word_1_626' title='bbox 739 4908 841 4963; x_wconf 88' lang='lat' dir='ltr'><strong>radiosi</strong></span> <span class='ocrx_word' id='word_1_627' title='bbox 858 4922 1019 4973; x_wconf 88' lang='lat' dir='ltr'><strong>mensnram,</strong></span> <span class='ocrx_word' id='word_1_628' title='bbox 1038 4914 1087 4961; x_wconf 90' lang='lat' dir='ltr'><strong>aut</strong></span> <span class='ocrx_word' id='word_1_629' title='bbox 1104 4907 1219 4974; x_wconf 81' lang='lat' dir='ltr'><strong>figuram</strong></span> <span class='ocrx_word' id='word_1_630' title='bbox 1237 4907 1320 4993; x_wconf 83' lang='lat' dir='ltr'><strong>illam,</strong></span> <span class='ocrx_word' id='word_1_631' title='bbox 1338 4910 1417 4978; x_wconf 86' lang='lat' dir='ltr'><strong>eujus</strong></span> <span class='ocrx_word' id='word_1_632' title='bbox 1429 4909 1592 4967; x_wconf 84' lang='lat' dir='ltr'><strong>clementum</strong></span> 
     </span>
    </p>
   </div>
   <div class='ocr_carea' id='block_1_11' title="bbox 0 0 1940 5846">
    <p class='ocr_par' dir='ltr' id='par_1_15' title="bbox 0 0 1940 5846">
     <span class='ocr_line' id='line_1_56' title="bbox 0 0 1940 5846; baseline 0 2"><span class='ocrx_word' id='word_1_633' title='bbox 0 0 1940 5846; x_wconf 95' lang='lat' dir='ltr'><strong> </strong></span> 
     </span>
    </p>
   </div>
  </div>
 </body>
</html>
