3840 5854
678 451 707 507 in
724 450 900 508 Harmoniam
918 451 1022 508 Mundi.
1510 461 1529 523 5

173 629 335 691 accederet.
379 628 428 691 Ad
449 631 509 691 boo
529 630 686 708 plurimum
708 629 739 691 id
758 630 895 705 valebat,
924 629 1004 707 qnod
1028 630 1148 690 obtusa
1171 631 1412 712 astrologicamm
1433 652 1529 697 rerum

173 717 272 779 studia
299 716 376 779 cum‘
392 714 475 778 sana'
493 727 590 779 mente
617 718 804 780 reconciliare
832 719 896 778 sive
923 717 1112 795 astrologiam
1139 720 1182 778 ita
1203 718 1358 784 defendere
1381 722 1528 798 studebat,

173 814 220 878 nt,
255 823 334 882 qnae
370 812 556 866 astronomus
589 814 619 866 et
653 806 848 884 philosophus
882 806 945 882 ipse
985 806 1041 865 sibi
1087 805 1268 882 objurgaret,
1311 811 1527 886 quodammodo

173 891 307 953 dilueret
358 892 425 953 Hoc
446 893 531 953 illum
553 896 649 970 egisse
672 913 707 954 ex
731 893 832 954 libello
855 892 891 952 de
913 892 1126 953 Fundamentis
1149 893 1336 972 Astrologiao
1360 902 1527 973 (I.417ss.),

173 999 211 1041 ex
232 979 415 1041 Gabadariis
437 983 473 1053 (i.
490 983 588 1040 itiss.
605 985 726 1054 libari,
750 998 787 1041 ex
808 981 922 1057 scriptis
944 979 1085 1041 adversus
1108 979 1264 1040 Rdslinum
1285 988 1393 1054 (1.503)
1416 993 1446 1046 et
1467 985 1527 1045 Fe·

173 1067 280 1128 setium
301 1072 333 1139 (L
353 1072 415 1139 otc)
442 1074 530 1128 etex
552 1067 627 1129 libro
651 1066 688 1129 da
709 1067 804 1129 Stella
825 1067 912 1127 Nova
934 1072 1070 1140 (11.575),
1099 1070 1183 1128 vario
1204 1068 1293 1128 modo
1316 1070 1421 1131 elucet.
1465 1073 1530 1133 Neo

173 1158 270 1215 minus
293 1173 330 1215 ex
350 1155 452 1215 multis
473 1156 596 1232 privatis
618 1155 719 1231 literis,
742 1157 869 1216 maximo
890 1154 950 1214 illis
972 1154 1010 1214 ad
1025 1163 1174 1235 pastorem
1188 1155 1335 1216 Davidem
1351 1159 1527 1235 Fabricium,

174 1244 225 1319 qui
238 1244 354 1303 somnia
369 1242 546 1319 astrologica
559 1245 669 1320 pressis
683 1244 819 1304 manibus
833 1242 960 1316 enabat,
983 1241 1060 1302 datis
1075 1258 1237 1319 cognoscas
1251 1244 1372 1322 Kepleri
1388 1245 1527 1322 studium,

174 1347 251 1406 quaa
279 1332 461 1407 ineptissima
487 1331 673 1391 somniabant
701 1330 842 1406 astrologi
869 1329 1035 1401 refellendi,
1068 1347 1228 1406 cognoscas
1251 1336 1335 1392 varia
1356 1336 1527 1408 tentamina,

173 1435 225 1477 eas
246 1418 429 1494 asbologiae
450 1424 557 1494 partes,
591 1436 666 1494 quas
699 1418 864 1494 astrologus
891 1416 1084 1477 Caesarianus
1110 1434 1168 1477 non
1195 1425 1311 1494 poterat
1342 1436 1400 1479 non
1419 1428 1525 1495 tenore,

174 1523 211 1566 ex
232 1522 308 1566 sana
329 1512 426 1567 mente
448 1505 655 1582 interpretandi
677 1514 707 1567 et
728 1507 758 1565 in
780 1506 922 1566 rationem
945 1512 975 1564 ct
996 1504 1179 1582 disciplinam
1204 1506 1351 1582 quandam
1372 1507 1525 1570 referendi.

283 1593 342 1652 Pro
363 1592 552 1654 fundamento
574 1592 654 1653 illius
677 1593 850 1670 discipliuae
871 1592 1001 1669 chlero
1023 1592 1097 1652 baec
1119 1596 1209 1653 statui
1232 1610 1319 1672 posse
1341 1594 1525 1657 videbantur.

173 1678 428 1755 Quemadmodum
450 1682 538 1740 bomo
554 1679 649 1740 cultus
665 1688 695 1742 et
708 1680 835 1741 incultus
849 1679 1025 1741 harmonicis
1047 1682 1128 1739 souis
1151 1680 1228 1741 lacte
1250 1689 1398 1755 moretur,
1422 1701 1527 1759 quem·

173 1767 333 1828 admodum
355 1767 455 1828 oculos
478 1769 600 1827 suarim
621 1774 747 1846 tangunt
767 1768 877 1828 formae
903 1770 1030 1828 numeris
1051 1771 1112 1827 suls
1138 1770 1293 1845 periectas,
1317 1788 1405 1847 qnam
1431 1772 1527 1831 minus

172 1855 329 1932 perlectae,
352 1858 395 1914 sic
416 1855 542 1915 bominis
563 1857 750 1933 suspicientis
772 1858 901 1915 animum
924 1854 1029 1929 sidera,
1051 1857 1076 1915 si
1099 1857 1187 1916 sitnm
1209 1857 1320 1917 babent
1341 1861 1416 1918 inter
1436 1875 1469 1919 se
1492 1877 1528 1919 ex

171 1945 359 2019 geometricis
387 1942 503 2020 legibus
531 1944 709 2018 ordinatum,
740 1944 851 2020 majore
875 1945 904 2001 ri
926 1943 1047 2017 feriunt,
1070 1947 1207 2018 quamsi
1229 1946 1303 2004 situs
1325 1944 1375 2004 ills
1398 1962 1455 2005 non
1479 1949 1526 2005 sit

171 2031 287 2091 Nauna
314 2047 409 2090 rerum
435 2031 558 2090 creatrix
585 2032 773 2091 multifariam
796 2030 833 2090 ad
857 2030 886 2088 id
909 2031 962 2089 niti
985 2029 1115 2103 ridetur,
1145 2038 1179 2091 ιιι
1205 2033 1314 2091 formas
1344 2022 1528 2109 geometricis

170 2118 299 2195 legibus,
316 2117 419 2194 quales
433 2119 580 2179 humanae
594 2121 684 2180 manti
698 2119 737 2179 ab
748 2119 833 2178 initio
847 2118 953 2179 insitae
967 2124 1044 2191 suut,
1060 2119 1202 2193 aequales
1214 2126 1363 2195 procreet3
1378 2121 1527 2198 crystalla,

172 2209 235 2280 nix,
257 2206 354 2280 flores,
377 2222 515 2265 numerus
538 2213 568 2265 et
589 2206 660 2266 ordo
682 2206 816 2266 loliorum
836 2206 1040 2282 fructuumque
1053 2205 1156 2279 forma,
1180 2225 1268 2283 apum
1284 2206 1376 2267 cellae
1391 2216 1421 2267 et
1435 2208 1528 2268 multa

171 2291 232 2353 alia
243 2295 401 2353 nimirum
412 2296 587 2370 genetricem
600 2293 767 2355 ostendunt.
790 2293 845 2353 lile
857 2310 952 2353 rernm
962 2292 1043 2367 ordo,
1059 2292 1212 2354 harmonia
1223 2294 1276 2354 illa
1287 2297 1317 2352 ri
1328 2294 1528 2371 inexplicabili

172 2397 260 2441 aures
275 2376 390 2455 ierieus,
414 2380 588 2442 documento
602 2390 656 2456 est,
680 2381 790 2442 mundo
804 2384 900 2441 inesse
915 2384 976 2440 rim
990 2382 1174 2457 geometricis
1187 2382 1303 2459 legibus
1323 2389 1429 2456 actam
1451 2400 1528 2459 quae

172 2470 335 2529 animantia
351 2477 381 2530 et
394 2471 525 2529 inanima
535 2477 663 2541 moveat,
679 2471 792 2530 etiamsi
809 2487 845 2529 ne
860 2470 1022 2529 sumentia
1034 2467 1153 2545 quidem
1165 2487 1229 2530 eam
1243 2472 1350 2531 sentiro
1361 2469 1526 2531 rideantur.

172 2556 262 2616 Illam
292 2559 354 2615 vim
389 2574 526 2617 arcanam
555 2556 701 2635 Keplerus
730 2574 797 2616 cum
826 2556 953 2616 bominis
982 2557 1080 2615 animo
1110 2565 1261 2634 comparat
1289 2574 1453 2633 nomenque
1482 2558 1533 2616 itti.

173 2643 257 2703 addit
278 2661 406 2720 aequum
432 2646 565 2727 „animae
587 2644 720 2706 mundi“.
766 2644 851 2704 Haec
872 2642 973 2703 muudi
995 2645 1096 2703 anima
1117 2644 1244 2718 iisdem,¹
1267 2645 1374 2720 quibus
1400 2645 1528 2705 bominis
1587 2688 1593 2707 ι

172 2733 304 2805 animus,
325 2731 440 2809 legibus
462 2734 580 2810 regitur.
625 2731 683 2807 Qui
706 2739 741 2792 ut
762 2733 843 2793 sonis
865 2731 1041 2791 harmonicis
1065 2738 1094 2789 et
1116 2732 1285 2792 harmonico
1308 2731 1435 2792 siderum
1458 2735 1526 2805 situ,

174 2818 324 2895 quemme
345 2817 377 2877 id
398 2819 451 2879 flat
471 2822 603 2894 nescius,
633 2827 776 2894 moratur,
808 2820 850 2877 ita
872 2819 918 2878 bis
941 2820 1031 2879 etiam
1053 2819 1153 2878 mundi
1176 2823 1274 2879 anirna
1296 2821 1393 2894 agitur
1414 2826 1444 2878 et
1465 2836 1525 2878 nou

172 2905 273 2980 modo,
297 2923 371 2982 quas
394 2905 538 2981 diximus,
565 2909 673 2967 formas
695 2909 845 2983 regulares
866 2914 1015 2984 procreat,
1034 2905 1090 2971 scd
1113 2909 1201 2966 etiam
1225 2907 1263 2966 ad
1285 2909 1345 2965 rim
1367 2910 1397 2964 in
1420 2924 1527 2984 corpus

171 3012 276 3066 mum,
307 2993 439 3064 Turum,
471 2994 659 3056 exserendam
690 3011 784 3075 aeque
814 2995 918 3071 agitrn,
949 3002 1038 3071 atque
1066 2989 1195 3053 iliudflt
1215 2995 1245 3051 in
1267 2997 1365 3055 animo
1387 2994 1523 3054 hominis.
1612 2984 1617 2997 ’

171 3081 247 3141 Inde
280 3084 461 3158 tempestatis
476 3086 663 3153 mutationes,
688 3092 816 3143 meteora
839 3089 870 3141 ot
891 3081 965 3155 alis,
996 3080 1065 3142 inde
1095 3083 1184 3141 etiam
1215 3085 1260 3141 vis
1290 3090 1463 3159 aspectuum
1493 3084 1523 3141 in

171 3171 305 3229 ιιιιιιιιιιιιι
326 3168 452 3229 bominis
474 3171 520 3230 bis
541 3170 780 3249 praevalentibus
802 3170 874 3229 nati.

284 3253 355 3315 Illas
382 3260 544 3318 sententias
566 3257 712 3334 Keplerus
741 3255 868 3333 explicat
895 3257 925 3314 in
957 3255 1080 3329 libellis,
1112 3271 1188 3330 quos
1209 3272 1298 3331 supra
1328 3255 1465 3330 diximus,
1495 3264 1525 3316 et

169 3344 235 3420 jam
258 3346 289 3401 in
311 3345 405 3419 primo
427 3344 553 3406 intendit
573 3346 679 3405 librum
702 3345 873 3421 ampliorem
894 3343 1019 3488 popinae
1041 3342 1198 3416 edendum,
1227 3343 1428 3403 Harmoniam.

280 3430 409 3491 Primum
429 3432 493 3507 J‘am
514 3433 659 3510 KepIerus
682 3433 712 3493 id
735 3435 804 3509 egit,
827 3440 861 3490 ιιι
882 3449 938 3508 erp
951 3433 1053 3505 icarct,
1077 3448 1128 3490 cnr
1148 3439 1286 3507 aspectus
1307 3431 1345 3491 ab
1368 3430 1525 3507 astrologis

172 3519 339 3594 antiquitus
361 3518 461 3579 traditi
483 3522 526 3580 ita
548 3520 695 3595 valerent,
724 3528 758 3579 ιιι
787 3521 817 3577 in
845 3521 1012 3597 praemissis
1034 3522 1098 3595 ipse
1120 3523 1276 3592 statuerat,
1309 3526 1339 3580 et
1359 3521 1524 3595 inquireret,

171 3624 245 3665 num
262 3607 351 3664 edam
366 3605 426 3680 ralii,
449 3625 537 3683 quam
553 3611 601 3684 qni
625 3607 723 3668 adbuc
744 3614 826 3669 erant
848 3605 955 3678 traditi,
978 3606 1163 3683 planetamm
1178 3607 1252 3665 inter
1266 3623 1298 3665 se
1313 3608 1386 3665 situs
1402 3605 1525 3666 eandem

170 3697 235 3752 rim
271 3692 420 3753 haberent.
477 3694 562 3770 Quae
594 3698 781 3772 quaestiones
818 3713 883 3755 eum
916 3693 955 3753 ad
989 3693 1162 3754 divisionem
1196 3692 1311 3767 circuli,
1346 3693 1385 3753 ad
1417 3694 1525 3771 figuras

170 3779 325 3857 regulares
347 3789 377 3840 ct
398 3798 528 3858 corpora,
553 3781 591 3842 ad
613 3799 702 3843 sonos
724 3784 908 3843 harnronicos
930 3780 1114 3841 reduxerunt
1151 3778 1199 3839 Ad
1216 3779 1246 3838 id
1263 3788 1376 3841 veteres
1398 3780 1526 3841 recolere

171 3870 284 3945 coepit,
308 3884 373 3929 cum
394 3869 616 3930 mathematicos
637 3870 799 3944 Euclidem,
821 3870 967 3943 Proclnm,
992 3868 1197 3944 Apollonium,
1222 3867 1439 3941 Archimedem,
1463 3875 1525 3925 tum

171 3957 342 4016 Ptolomaei
365 3959 490 4016 maxime
511 3958 712 4027 Harmoniam,
734 3958 868 4018 Platonis
890 3957 1053 4031 Timaeum,
1079 3955 1264 4015 Aristotelem
1286 3955 1429 4031 aliosque.
1466 3953 1525 4014 Sed

171 4043 334 4121 plurimum
356 4045 495 4121 temporis
517 4047 719 4106 astronomicis
747 4045 850 4105 studiis
877 4047 1039 4117 insumens,
1070 4045 1221 4103 intermitti
1244 4043 1295 4102 illa
1317 4058 1526 4117 nonnunquam

172 4148 298 4193 necesse
320 4131 389 4205 luit,
419 4150 597 4209 quamquam
618 4149 676 4192 non
698 4150 817 4209 prorsus
841 4134 947 4193 omisit.
992 4132 1025 4189 ln
1049 4131 1185 4190 omnibus
1208 4129 1325 4207 quidem
1347 4129 1411 4204 ejus
1433 4128 1525 4202 libris,

173 4228 206 4280 et
227 4221 259 4276 in
288 4219 335 4293 iis,
367 4236 441 4295 quos
473 4237 562 4296 supra
592 4220 727 4295 diximus,
760 4227 791 4281 et
819 4223 849 4280 in
878 4218 999 4297 Optica,
1032 4220 1062 4276 in
1093 4218 1168 4277 libro
1197 4217 1233 4278 do
1263 4216 1368 4276 Martis
1397 4217 1526 4276 motibus

174 4308 358 4382 conscripto,
389 4308 417 4364 iu
442 4307 682 4384 premeridibns
711 4308 849 4384 aliisque,
881 4305 1080 4365 inliteratum
1104 4306 1276 4365 commercio
1305 4307 1418 4376 insunt,
1449 4322 1525 4380 qnae

175 4401 320 4455 testentur
333 4394 398 4470 ejus
413 4395 550 4469 studium,
573 4398 755 4473 propositum
777 4396 863 4456 finem
887 4393 1071 4470 assequendi,
1095 4394 1171 4471 qudo
1194 4392 1297 4452 eadem
1319 4390 1525 4464 demonstrent,

176 4481 334 4560 quomodo,
359 4499 435 4558 quae
457 4483 573 4554 viderit,
603 4501 667 4543 cum
691 4486 752 4543 suis
773 4485 926 4544 sententiis
948 4483 1150 4541 astronomicis
1172 4477 1326 4539 conciliare
1349 4484 1379 4538 et
1404 4478 1523 4555 „leges“

174 4588 246 4631 suas
268 4572 480 4631 asuonomicas
502 4571 649 4648 adjunctis
671 4571 840 4631 harmoniae
861 4570 976 4642 legibus
991 4570 1021 4627 vi
1037 4576 1066 4629 et
1081 4570 1254 4628 sonoritate
1277 4565 1402 4643 quadam
1425 4574 1527 4626 sancta

175 4676 283 4735 augere
312 4664 343 4717 ct
373 4675 476 4718 ornare
506 4658 586 4718 velit.
632 4658 701 4719 Jsm
724 4675 802 4718 anno
828 4659 920 4719 1605.
943 4656 1090 4732 Keplerns
1113 4654 1210 4730 Anglo
1233 4653 1380 4733 Haydouc
1410 4655 1524 4713 scribit:

178 4747 276 4821 ,Deus
305 4764 357 4807 mc
388 4760 425 4806 ox
453 4748 631 4806 astronomia
660 4745 810 4822 expediat,
840 4752 873 4804 ut
901 4743 939 4804 ad
969 4761 1068 4803 curam
1097 4745 1192 4818 operis
1219 4745 1276 4802 mei
1305 4741 1342 4802 da
1363 4741 1527 4802 Harmonia

170 4837 272 4899 blandi
289 4837 480 4905 convertar«,
505 4842 535 4893 ct
557 4832 648 4907 addit,
671 4836 768 4893 animo
791 4851 823 4894 se
844 4834 991 4903 statutam,
1014 4831 1071 4890 hoc
1089 4846 1163 4906 opus
1177 4829 1293 4890 Jacobo
1312 4829 1437 4904 Angliac
1451 4828 1527 4905 Regi

167 4928 312 4993 dedicare.
375 4921 445 4981 Hac
472 4923 596 4998 epistola
625 4922 751 5000 aliisque
778 4921 862 4982 aiiert
891 4918 1036 4997 quaedam
1058 4916 1095 4978 de
1117 4926 1288 4996 argumento
1309 4917 1398 4993 hujus
1420 4919 1526 4993 operis,
