<?xml version="1.0" encoding="UTF-8"?>
<!DOCTYPE html PUBLIC "-//W3C//DTD XHTML 1.0 Transitional//EN"
    "http://www.w3.org/TR/xhtml1/DTD/xhtml1-transitional.dtd">
<html xmlns="http://www.w3.org/1999/xhtml" xml:lang="en" lang="en">
 <head>
  <title>
</title>
<meta http-equiv="Content-Type" content="text/html;charset=utf-8" />
  <meta name='ocr-system' content='tesseract 3.04.00' />
  <meta name='ocr-capabilities' content='ocr_page ocr_carea ocr_par ocr_line ocrx_word'/>
</head>
<body>
  <div class='ocr_page' id='page_1' title='image "./joanniskepleria29frisgoog_0281.png"; bbox 0 0 3872 5846; ppageno 0'>
   <div class='ocr_carea' id='block_1_1' title="bbox 391 405 1327 476">
    <p class='ocr_par' dir='ltr' id='par_1_1' title="bbox 391 405 1327 476">
     <span class='ocr_line' id='line_1_1' title="bbox 391 405 1327 476; baseline 0.005 -13"><span class='ocrx_word' id='word_1_1' title='bbox 391 413 455 473; x_wconf 73' lang='lat'>260</span> <span class='ocrx_word' id='word_1_2' title='bbox 806 407 848 462; x_wconf 90' lang='lat' dir='ltr'>De</span> <span class='ocrx_word' id='word_1_3' title='bbox 867 405 1130 476; x_wconf 77' lang='lat' dir='ltr'>Conligurationibus</span> <span class='ocrx_word' id='word_1_4' title='bbox 1148 412 1327 469; x_wconf 73' lang='lat' dir='ltr'>Haemonicis.</span> 
     </span>
    </p>
   </div>
   <div class='ocr_carea' id='block_1_2' title="bbox 387 585 1745 1285">
    <p class='ocr_par' dir='ltr' id='par_1_2' title="bbox 387 585 1745 1285">
     <span class='ocr_line' id='line_1_2' title="bbox 389 585 1744 672; baseline 0.004 -23"><span class='ocrx_word' id='word_1_5' title='bbox 389 591 555 672; x_wconf 77' lang='lat' dir='ltr'>praefectae</span> <span class='ocrx_word' id='word_1_6' title='bbox 585 594 662 650; x_wconf 85' lang='lat' dir='ltr'>sunt.</span> <span class='ocrx_word' id='word_1_7' title='bbox 708 585 754 644; x_wconf 89' lang='lat' dir='ltr'>De</span> <span class='ocrx_word' id='word_1_8' title='bbox 782 586 912 663; x_wconf 80' lang='lat' dir='ltr'><strong>principe</strong></span> <span class='ocrx_word' id='word_1_9' title='bbox 935 586 1052 663; x_wconf 90' lang='lat' dir='ltr'>quidem</span> <span class='ocrx_word' id='word_1_10' title='bbox 1068 593 1195 669; x_wconf 26' lang='lat' dir='ltr'>&#39;animae</span> <span class='ocrx_word' id='word_1_11' title='bbox 1224 591 1377 667; x_wconf 76' lang='lat' dir='ltr'><strong>facultate,</strong></span> <span class='ocrx_word' id='word_1_12' title='bbox 1413 610 1488 669; x_wconf 91' lang='lat' dir='ltr'>quac</span> <span class='ocrx_word' id='word_1_13' title='bbox 1518 612 1600 653; x_wconf 89' lang='lat' dir='ltr'>mens</span> <span class='ocrx_word' id='word_1_14' title='bbox 1630 593 1744 671; x_wconf 88' lang='lat' dir='ltr'>dicitur,</span> 
     </span>
     <span class='ocr_line' id='line_1_3' title="bbox 390 675 1745 760; baseline 0.003 -23"><span class='ocrx_word' id='word_1_15' title='bbox 390 687 504 760; x_wconf 89' lang='lat' dir='ltr'>praeter</span> <span class='ocrx_word' id='word_1_16' title='bbox 528 676 587 750; x_wconf 91' lang='lat' dir='ltr'>illa,</span> <span class='ocrx_word' id='word_1_17' title='bbox 611 691 688 752; x_wconf 90' lang='lat' dir='ltr'>quae</span> <span class='ocrx_word' id='word_1_18' title='bbox 710 690 801 750; x_wconf 89' lang='lat' dir='ltr'>supra</span> <span class='ocrx_word' id='word_1_19' title='bbox 824 690 887 749; x_wconf 87' lang='lat' dir='ltr'>cap.</span> <span class='ocrx_word' id='word_1_20' title='bbox 907 676 933 731; x_wconf 94' lang='lat' dir='ltr'>l.</span> <span class='ocrx_word' id='word_1_21' title='bbox 949 692 995 733; x_wconf 81' lang='lat' dir='ltr'>ex</span> <span class='ocrx_word' id='word_1_22' title='bbox 1016 675 1123 736; x_wconf 91' lang='lat' dir='ltr'>Proclo</span> <span class='ocrx_word' id='word_1_23' title='bbox 1146 678 1245 752; x_wconf 89' lang='lat' dir='ltr'>attuli,</span> <span class='ocrx_word' id='word_1_24' title='bbox 1270 678 1342 737; x_wconf 91' lang='lat' dir='ltr'>nihil</span> <span class='ocrx_word' id='word_1_25' title='bbox 1365 679 1502 740; x_wconf 80' lang='lat' dir='ltr'><strong>admonet</strong></span> <span class='ocrx_word' id='word_1_26' title='bbox 1524 684 1675 759; x_wconf 80' lang='lat' dir='ltr'>negotium</span> <span class='ocrx_word' id='word_1_27' title='bbox 1696 702 1745 742; x_wconf 91' lang='lat' dir='ltr'>ra-</span> 
     </span>
     <span class='ocr_line' id='line_1_4' title="bbox 390 760 1745 844; baseline 0.001 -17"><span class='ocrx_word' id='word_1_28' title='bbox 390 768 562 838; x_wconf 78' lang='lat' dir='ltr'>stationum,</span> <span class='ocrx_word' id='word_1_29' title='bbox 586 762 666 840; x_wconf 94' lang='lat' dir='ltr'>quod</span> <span class='ocrx_word' id='word_1_30' title='bbox 690 760 785 820; x_wconf 91' lang='lat' dir='ltr'>dicam</span> <span class='ocrx_word' id='word_1_31' title='bbox 808 761 944 836; x_wconf 86' lang='lat' dir='ltr'>amptius.</span> <span class='ocrx_word' id='word_1_32' title='bbox 989 762 1044 821; x_wconf 89' lang='lat' dir='ltr'>Est</span> <span class='ocrx_word' id='word_1_33' title='bbox 1067 763 1118 823; x_wconf 88' lang='lat' dir='ltr'>illa</span> <span class='ocrx_word' id='word_1_34' title='bbox 1140 775 1288 843; x_wconf 85' lang='lat' dir='ltr'>punctum,</span> <span class='ocrx_word' id='word_1_35' title='bbox 1313 767 1345 825; x_wconf 85' lang='lat' dir='ltr'>ut</span> <span class='ocrx_word' id='word_1_36' title='bbox 1366 786 1463 843; x_wconf 87' lang='lat' dir='ltr'>mens;</span> <span class='ocrx_word' id='word_1_37' title='bbox 1487 778 1532 828; x_wconf 84' lang='lat' dir='ltr'>est</span> <span class='ocrx_word' id='word_1_38' title='bbox 1554 769 1688 844; x_wconf 90' lang='lat' dir='ltr'>circulus,</span> <span class='ocrx_word' id='word_1_39' title='bbox 1712 779 1745 829; x_wconf 91' lang='lat' dir='ltr'>ut</span> 
     </span>
     <span class='ocr_line' id='line_1_5' title="bbox 387 846 1743 934; baseline -0.001 -19"><span class='ocrx_word' id='word_1_40' title='bbox 387 856 589 926; x_wconf 83' lang='lat' dir='ltr'>ratiocinati03</span> <span class='ocrx_word' id='word_1_41' title='bbox 621 858 667 910; x_wconf 87' lang='lat' dir='ltr'>est</span> <span class='ocrx_word' id='word_1_42' title='bbox 688 850 802 925; x_wconf 88' lang='lat' dir='ltr'>imago,</span> <span class='ocrx_word' id='word_1_43' title='bbox 826 846 926 930; x_wconf 70' lang='lat' dir='ltr'>quitus</span> <span class='ocrx_word' id='word_1_44' title='bbox 949 848 1057 925; x_wconf 77' lang='lat' dir='ltr'>diviui3</span> <span class='ocrx_word' id='word_1_45' title='bbox 1088 861 1133 911; x_wconf 88' lang='lat' dir='ltr'>eat</span> <span class='ocrx_word' id='word_1_46' title='bbox 1155 853 1322 927; x_wconf 89' lang='lat' dir='ltr'>harmonia,</span> <span class='ocrx_word' id='word_1_47' title='bbox 1347 856 1444 931; x_wconf 89' lang='lat' dir='ltr'>quoad</span> <span class='ocrx_word' id='word_1_48' title='bbox 1468 860 1614 934; x_wconf 78' lang='lat' dir='ltr'>energiam</span> <span class='ocrx_word' id='word_1_49' title='bbox 1636 875 1743 932; x_wconf 73' lang='lat' dir='ltr'>unam,</span> 
     </span>
     <span class='ocr_line' id='line_1_6' title="bbox 388 936 1744 1018; baseline 0.002 -16"><span class='ocrx_word' id='word_1_50' title='bbox 388 945 507 1002; x_wconf 91' lang='lat' dir='ltr'>suntin</span> <span class='ocrx_word' id='word_1_51' title='bbox 531 958 567 1000; x_wconf 87' lang='lat' dir='ltr'>ea</span> <span class='ocrx_word' id='word_1_52' title='bbox 590 937 674 998; x_wconf 82' lang='lat' dir='ltr'>ideae</span> <span class='ocrx_word' id='word_1_53' title='bbox 697 945 727 996; x_wconf 91' lang='lat' dir='ltr'>et</span> <span class='ocrx_word' id='word_1_54' title='bbox 748 937 863 1013; x_wconf 89' lang='lat' dir='ltr'>species</span> <span class='ocrx_word' id='word_1_55' title='bbox 886 936 1121 1013; x_wconf 77' lang='lat' dir='ltr'>mathematicae,</span> <span class='ocrx_word' id='word_1_56' title='bbox 1144 958 1197 1016; x_wconf 91' lang='lat' dir='ltr'>per</span> <span class='ocrx_word' id='word_1_57' title='bbox 1220 941 1376 1018; x_wconf 75' lang='lat' dir='ltr'>circuium3</span> <span class='ocrx_word' id='word_1_58' title='bbox 1405 944 1456 1003; x_wconf 85' lang='lat' dir='ltr'>dat</span> <span class='ocrx_word' id='word_1_59' title='bbox 1485 943 1535 1003; x_wconf 89' lang='lat' dir='ltr'>illa</span> <span class='ocrx_word' id='word_1_60' title='bbox 1564 942 1661 1016; x_wconf 89' lang='lat' dir='ltr'>bisce,</span> <span class='ocrx_word' id='word_1_61' title='bbox 1694 945 1744 1005; x_wconf 88' lang='lat' dir='ltr'>dat</span> 
     </span>
     <span class='ocr_line' id='line_1_7' title="bbox 389 1018 1744 1108; baseline -0.001 -18"><span class='ocrx_word' id='word_1_62' title='bbox 389 1042 418 1091; x_wconf 86' lang='lat' dir='ltr'>et</span> <span class='ocrx_word' id='word_1_63' title='bbox 439 1030 598 1090; x_wconf 86' lang='lat' dir='ltr'>harmoniis</span> <span class='ocrx_word' id='word_1_64' title='bbox 630 1018 687 1084; x_wconf 66' lang='lat' dir='ltr'>&amp;aaa</span> <span class='ocrx_word' id='word_1_65' title='bbox 709 1034 795 1083; x_wconf 84' lang='lat' dir='ltr'>suurn</span> <span class='ocrx_word' id='word_1_66' title='bbox 818 1022 1023 1083; x_wconf 89' lang='lat' dir='ltr'>intellectuale.</span> <span class='ocrx_word' id='word_1_67' title='bbox 1069 1024 1153 1087; x_wconf 90' lang='lat' dir='ltr'>Haec</span> <span class='ocrx_word' id='word_1_68' title='bbox 1183 1031 1280 1087; x_wconf 91' lang='lat' dir='ltr'>omnia</span> <span class='ocrx_word' id='word_1_69' title='bbox 1302 1033 1430 1105; x_wconf 89' lang='lat' dir='ltr'>requirat</span> <span class='ocrx_word' id='word_1_70' title='bbox 1457 1032 1549 1091; x_wconf 91' lang='lat' dir='ltr'>lector</span> <span class='ocrx_word' id='word_1_71' title='bbox 1571 1050 1606 1091; x_wconf 85' lang='lat' dir='ltr'>ex</span> <span class='ocrx_word' id='word_1_72' title='bbox 1629 1035 1744 1108; x_wconf 91' lang='lat' dir='ltr'>superi-</span> 
     </span>
     <span class='ocr_line' id='line_1_8' title="bbox 388 1111 1742 1195; baseline 0.001 -18"><span class='ocrx_word' id='word_1_73' title='bbox 388 1119 507 1192; x_wconf 90' lang='lat' dir='ltr'>oribus,</span> <span class='ocrx_word' id='word_1_74' title='bbox 539 1116 588 1174; x_wconf 89' lang='lat' dir='ltr'>hic</span> <span class='ocrx_word' id='word_1_75' title='bbox 610 1113 742 1191; x_wconf 90' lang='lat' dir='ltr'>pluribus</span> <span class='ocrx_word' id='word_1_76' title='bbox 765 1125 824 1168; x_wconf 87' lang='lat' dir='ltr'>non</span> <span class='ocrx_word' id='word_1_77' title='bbox 847 1120 892 1169; x_wconf 88' lang='lat' dir='ltr'>est</span> <span class='ocrx_word' id='word_1_78' title='bbox 915 1127 998 1185; x_wconf 90' lang='lat' dir='ltr'>opus.</span> <span class='ocrx_word' id='word_1_79' title='bbox 1044 1111 1143 1173; x_wconf 91' lang='lat' dir='ltr'>Unum</span> <span class='ocrx_word' id='word_1_80' title='bbox 1166 1115 1222 1175; x_wconf 92' lang='lat' dir='ltr'>hoc</span> <span class='ocrx_word' id='word_1_81' title='bbox 1244 1134 1350 1176; x_wconf 91' lang='lat' dir='ltr'>moneo</span> <span class='ocrx_word' id='word_1_82' title='bbox 1374 1117 1410 1177; x_wconf 92' lang='lat' dir='ltr'>de</span> <span class='ocrx_word' id='word_1_83' title='bbox 1432 1118 1531 1179; x_wconf 91' lang='lat' dir='ltr'>Procli</span> <span class='ocrx_word' id='word_1_84' title='bbox 1553 1126 1742 1195; x_wconf 88' lang='lat' dir='ltr'>argumenta-</span> 
     </span>
     <span class='ocr_line' id='line_1_9' title="bbox 387 1198 1742 1285; baseline 0.001 -21"><span class='ocrx_word' id='word_1_85' title='bbox 387 1208 484 1265; x_wconf 83' lang='lat' dir='ltr'>tione:</span> <span class='ocrx_word' id='word_1_86' title='bbox 517 1222 575 1262; x_wconf 92' lang='lat' dir='ltr'>non</span> <span class='ocrx_word' id='word_1_87' title='bbox 599 1200 693 1262; x_wconf 86' lang='lat' dir='ltr'>videri</span> <span class='ocrx_word' id='word_1_88' title='bbox 716 1198 799 1256; x_wconf 91' lang='lat' dir='ltr'>iliam</span> <span class='ocrx_word' id='word_1_89' title='bbox 822 1199 876 1256; x_wconf 90' lang='lat' dir='ltr'>niti</span> <span class='ocrx_word' id='word_1_90' title='bbox 901 1199 985 1257; x_wconf 89' lang='lat' dir='ltr'>bonis</span> <span class='ocrx_word' id='word_1_91' title='bbox 1007 1203 1159 1282; x_wconf 87' lang='lat' dir='ltr'>exemplis,</span> <span class='ocrx_word' id='word_1_92' title='bbox 1182 1203 1250 1261; x_wconf 90' lang='lat' dir='ltr'>dum</span> <span class='ocrx_word' id='word_1_93' title='bbox 1272 1203 1407 1278; x_wconf 91' lang='lat' dir='ltr'>inculcat,</span> <span class='ocrx_word' id='word_1_94' title='bbox 1430 1205 1497 1265; x_wconf 90' lang='lat' dir='ltr'>ideo</span> <span class='ocrx_word' id='word_1_95' title='bbox 1512 1206 1614 1281; x_wconf 89' lang='lat' dir='ltr'>lineas,</span> <span class='ocrx_word' id='word_1_96' title='bbox 1638 1219 1742 1285; x_wconf 89' lang='lat' dir='ltr'>super-</span> 
     </span>
    </p>
   </div>
   <div class='ocr_carea' id='block_1_3' title="bbox 274 1286 1743 1371">
    <p class='ocr_par' dir='ltr' id='par_1_3' title="bbox 274 1286 1743 1371">
     <span class='ocr_line' id='line_1_10' title="bbox 274 1286 1743 1371; baseline -0.001 -18"><span class='ocrx_word' id='word_1_97' title='bbox 274 1314 277 1323; x_wconf 90' lang='lat'>·</span> <span class='ocrx_word' id='word_1_98' title='bbox 386 1293 466 1353; x_wconf 88' lang='lat' dir='ltr'>ficies</span> <span class='ocrx_word' id='word_1_99' title='bbox 490 1301 520 1352; x_wconf 91' lang='lat' dir='ltr'>et</span> <span class='ocrx_word' id='word_1_100' title='bbox 541 1297 651 1368; x_wconf 88' lang='lat' dir='ltr'>puncta</span> <span class='ocrx_word' id='word_1_101' title='bbox 672 1290 701 1345; x_wconf 91' lang='lat' dir='ltr'>in</span> <span class='ocrx_word' id='word_1_102' title='bbox 725 1288 824 1345; x_wconf 91' lang='lat' dir='ltr'>anima</span> <span class='ocrx_word' id='word_1_103' title='bbox 846 1286 1018 1361; x_wconf 89' lang='lat' dir='ltr'>statuenda,</span> <span class='ocrx_word' id='word_1_104' title='bbox 1044 1291 1113 1364; x_wconf 88' lang='lat' dir='ltr'>quia</span> <span class='ocrx_word' id='word_1_105' title='bbox 1136 1293 1165 1349; x_wconf 88' lang='lat' dir='ltr'>iu</span> <span class='ocrx_word' id='word_1_106' title='bbox 1188 1292 1345 1352; x_wconf 89' lang='lat' dir='ltr'>sensilibus</span> <span class='ocrx_word' id='word_1_107' title='bbox 1367 1292 1465 1353; x_wconf 88' lang='lat' dir='ltr'>nullae</span> <span class='ocrx_word' id='word_1_108' title='bbox 1488 1311 1579 1370; x_wconf 88' lang='lat' dir='ltr'>purae</span> <span class='ocrx_word' id='word_1_109' title='bbox 1602 1303 1631 1354; x_wconf 91' lang='lat' dir='ltr'>et</span> <span class='ocrx_word' id='word_1_110' title='bbox 1653 1312 1743 1371; x_wconf 89' lang='lat' dir='ltr'>sepa-</span> 
     </span>
    </p>
   </div>
   <div class='ocr_carea' id='block_1_4' title="bbox 334 1372 1789 2951">
    <p class='ocr_par' dir='ltr' id='par_1_4' title="bbox 334 1372 1789 2589">
     <span class='ocr_line' id='line_1_11' title="bbox 334 1372 1789 1458; baseline 0.001 -18"><span class='ocrx_word' id='word_1_111' title='bbox 334 1372 339 1379; x_wconf 64' lang='grc'><strong><em>’</em></strong></span> <span class='ocrx_word' id='word_1_112' title='bbox 385 1391 468 1442; x_wconf 90' lang='lat' dir='ltr'>ratae</span> <span class='ocrx_word' id='word_1_113' title='bbox 490 1377 667 1457; x_wconf 85' lang='lat' dir='ltr'>superficies,</span> <span class='ocrx_word' id='word_1_114' title='bbox 691 1375 786 1433; x_wconf 86' lang='lat' dir='ltr'>lineae</span> <span class='ocrx_word' id='word_1_115' title='bbox 810 1373 858 1432; x_wconf 85' lang='lat' dir='ltr'>vel</span> <span class='ocrx_word' id='word_1_116' title='bbox 882 1384 991 1449; x_wconf 79' lang='lat' dir='ltr'>puncta</span> <span class='ocrx_word' id='word_1_117' title='bbox 1011 1376 1078 1434; x_wconf 89' lang='lat' dir='ltr'>sint.</span> <span class='ocrx_word' id='word_1_118' title='bbox 1124 1378 1216 1454; x_wconf 87' lang='lat' dir='ltr'>Atqui</span> <span class='ocrx_word' id='word_1_119' title='bbox 1238 1396 1293 1439; x_wconf 88' lang='lat' dir='ltr'>uec</span> <span class='ocrx_word' id='word_1_120' title='bbox 1315 1381 1343 1439; x_wconf 92' lang='lat' dir='ltr'>in</span> <span class='ocrx_word' id='word_1_121' title='bbox 1367 1383 1465 1439; x_wconf 87' lang='lat' dir='ltr'>anima</span> <span class='ocrx_word' id='word_1_122' title='bbox 1487 1388 1532 1440; x_wconf 90' lang='lat' dir='ltr'>est</span> <span class='ocrx_word' id='word_1_123' title='bbox 1554 1381 1633 1441; x_wconf 90' lang='lat' dir='ltr'>linea</span> <span class='ocrx_word' id='word_1_124' title='bbox 1655 1399 1741 1458; x_wconf 89' lang='lat' dir='ltr'>pura,</span> <span class='ocrx_word' id='word_1_125' title='bbox 1785 1398 1789 1409; x_wconf 75' lang='grc'>’</span> 
     </span>
     <span class='ocr_line' id='line_1_12' title="bbox 386 1459 1741 1547; baseline -0.002 -18"><span class='ocrx_word' id='word_1_126' title='bbox 386 1486 417 1529; x_wconf 91' lang='lat' dir='ltr'>se</span> <span class='ocrx_word' id='word_1_127' title='bbox 441 1470 505 1545; x_wconf 91' lang='lat' dir='ltr'>ipsa</span> <span class='ocrx_word' id='word_1_128' title='bbox 527 1467 699 1537; x_wconf 87' lang='lat' dir='ltr'>subsistens,</span> <span class='ocrx_word' id='word_1_129' title='bbox 721 1459 775 1522; x_wconf 85' lang='lat' dir='ltr'>sed</span> <span class='ocrx_word' id='word_1_130' title='bbox 797 1461 926 1519; x_wconf 86' lang='lat' dir='ltr'>inexistit</span> <span class='ocrx_word' id='word_1_131' title='bbox 941 1463 972 1518; x_wconf 91' lang='lat' dir='ltr'>in</span> <span class='ocrx_word' id='word_1_132' title='bbox 987 1463 1139 1539; x_wconf 87' lang='lat' dir='ltr'>superficie</span> <span class='ocrx_word' id='word_1_133' title='bbox 1155 1467 1285 1538; x_wconf 88' lang='lat' dir='ltr'>mentali,</span> <span class='ocrx_word' id='word_1_134' title='bbox 1310 1467 1393 1543; x_wconf 90' lang='lat' dir='ltr'>cujus</span> <span class='ocrx_word' id='word_1_135' title='bbox 1415 1476 1460 1527; x_wconf 87' lang='lat' dir='ltr'>est</span> <span class='ocrx_word' id='word_1_136' title='bbox 1483 1472 1660 1547; x_wconf 82' lang='lat' dir='ltr'>extremitas,</span> <span class='ocrx_word' id='word_1_137' title='bbox 1682 1486 1741 1527; x_wconf 90' lang='lat' dir='ltr'>non</span> 
     </span>
     <span class='ocr_line' id='line_1_13' title="bbox 386 1549 1740 1632; baseline -0.001 -17"><span class='ocrx_word' id='word_1_138' title='bbox 386 1558 481 1615; x_wconf 89' lang='lat' dir='ltr'>minus</span> <span class='ocrx_word' id='word_1_139' title='bbox 509 1571 598 1630; x_wconf 92' lang='lat' dir='ltr'>quam</span> <span class='ocrx_word' id='word_1_140' title='bbox 626 1554 656 1609; x_wconf 91' lang='lat' dir='ltr'>in</span> <span class='ocrx_word' id='word_1_141' title='bbox 685 1549 843 1609; x_wconf 88' lang='lat' dir='ltr'>sensilibus</span> <span class='ocrx_word' id='word_1_142' title='bbox 871 1550 1086 1623; x_wconf 82' lang='lat' dir='ltr'>quantitatibus</span> <span class='ocrx_word' id='word_1_143' title='bbox 1127 1556 1273 1630; x_wconf 90' lang='lat' dir='ltr'>corporeis</span> <span class='ocrx_word' id='word_1_144' title='bbox 1302 1557 1378 1615; x_wconf 88' lang='lat' dir='ltr'>inest</span> <span class='ocrx_word' id='word_1_145' title='bbox 1414 1555 1580 1632; x_wconf 88' lang='lat' dir='ltr'>superficies</span> <span class='ocrx_word' id='word_1_146' title='bbox 1608 1574 1690 1615; x_wconf 91' lang='lat' dir='ltr'>mera</span> <span class='ocrx_word' id='word_1_147' title='bbox 1711 1559 1740 1614; x_wconf 93' lang='lat' dir='ltr'>in</span> 
     </span>
     <span class='ocr_line' id='line_1_14' title="bbox 386 1635 1740 1720; baseline -0.003 -16"><span class='ocrx_word' id='word_1_148' title='bbox 386 1645 569 1704; x_wconf 80' lang='lat' dir='ltr'>extremitate</span> <span class='ocrx_word' id='word_1_149' title='bbox 593 1639 730 1715; x_wconf 91' lang='lat' dir='ltr'>corporis,</span> <span class='ocrx_word' id='word_1_150' title='bbox 754 1635 833 1695; x_wconf 90' lang='lat' dir='ltr'>linea</span> <span class='ocrx_word' id='word_1_151' title='bbox 854 1651 935 1695; x_wconf 84' lang='lat' dir='ltr'>mera</span> <span class='ocrx_word' id='word_1_152' title='bbox 958 1638 987 1692; x_wconf 91' lang='lat' dir='ltr'>in</span> <span class='ocrx_word' id='word_1_153' title='bbox 1011 1642 1192 1699; x_wconf 85' lang='lat' dir='ltr'>extremitate</span> <span class='ocrx_word' id='word_1_154' title='bbox 1214 1643 1392 1720; x_wconf 84' lang='lat' dir='ltr'>superficiei,</span> <span class='ocrx_word' id='word_1_155' title='bbox 1414 1653 1554 1718; x_wconf 90' lang='lat' dir='ltr'>punctum</span> <span class='ocrx_word' id='word_1_156' title='bbox 1577 1661 1688 1702; x_wconf 91' lang='lat' dir='ltr'>merum</span> <span class='ocrx_word' id='word_1_157' title='bbox 1710 1647 1740 1700; x_wconf 92' lang='lat' dir='ltr'>in</span> 
     </span>
     <span class='ocr_line' id='line_1_15' title="bbox 386 1724 1738 1807; baseline -0.002 -15"><span class='ocrx_word' id='word_1_158' title='bbox 386 1740 515 1792; x_wconf 91' lang='lat' dir='ltr'>extremo</span> <span class='ocrx_word' id='word_1_159' title='bbox 538 1730 648 1789; x_wconf 88' lang='lat' dir='ltr'>lineae:</span> <span class='ocrx_word' id='word_1_160' title='bbox 684 1724 918 1802; x_wconf 87' lang='lat' dir='ltr'>imperiectarum</span> <span class='ocrx_word' id='word_1_161' title='bbox 951 1727 1028 1784; x_wconf 90' lang='lat' dir='ltr'>enirn</span> <span class='ocrx_word' id='word_1_162' title='bbox 1052 1731 1248 1801; x_wconf 88' lang='lat' dir='ltr'>quantitatum</span> <span class='ocrx_word' id='word_1_163' title='bbox 1271 1747 1329 1788; x_wconf 84' lang='lat' dir='ltr'>esse</span> <span class='ocrx_word' id='word_1_164' title='bbox 1352 1740 1396 1788; x_wconf 91' lang='lat' dir='ltr'>est</span> <span class='ocrx_word' id='word_1_165' title='bbox 1417 1732 1511 1789; x_wconf 79' lang='lat' dir='ltr'>inesse</span> <span class='ocrx_word' id='word_1_166' title='bbox 1540 1731 1738 1807; x_wconf 85' lang='lat' dir='ltr'>inperfectis.</span> 
     </span>
     <span class='ocr_line' id='line_1_16' title="bbox 386 1808 1738 1895; baseline -0.003 -14"><span class='ocrx_word' id='word_1_167' title='bbox 386 1819 505 1881; x_wconf 89' lang='lat' dir='ltr'>Scilicet</span> <span class='ocrx_word' id='word_1_168' title='bbox 531 1832 638 1895; x_wconf 88' lang='lat' dir='ltr'>genera</span> <span class='ocrx_word' id='word_1_169' title='bbox 660 1812 780 1890; x_wconf 91' lang='lat' dir='ltr'>quidem</span> <span class='ocrx_word' id='word_1_170' title='bbox 802 1808 1009 1871; x_wconf 89' lang='lat' dir='ltr'>mathematica</span> <span class='ocrx_word' id='word_1_171' title='bbox 1031 1829 1089 1872; x_wconf 92' lang='lat' dir='ltr'>non</span> <span class='ocrx_word' id='word_1_172' title='bbox 1112 1823 1180 1874; x_wconf 89' lang='lat' dir='ltr'>sunt</span> <span class='ocrx_word' id='word_1_173' title='bbox 1203 1816 1289 1875; x_wconf 89' lang='lat' dir='ltr'>aliter</span> <span class='ocrx_word' id='word_1_174' title='bbox 1311 1819 1341 1876; x_wconf 90' lang='lat' dir='ltr'>iu</span> <span class='ocrx_word' id='word_1_175' title='bbox 1364 1819 1475 1891; x_wconf 88' lang='lat' dir='ltr'>anima,</span> <span class='ocrx_word' id='word_1_176' title='bbox 1507 1835 1595 1894; x_wconf 88' lang='lat' dir='ltr'>quam</span> <span class='ocrx_word' id='word_1_177' title='bbox 1619 1820 1738 1877; x_wconf 84' lang='lat' dir='ltr'>univcr-</span> 
     </span>
     <span class='ocr_line' id='line_1_17' title="bbox 385 1899 1740 1983; baseline -0.001 -16"><span class='ocrx_word' id='word_1_178' title='bbox 385 1907 460 1967; x_wconf 80' lang='lat' dir='ltr'>salia</span> <span class='ocrx_word' id='word_1_179' title='bbox 482 1912 579 1966; x_wconf 87' lang='lat' dir='ltr'>cetera</span> <span class='ocrx_word' id='word_1_180' title='bbox 601 1907 818 1980; x_wconf 88' lang='lat' dir='ltr'>conceptusque</span> <span class='ocrx_word' id='word_1_181' title='bbox 842 1901 924 1973; x_wconf 82' lang='lat' dir='ltr'>uarii,</span> <span class='ocrx_word' id='word_1_182' title='bbox 949 1899 1088 1961; x_wconf 86' lang='lat' dir='ltr'>abstracti</span> <span class='ocrx_word' id='word_1_183' title='bbox 1104 1920 1122 1960; x_wconf 88' lang='lat' dir='ltr'>a</span> <span class='ocrx_word' id='word_1_184' title='bbox 1137 1903 1315 1983; x_wconf 88' lang='lat' dir='ltr'>sensilibus,</span> <span class='ocrx_word' id='word_1_185' title='bbox 1337 1912 1369 1964; x_wconf 87' lang='lat' dir='ltr'>at</span> <span class='ocrx_word' id='word_1_186' title='bbox 1390 1907 1551 1981; x_wconf 88' lang='lat' dir='ltr'>specierum</span> <span class='ocrx_word' id='word_1_187' title='bbox 1574 1905 1740 1965; x_wconf 90' lang='lat' dir='ltr'>matbema-</span> 
     </span>
     <span class='ocr_line' id='line_1_18' title="bbox 383 1980 1740 2067; baseline -0.001 -14"><span class='ocrx_word' id='word_1_188' title='bbox 383 1997 506 2055; x_wconf 88' lang='lat' dir='ltr'>ticarum</span> <span class='ocrx_word' id='word_1_189' title='bbox 528 1991 589 2062; x_wconf 89' lang='lat' dir='ltr'>ilia,</span> <span class='ocrx_word' id='word_1_190' title='bbox 616 2006 692 2065; x_wconf 89' lang='lat' dir='ltr'>quae</span> <span class='ocrx_word' id='word_1_191' title='bbox 715 1980 842 2046; x_wconf 84' lang='lat' dir='ltr'>circulus</span> <span class='ocrx_word' id='word_1_192' title='bbox 858 1984 971 2060; x_wconf 89' lang='lat' dir='ltr'>dicitur,</span> <span class='ocrx_word' id='word_1_193' title='bbox 995 1987 1082 2064; x_wconf 84' lang='lat' dir='ltr'>longe</span> <span class='ocrx_word' id='word_1_194' title='bbox 1098 1989 1157 2049; x_wconf 89' lang='lat' dir='ltr'>alia</span> <span class='ocrx_word' id='word_1_195' title='bbox 1179 1992 1291 2050; x_wconf 90' lang='lat' dir='ltr'>ratione</span> <span class='ocrx_word' id='word_1_196' title='bbox 1314 1995 1391 2052; x_wconf 89' lang='lat' dir='ltr'>inest</span> <span class='ocrx_word' id='word_1_197' title='bbox 1406 1995 1529 2067; x_wconf 89' lang='lat' dir='ltr'>animae,</span> <span class='ocrx_word' id='word_1_198' title='bbox 1543 1984 1610 2052; x_wconf 77' lang='lat' dir='ltr'>&#39;&#39;non</span> <span class='ocrx_word' id='word_1_199' title='bbox 1626 2000 1740 2052; x_wconf 87' lang='lat' dir='ltr'>tantum</span> 
     </span>
     <span class='ocr_line' id='line_1_19' title="bbox 382 2073 1739 2156; baseline -0.002 -15"><span class='ocrx_word' id='word_1_200' title='bbox 382 2090 417 2142; x_wconf 87' lang='lat' dir='ltr'>ut</span> <span class='ocrx_word' id='word_1_201' title='bbox 439 2081 508 2145; x_wconf 69' lang='lat' dir='ltr'>idea,</span> <span class='ocrx_word' id='word_1_202' title='bbox 527 2095 622 2139; x_wconf 87' lang='lat' dir='ltr'>rerum</span> <span class='ocrx_word' id='word_1_203' title='bbox 645 2084 839 2146; x_wconf 90' lang='lat' dir='ltr'>externarum,</span> <span class='ocrx_word' id='word_1_204' title='bbox 863 2073 1028 2135; x_wconf 87' lang='lat' dir='ltr'>sedetiam</span> <span class='ocrx_word' id='word_1_205' title='bbox 1051 2086 1082 2135; x_wconf 92' lang='lat' dir='ltr'>ut</span> <span class='ocrx_word' id='word_1_206' title='bbox 1104 2077 1197 2136; x_wconf 89' lang='lat' dir='ltr'>iorma</span> <span class='ocrx_word' id='word_1_207' title='bbox 1220 2078 1366 2154; x_wconf 85' lang='lat' dir='ltr'>quaedam</span> <span class='ocrx_word' id='word_1_208' title='bbox 1388 2082 1481 2155; x_wconf 91' lang='lat' dir='ltr'>ipsius</span> <span class='ocrx_word' id='word_1_209' title='bbox 1505 2084 1630 2156; x_wconf 85' lang='lat' dir='ltr'>animae,</span> <span class='ocrx_word' id='word_1_210' title='bbox 1655 2081 1739 2140; x_wconf 90' lang='lat' dir='ltr'>deni-</span> 
     </span>
     <span class='ocr_line' id='line_1_20' title="bbox 383 2164 1737 2247; baseline -0.001 -18"><span class='ocrx_word' id='word_1_211' title='bbox 383 2187 441 2247; x_wconf 89' lang='lat' dir='ltr'>que</span> <span class='ocrx_word' id='word_1_212' title='bbox 474 2176 507 2228; x_wconf 93' lang='lat' dir='ltr'>ut</span> <span class='ocrx_word' id='word_1_213' title='bbox 535 2166 747 2244; x_wconf 86' lang='lat' dir='ltr'>promtuarium</span> <span class='ocrx_word' id='word_1_214' title='bbox 779 2164 896 2219; x_wconf 89' lang='lat' dir='ltr'>unicum</span> <span class='ocrx_word' id='word_1_215' title='bbox 933 2166 1027 2223; x_wconf 91' lang='lat' dir='ltr'>omnis</span> <span class='ocrx_word' id='word_1_216' title='bbox 1058 2168 1255 2241; x_wconf 80' lang='lat' dir='ltr'>geometricae</span> <span class='ocrx_word' id='word_1_217' title='bbox 1295 2176 1323 2225; x_wconf 89' lang='lat' dir='ltr'>et</span> <span class='ocrx_word' id='word_1_218' title='bbox 1345 2167 1571 2239; x_wconf 60' lang='lat' dir='ltr'>*arithmeticae</span> <span class='ocrx_word' id='word_1_219' title='bbox 1588 2169 1737 2239; x_wconf 88' lang='lat' dir='ltr'>scientiae,</span> 
     </span>
     <span class='ocr_line' id='line_1_21' title="bbox 383 2249 1739 2349; baseline -0.001 -34"><span class='ocrx_word' id='word_1_220' title='bbox 383 2272 506 2349; x_wconf 84' lang='lat' dir='ltr'>quorum</span> <span class='ocrx_word' id='word_1_221' title='bbox 528 2253 601 2313; x_wconf 91' lang='lat' dir='ltr'>illud</span> <span class='ocrx_word' id='word_1_222' title='bbox 624 2255 654 2310; x_wconf 92' lang='lat' dir='ltr'>in</span> <span class='ocrx_word' id='word_1_223' title='bbox 677 2249 809 2310; x_wconf 89' lang='lat' dir='ltr'>doctriua</span> <span class='ocrx_word' id='word_1_224' title='bbox 830 2251 965 2323; x_wconf 90' lang='lat' dir='ltr'>sinuum,</span> <span class='ocrx_word' id='word_1_225' title='bbox 995 2250 1052 2310; x_wconf 91' lang='lat' dir='ltr'>boc</span> <span class='ocrx_word' id='word_1_226' title='bbox 1080 2255 1111 2309; x_wconf 91' lang='lat' dir='ltr'>in</span> <span class='ocrx_word' id='word_1_227' title='bbox 1133 2253 1260 2314; x_wconf 90' lang='lat' dir='ltr'>mirabili</span> <span class='ocrx_word' id='word_1_228' title='bbox 1291 2253 1529 2330; x_wconf 88' lang='lat' dir='ltr'>logaritbmorum</span> <span class='ocrx_word' id='word_1_229' title='bbox 1552 2258 1671 2331; x_wconf 84' lang='lat' dir='ltr'>negotio</span> <span class='ocrx_word' id='word_1_230' title='bbox 1694 2263 1739 2313; x_wconf 91' lang='lat' dir='ltr'>est</span> 
     </span>
     <span class='ocr_line' id='line_1_22' title="bbox 384 2336 1739 2417; baseline -0.001 -14"><span class='ocrx_word' id='word_1_231' title='bbox 384 2343 650 2411; x_wconf 84' lang='lat' dir='ltr'>evidentissimum,</span> <span class='ocrx_word' id='word_1_232' title='bbox 680 2346 713 2396; x_wconf 94' lang='lat' dir='ltr'>ut</span> <span class='ocrx_word' id='word_1_233' title='bbox 736 2341 765 2394; x_wconf 93' lang='lat' dir='ltr'>in</span> <span class='ocrx_word' id='word_1_234' title='bbox 788 2336 894 2410; x_wconf 91' lang='lat' dir='ltr'>quibus</span> <span class='ocrx_word' id='word_1_235' title='bbox 927 2353 963 2394; x_wconf 87' lang='lat' dir='ltr'>ex</span> <span class='ocrx_word' id='word_1_236' title='bbox 986 2339 1095 2397; x_wconf 90' lang='lat' dir='ltr'>circulo</span> <span class='ocrx_word' id='word_1_237' title='bbox 1126 2343 1197 2399; x_wconf 89' lang='lat' dir='ltr'>ortis</span> <span class='ocrx_word' id='word_1_238' title='bbox 1228 2341 1338 2411; x_wconf 85' lang='lat' dir='ltr'>abacus</span> <span class='ocrx_word' id='word_1_239' title='bbox 1363 2342 1480 2417; x_wconf 90' lang='lat' dir='ltr'>quidam</span> <span class='ocrx_word' id='word_1_240' title='bbox 1511 2344 1587 2402; x_wconf 90' lang='lat' dir='ltr'>inest</span> <span class='ocrx_word' id='word_1_241' title='bbox 1610 2345 1739 2401; x_wconf 90' lang='lat' dir='ltr'>omnium</span> 
     </span>
     <span class='ocr_line' id='line_1_23' title="bbox 382 2424 1739 2507; baseline -0.003 -17"><span class='ocrx_word' id='word_1_242' title='bbox 382 2429 662 2507; x_wconf 88' lang='lat' dir='ltr'>multiplicationum</span> <span class='ocrx_word' id='word_1_243' title='bbox 685 2434 715 2486; x_wconf 92' lang='lat' dir='ltr'>et</span> <span class='ocrx_word' id='word_1_244' title='bbox 737 2424 932 2494; x_wconf 84' lang='lat' dir='ltr'>divisionum,</span> <span class='ocrx_word' id='word_1_245' title='bbox 964 2442 1041 2499; x_wconf 90' lang='lat' dir='ltr'>quae</span> <span class='ocrx_word' id='word_1_246' title='bbox 1064 2442 1193 2502; x_wconf 90' lang='lat' dir='ltr'>unquam</span> <span class='ocrx_word' id='word_1_247' title='bbox 1215 2427 1277 2488; x_wconf 86' lang='lat' dir='ltr'>lieri</span> <span class='ocrx_word' id='word_1_248' title='bbox 1300 2438 1437 2506; x_wconf 88' lang='lat' dir='ltr'>possunt,</span> <span class='ocrx_word' id='word_1_249' title='bbox 1470 2429 1560 2488; x_wconf 89' lang='lat' dir='ltr'>veluti</span> <span class='ocrx_word' id='word_1_250' title='bbox 1580 2430 1643 2505; x_wconf 88' lang='lat' dir='ltr'>jam</span> <span class='ocrx_word' id='word_1_251' title='bbox 1666 2446 1739 2489; x_wconf 91' lang='lat' dir='ltr'>con-</span> 
     </span>
     <span class='ocr_line' id='line_1_24' title="bbox 383 2511 1738 2589; baseline -0.001 -13"><span class='ocrx_word' id='word_1_252' title='bbox 383 2519 532 2578; x_wconf 83' lang='lat' dir='ltr'>fectarum.</span> <span class='ocrx_word' id='word_1_253' title='bbox 556 2514 616 2575; x_wconf 86' lang='lat' dir='ltr'>Sed</span> <span class='ocrx_word' id='word_1_254' title='bbox 631 2514 703 2572; x_wconf 88' lang='lat' dir='ltr'>satis</span> <span class='ocrx_word' id='word_1_255' title='bbox 719 2511 756 2573; x_wconf 93' lang='lat' dir='ltr'>de</span> <span class='ocrx_word' id='word_1_256' title='bbox 779 2511 909 2589; x_wconf 91' lang='lat' dir='ltr'>principe</span> <span class='ocrx_word' id='word_1_257' title='bbox 933 2513 1048 2573; x_wconf 89' lang='lat' dir='ltr'>animae</span> <span class='ocrx_word' id='word_1_258' title='bbox 1070 2514 1226 2588; x_wconf 85' lang='lat' dir='ltr'>facultate;</span> <span class='ocrx_word' id='word_1_259' title='bbox 1253 2519 1405 2575; x_wconf 83' lang='lat' dir='ltr'>veniamus</span> <span class='ocrx_word' id='word_1_260' title='bbox 1427 2533 1505 2576; x_wconf 88' lang='lat' dir='ltr'>nuuc</span> <span class='ocrx_word' id='word_1_261' title='bbox 1526 2517 1564 2575; x_wconf 90' lang='lat' dir='ltr'>ad</span> <span class='ocrx_word' id='word_1_262' title='bbox 1580 2517 1738 2576; x_wconf 82' lang='lat' dir='ltr'>interiores.</span> 
     </span>
    </p>

    <p class='ocr_par' dir='ltr' id='par_1_5' title="bbox 381 2595 1740 2951">
     <span class='ocr_line' id='line_1_25' title="bbox 469 2595 1739 2676; baseline -0.004 -11"><span class='ocrx_word' id='word_1_263' title='bbox 469 2602 609 2664; x_wconf 84' lang='lat' dir='ltr'>Facultas</span> <span class='ocrx_word' id='word_1_264' title='bbox 630 2602 732 2676; x_wconf 91' lang='lat' dir='ltr'>itaque</span> <span class='ocrx_word' id='word_1_265' title='bbox 756 2595 856 2657; x_wconf 85' lang='lat' dir='ltr'>vitalis</span> <span class='ocrx_word' id='word_1_266' title='bbox 879 2600 909 2655; x_wconf 90' lang='lat' dir='ltr'>in</span> <span class='ocrx_word' id='word_1_267' title='bbox 926 2598 1043 2659; x_wconf 88' lang='lat' dir='ltr'>bomine</span> <span class='ocrx_word' id='word_1_268' title='bbox 1066 2610 1124 2659; x_wconf 91' lang='lat' dir='ltr'>non</span> <span class='ocrx_word' id='word_1_269' title='bbox 1139 2601 1307 2662; x_wconf 89' lang='lat' dir='ltr'>harmonias</span> <span class='ocrx_word' id='word_1_270' title='bbox 1321 2610 1435 2662; x_wconf 88' lang='lat' dir='ltr'>tantum</span> <span class='ocrx_word' id='word_1_271' title='bbox 1450 2604 1540 2663; x_wconf 91' lang='lat' dir='ltr'>radiis</span> <span class='ocrx_word' id='word_1_272' title='bbox 1561 2604 1667 2663; x_wconf 89' lang='lat' dir='ltr'>lucidis</span> <span class='ocrx_word' id='word_1_273' title='bbox 1691 2607 1739 2661; x_wconf 91' lang='lat' dir='ltr'>in·</span> 
     </span>
     <span class='ocr_line' id='line_1_26' title="bbox 385 2683 1740 2767; baseline -0.001 -15"><span class='ocrx_word' id='word_1_274' title='bbox 385 2691 504 2752; x_wconf 83' lang='lat' dir='ltr'>volutas</span> <span class='ocrx_word' id='word_1_275' title='bbox 527 2706 626 2750; x_wconf 91' lang='lat' dir='ltr'>secum</span> <span class='ocrx_word' id='word_1_276' title='bbox 648 2687 746 2759; x_wconf 86' lang='lat' dir='ltr'>habet,</span> <span class='ocrx_word' id='word_1_277' title='bbox 768 2683 819 2745; x_wconf 88' lang='lat' dir='ltr'>sed</span> <span class='ocrx_word' id='word_1_278' title='bbox 843 2687 932 2743; x_wconf 89' lang='lat' dir='ltr'>ctiam</span> <span class='ocrx_word' id='word_1_279' title='bbox 955 2684 1133 2759; x_wconf 89' lang='lat' dir='ltr'>harmonias,</span> <span class='ocrx_word' id='word_1_280' title='bbox 1156 2706 1294 2749; x_wconf 90' lang='lat' dir='ltr'>sonorum</span> <span class='ocrx_word' id='word_1_281' title='bbox 1317 2692 1470 2767; x_wconf 86' lang='lat' dir='ltr'>speciebus</span> <span class='ocrx_word' id='word_1_282' title='bbox 1491 2693 1678 2751; x_wconf 88' lang='lat' dir='ltr'>incrustatas.</span> <span class='ocrx_word' id='word_1_283' title='bbox 1700 2690 1740 2750; x_wconf 83' lang='lat' dir='ltr'>Et</span> 
     </span>
     <span class='ocr_line' id='line_1_27' title="bbox 381 2773 1737 2856; baseline -0.002 -17"><span class='ocrx_word' id='word_1_284' title='bbox 381 2795 471 2839; x_wconf 89' lang='lat' dir='ltr'>sonos</span> <span class='ocrx_word' id='word_1_285' title='bbox 494 2777 611 2855; x_wconf 91' lang='lat' dir='ltr'>quidem</span> <span class='ocrx_word' id='word_1_286' title='bbox 634 2776 753 2836; x_wconf 88' lang='lat' dir='ltr'>auribus</span> <span class='ocrx_word' id='word_1_287' title='bbox 777 2773 874 2832; x_wconf 83' lang='lat' dir='ltr'>bausit</span> <span class='ocrx_word' id='word_1_288' title='bbox 896 2780 930 2831; x_wconf 94' lang='lat' dir='ltr'>ut</span> <span class='ocrx_word' id='word_1_289' title='bbox 953 2774 1101 2850; x_wconf 79' lang='lat' dir='ltr'>obJectum</span> <span class='ocrx_word' id='word_1_290' title='bbox 1123 2779 1281 2856; x_wconf 90' lang='lat' dir='ltr'>proprium,</span> <span class='ocrx_word' id='word_1_291' title='bbox 1314 2777 1411 2837; x_wconf 88' lang='lat' dir='ltr'>radios</span> <span class='ocrx_word' id='word_1_292' title='bbox 1434 2795 1504 2839; x_wconf 85' lang='lat' dir='ltr'>vero</span> <span class='ocrx_word' id='word_1_293' title='bbox 1527 2778 1655 2839; x_wconf 89' lang='lat' dir='ltr'>siderum</span> <span class='ocrx_word' id='word_1_294' title='bbox 1676 2795 1737 2836; x_wconf 90' lang='lat' dir='ltr'>non</span> 
     </span>
     <span class='ocr_line' id='line_1_28' title="bbox 381 2860 1737 2951; baseline -0.002 -25"><span class='ocrx_word' id='word_1_295' title='bbox 381 2874 415 2926; x_wconf 88' lang='lat' dir='ltr'>ut</span> <span class='ocrx_word' id='word_1_296' title='bbox 437 2868 531 2927; x_wconf 90' lang='lat' dir='ltr'>oculis</span> <span class='ocrx_word' id='word_1_297' title='bbox 554 2881 619 2938; x_wconf 89' lang='lat' dir='ltr'>eos,</span> <span class='ocrx_word' id='word_1_298' title='bbox 651 2861 703 2922; x_wconf 94' lang='lat' dir='ltr'>sed</span> <span class='ocrx_word' id='word_1_299' title='bbox 725 2870 759 2920; x_wconf 93' lang='lat' dir='ltr'>ut</span> <span class='ocrx_word' id='word_1_300' title='bbox 782 2860 833 2918; x_wconf 93' lang='lat' dir='ltr'>ilio</span> <span class='ocrx_word' id='word_1_301' title='bbox 861 2861 926 2936; x_wconf 92' lang='lat' dir='ltr'>ipso</span> <span class='ocrx_word' id='word_1_302' title='bbox 950 2866 1145 2939; x_wconf 66' lang='lat' dir='ltr'>perceptionis</span> <span class='ocrx_word' id='word_1_303' title='bbox 1173 2864 1262 2941; x_wconf 92' lang='lat' dir='ltr'>paulo</span> <span class='ocrx_word' id='word_1_304' title='bbox 1285 2867 1418 2942; x_wconf 87' lang='lat' dir='ltr'>superius</span> <span class='ocrx_word' id='word_1_305' title='bbox 1441 2865 1604 2944; x_wconf 89' lang='lat' dir='ltr'>explicatae</span> <span class='ocrx_word' id='word_1_306' title='bbox 1628 2868 1737 2951; x_wconf 83' lang='lat' dir='ltr'>obscu-</span> 
     </span>
    </p>
   </div>
   <div class='ocr_carea' id='block_1_5' title="bbox 265 2945 1738 3115">
    <p class='ocr_par' dir='ltr' id='par_1_6' title="bbox 265 2945 1738 3115">
     <span class='ocr_line' id='line_1_29' title="bbox 265 2945 1734 3030; baseline 0.002 -23"><span class='ocrx_word' id='word_1_307' title='bbox 265 2988 286 3007; x_wconf 59' lang='lat'><em>2</em></span> <span class='ocrx_word' id='word_1_308' title='bbox 382 2956 451 3014; x_wconf 89' lang='lat' dir='ltr'>riori</span> <span class='ocrx_word' id='word_1_309' title='bbox 473 2952 560 3014; x_wconf 92' lang='lat' dir='ltr'>modo</span> <span class='ocrx_word' id='word_1_310' title='bbox 583 2951 725 3023; x_wconf 88' lang='lat' dir='ltr'>admittit,</span> <span class='ocrx_word' id='word_1_311' title='bbox 755 2948 792 3007; x_wconf 91' lang='lat' dir='ltr'>ad</span> <span class='ocrx_word' id='word_1_312' title='bbox 820 2945 992 3008; x_wconf 85' lang='lat' dir='ltr'>barmoniae</span> <span class='ocrx_word' id='word_1_313' title='bbox 1022 2957 1162 3028; x_wconf 88' lang='lat' dir='ltr'>connatas</span> <span class='ocrx_word' id='word_1_314' title='bbox 1185 2951 1267 3011; x_wconf 87' lang='lat' dir='ltr'>ideas</span> <span class='ocrx_word' id='word_1_315' title='bbox 1290 2955 1446 3011; x_wconf 90' lang='lat' dir='ltr'>examinat.</span> <span class='ocrx_word' id='word_1_316' title='bbox 1490 2952 1567 3013; x_wconf 89' lang='lat' dir='ltr'>Nam</span> <span class='ocrx_word' id='word_1_317' title='bbox 1589 2971 1633 3027; x_wconf 89' lang='lat' dir='ltr'>ea,</span> <span class='ocrx_word' id='word_1_318' title='bbox 1658 2969 1734 3030; x_wconf 92' lang='lat' dir='ltr'>quae</span> 
     </span>
     <span class='ocr_line' id='line_1_30' title="bbox 278 3034 1738 3115; baseline -0.003 -14"><span class='ocrx_word' id='word_1_319' title='bbox 278 3039 281 3043; x_wconf 70' lang='grc'><em>’</em></span> <span class='ocrx_word' id='word_1_320' title='bbox 381 3038 517 3101; x_wconf 83' lang='lat' dir='ltr'>videntur</span> <span class='ocrx_word' id='word_1_321' title='bbox 539 3039 641 3113; x_wconf 90' lang='lat' dir='ltr'>oculis,</span> <span class='ocrx_word' id='word_1_322' title='bbox 665 3039 796 3097; x_wconf 87' lang='lat' dir='ltr'>serviunt</span> <span class='ocrx_word' id='word_1_323' title='bbox 819 3034 972 3109; x_wconf 86' lang='lat' dir='ltr'>discursui,</span> <span class='ocrx_word' id='word_1_324' title='bbox 997 3035 1214 3097; x_wconf 88' lang='lat' dir='ltr'>harmoniarum</span> <span class='ocrx_word' id='word_1_325' title='bbox 1236 3041 1348 3115; x_wconf 83' lang='lat' dir='ltr'>agnitio</span> <span class='ocrx_word' id='word_1_326' title='bbox 1370 3041 1433 3098; x_wconf 91' lang='lat' dir='ltr'>sine</span> <span class='ocrx_word' id='word_1_327' title='bbox 1457 3038 1588 3099; x_wconf 91' lang='lat' dir='ltr'>discursu</span> <span class='ocrx_word' id='word_1_328' title='bbox 1611 3049 1665 3101; x_wconf 80' lang='lat' dir='ltr'>est.</span> <span class='ocrx_word' id='word_1_329' title='bbox 1688 3039 1738 3099; x_wconf 90' lang='lat' dir='ltr'>Sic</span> 
     </span>
    </p>
   </div>
   <div class='ocr_carea' id='block_1_6' title="bbox 342 3117 1739 4954">
    <p class='ocr_par' dir='ltr' id='par_1_7' title="bbox 342 3117 1739 4954">
     <span class='ocr_line' id='line_1_31' title="bbox 381 3117 1738 3203; baseline -0.001 -17"><span class='ocrx_word' id='word_1_330' title='bbox 381 3131 514 3188; x_wconf 87' lang='lat' dir='ltr'>innatam</span> <span class='ocrx_word' id='word_1_331' title='bbox 535 3144 599 3186; x_wconf 89' lang='lat' dir='ltr'>esse</span> <span class='ocrx_word' id='word_1_332' title='bbox 621 3124 703 3202; x_wconf 90' lang='lat' dir='ltr'>pullo</span> <span class='ocrx_word' id='word_1_333' title='bbox 724 3117 889 3200; x_wconf 86' lang='lat' dir='ltr'>gallinaceo</span> <span class='ocrx_word' id='word_1_334' title='bbox 914 3123 1011 3183; x_wconf 88' lang='lat' dir='ltr'>ideam</span> <span class='ocrx_word' id='word_1_335' title='bbox 1033 3124 1132 3197; x_wconf 88' lang='lat' dir='ltr'>milvi,</span> <span class='ocrx_word' id='word_1_336' title='bbox 1167 3128 1266 3184; x_wconf 90' lang='lat' dir='ltr'>sciscit</span> <span class='ocrx_word' id='word_1_337' title='bbox 1293 3126 1324 3188; x_wconf 88' lang='lat' dir='ltr'>J.</span> <span class='ocrx_word' id='word_1_338' title='bbox 1348 3125 1381 3186; x_wconf 81' lang='lat'>0.</span> <span class='ocrx_word' id='word_1_339' title='bbox 1405 3126 1553 3203; x_wconf 80' lang='lat' dir='ltr'>Scaliger3</span> <span class='ocrx_word' id='word_1_340' title='bbox 1580 3132 1638 3186; x_wconf 87' lang='lat' dir='ltr'>nbn</span> <span class='ocrx_word' id='word_1_341' title='bbox 1672 3144 1738 3187; x_wconf 89' lang='lat' dir='ltr'>cam</span> 
     </span>
     <span class='ocr_line' id='line_1_32' title="bbox 382 3210 1737 3292; baseline -0.001 -18"><span class='ocrx_word' id='word_1_342' title='bbox 382 3216 501 3292; x_wconf 90' lang='lat' dir='ltr'>quidem</span> <span class='ocrx_word' id='word_1_343' title='bbox 524 3213 694 3290; x_wconf 88' lang='lat' dir='ltr'>simplicem,</span> <span class='ocrx_word' id='word_1_344' title='bbox 718 3210 770 3271; x_wconf 90' lang='lat' dir='ltr'>sed</span> <span class='ocrx_word' id='word_1_345' title='bbox 793 3227 860 3269; x_wconf 92' lang='lat' dir='ltr'>cum</span> <span class='ocrx_word' id='word_1_346' title='bbox 881 3220 953 3270; x_wconf 88' lang='lat' dir='ltr'>nota</span> <span class='ocrx_word' id='word_1_347' title='bbox 974 3211 1131 3289; x_wconf 88' lang='lat' dir='ltr'>iugiendae</span> <span class='ocrx_word' id='word_1_348' title='bbox 1145 3214 1292 3288; x_wconf 83' lang='lat' dir='ltr'>perniciei.</span> <span class='ocrx_word' id='word_1_349' title='bbox 1336 3212 1414 3273; x_wconf 91' lang='lat' dir='ltr'>Hinc</span> <span class='ocrx_word' id='word_1_350' title='bbox 1437 3217 1524 3290; x_wconf 87' lang='lat' dir='ltr'>igitur</span> <span class='ocrx_word' id='word_1_351' title='bbox 1547 3215 1656 3275; x_wconf 91' lang='lat' dir='ltr'>habent</span> <span class='ocrx_word' id='word_1_352' title='bbox 1680 3215 1737 3273; x_wconf 90' lang='lat' dir='ltr'>hoc</span> 
     </span>
     <span class='ocr_line' id='line_1_33' title="bbox 382 3296 1738 3379; baseline -0.003 -16"><span class='ocrx_word' id='word_1_353' title='bbox 382 3306 498 3363; x_wconf 89' lang='lat' dir='ltr'>animae</span> <span class='ocrx_word' id='word_1_354' title='bbox 519 3302 680 3373; x_wconf 87' lang='lat' dir='ltr'>humanae,</span> <span class='ocrx_word' id='word_1_355' title='bbox 712 3297 792 3375; x_wconf 90' lang='lat' dir='ltr'>quod</span> <span class='ocrx_word' id='word_1_356' title='bbox 814 3296 869 3356; x_wconf 86' lang='lat' dir='ltr'>sub</span> <span class='ocrx_word' id='word_1_357' title='bbox 892 3305 1009 3376; x_wconf 89' lang='lat' dir='ltr'>tempus</span> <span class='ocrx_word' id='word_1_358' title='bbox 1031 3308 1203 3376; x_wconf 89' lang='lat' dir='ltr'>aspectuum</span> <span class='ocrx_word' id='word_1_359' title='bbox 1226 3300 1396 3360; x_wconf 86' lang='lat' dir='ltr'>coelestium</span> <span class='ocrx_word' id='word_1_360' title='bbox 1419 3304 1594 3379; x_wconf 90' lang='lat' dir='ltr'>praecipuos</span> <span class='ocrx_word' id='word_1_361' title='bbox 1618 3304 1738 3379; x_wconf 87' lang='lat' dir='ltr'>capiunt</span> 
     </span>
     <span class='ocr_line' id='line_1_34' title="bbox 381 3384 1739 3467; baseline -0.001 -19"><span class='ocrx_word' id='word_1_362' title='bbox 381 3393 507 3467; x_wconf 88' lang='lat' dir='ltr'>impetus</span> <span class='ocrx_word' id='word_1_363' title='bbox 530 3390 568 3449; x_wconf 88' lang='lat' dir='ltr'>ad</span> <span class='ocrx_word' id='word_1_364' title='bbox 590 3389 723 3466; x_wconf 89' lang='lat' dir='ltr'>negotia,</span> <span class='ocrx_word' id='word_1_365' title='bbox 758 3402 834 3463; x_wconf 89' lang='lat' dir='ltr'>quae</span> <span class='ocrx_word' id='word_1_366' title='bbox 863 3384 920 3444; x_wconf 90' lang='lat' dir='ltr'>sub</span> <span class='ocrx_word' id='word_1_367' title='bbox 949 3387 1085 3446; x_wconf 87' lang='lat' dir='ltr'>manibus</span> <span class='ocrx_word' id='word_1_368' title='bbox 1107 3388 1231 3461; x_wconf 90' lang='lat' dir='ltr'>habent,</span> <span class='ocrx_word' id='word_1_369' title='bbox 1260 3389 1435 3466; x_wconf 87' lang='lat' dir='ltr'>peragenda.</span> <span class='ocrx_word' id='word_1_370' title='bbox 1481 3387 1567 3463; x_wconf 84' lang='lat' dir='ltr'>Quod</span> <span class='ocrx_word' id='word_1_371' title='bbox 1595 3392 1671 3449; x_wconf 89' lang='lat' dir='ltr'>enim</span> <span class='ocrx_word' id='word_1_372' title='bbox 1695 3396 1739 3448; x_wconf 85' lang='lat' dir='ltr'>eat</span> 
     </span>
     <span class='ocr_line' id='line_1_35' title="bbox 382 3467 1738 3553; baseline -0.001 -17"><span class='ocrx_word' id='word_1_373' title='bbox 382 3479 452 3538; x_wconf 81' lang='lat' dir='ltr'>bovi</span> <span class='ocrx_word' id='word_1_374' title='bbox 473 3475 624 3549; x_wconf 89' lang='lat' dir='ltr'>stimulus,</span> <span class='ocrx_word' id='word_1_375' title='bbox 657 3491 734 3550; x_wconf 87' lang='lat' dir='ltr'>equo</span> <span class='ocrx_word' id='word_1_376' title='bbox 759 3474 856 3533; x_wconf 88' lang='lat' dir='ltr'>calcar</span> <span class='ocrx_word' id='word_1_377' title='bbox 876 3478 929 3532; x_wconf 90' lang='lat' dir='ltr'>aut</span> <span class='ocrx_word' id='word_1_378' title='bbox 952 3474 1127 3547; x_wconf 89' lang='lat' dir='ltr'>celetismus,</span> <span class='ocrx_word' id='word_1_379' title='bbox 1150 3475 1239 3543; x_wconf 79' lang='lat' dir='ltr'>militi</span> <span class='ocrx_word' id='word_1_380' title='bbox 1258 3484 1429 3553; x_wconf 86' lang='lat' dir='ltr'>tympanum</span> <span class='ocrx_word' id='word_1_381' title='bbox 1445 3484 1473 3534; x_wconf 89' lang='lat' dir='ltr'>et</span> <span class='ocrx_word' id='word_1_382' title='bbox 1496 3467 1659 3550; x_wconf 88' lang='lat' dir='ltr'>classicum,</span> <span class='ocrx_word' id='word_1_383' title='bbox 1682 3494 1738 3536; x_wconf 89' lang='lat' dir='ltr'>au-</span> 
     </span>
     <span class='ocr_line' id='line_1_36' title="bbox 365 3560 1735 3649; baseline -0.002 -25"><span class='ocrx_word' id='word_1_384' title='bbox 365 3565 524 3649; x_wconf 70' lang='lat' dir='ltr'>¹ditoribus</span> <span class='ocrx_word' id='word_1_385' title='bbox 548 3565 643 3622; x_wconf 89' lang='lat' dir='ltr'>oratic</span> <span class='ocrx_word' id='word_1_386' title='bbox 666 3564 823 3634; x_wconf 86' lang='lat' dir='ltr'>incentiva,</span> <span class='ocrx_word' id='word_1_387' title='bbox 841 3560 950 3620; x_wconf 83' lang='lat' dir='ltr'>turbae</span> <span class='ocrx_word' id='word_1_388' title='bbox 973 3564 1146 3622; x_wconf 90' lang='lat' dir='ltr'>rusticorum</span> <span class='ocrx_word' id='word_1_389' title='bbox 1169 3562 1330 3622; x_wconf 91' lang='lat' dir='ltr'>modulatio</span> <span class='ocrx_word' id='word_1_390' title='bbox 1353 3581 1405 3642; x_wconf 93' lang='lat' dir='ltr'>per</span> <span class='ocrx_word' id='word_1_391' title='bbox 1426 3561 1570 3638; x_wconf 86' lang='lat' dir='ltr'>fistulam,</span> <span class='ocrx_word' id='word_1_392' title='bbox 1596 3563 1735 3624; x_wconf 89' lang='lat' dir='ltr'>utriculos</span> 
     </span>
     <span class='ocr_line' id='line_1_37' title="bbox 379 3649 1735 3731; baseline -0.002 -20"><span class='ocrx_word' id='word_1_393' title='bbox 379 3660 413 3712; x_wconf 89' lang='lat' dir='ltr'>et</span> <span class='ocrx_word' id='word_1_394' title='bbox 434 3652 611 3730; x_wconf 88' lang='lat' dir='ltr'>panduram,</span> <span class='ocrx_word' id='word_1_395' title='bbox 646 3650 702 3708; x_wconf 91' lang='lat' dir='ltr'>boc</span> <span class='ocrx_word' id='word_1_396' title='bbox 725 3658 770 3707; x_wconf 83' lang='lat' dir='ltr'>est</span> <span class='ocrx_word' id='word_1_397' title='bbox 792 3649 952 3731; x_wconf 78' lang='lat' dir='ltr'>universis,</span> <span class='ocrx_word' id='word_1_398' title='bbox 987 3652 1143 3727; x_wconf 88' lang='lat' dir='ltr'>praecipuo</span> <span class='ocrx_word' id='word_1_399' title='bbox 1167 3652 1289 3709; x_wconf 85' lang='lat' dir='ltr'>veroin</span> <span class='ocrx_word' id='word_1_400' title='bbox 1311 3667 1402 3709; x_wconf 93' lang='lat' dir='ltr'>unum</span> <span class='ocrx_word' id='word_1_401' title='bbox 1427 3653 1632 3727; x_wconf 80' lang='lat' dir='ltr'>congregatis,</span> <span class='ocrx_word' id='word_1_402' title='bbox 1663 3669 1735 3711; x_wconf 90' lang='lat' dir='ltr'>con-</span> 
     </span>
     <span class='ocr_line' id='line_1_38' title="bbox 382 3735 1732 3816; baseline -0.002 -17"><span class='ocrx_word' id='word_1_403' title='bbox 382 3740 518 3816; x_wconf 86' lang='lat' dir='ltr'>figuratio</span> <span class='ocrx_word' id='word_1_404' title='bbox 541 3737 675 3800; x_wconf 89' lang='lat' dir='ltr'>coelestis</span> <span class='ocrx_word' id='word_1_405' title='bbox 698 3736 868 3795; x_wconf 89' lang='lat' dir='ltr'>idoneorum</span> <span class='ocrx_word' id='word_1_406' title='bbox 890 3735 1090 3812; x_wconf 81' lang='lat' dir='ltr'>planetarum3</span> <span class='ocrx_word' id='word_1_407' title='bbox 1122 3744 1155 3796; x_wconf 89' lang='lat' dir='ltr'>ut</span> <span class='ocrx_word' id='word_1_408' title='bbox 1177 3746 1206 3798; x_wconf 89' lang='lat' dir='ltr'>et</span> <span class='ocrx_word' id='word_1_409' title='bbox 1228 3737 1335 3813; x_wconf 89' lang='lat' dir='ltr'>singuli</span> <span class='ocrx_word' id='word_1_410' title='bbox 1362 3740 1391 3795; x_wconf 90' lang='lat' dir='ltr'>iu</span> <span class='ocrx_word' id='word_1_411' title='bbox 1415 3742 1475 3797; x_wconf 88' lang='lat' dir='ltr'>suis</span> <span class='ocrx_word' id='word_1_412' title='bbox 1492 3737 1732 3797; x_wconf 90' lang='lat' dir='ltr'>meditationibus</span> 
     </span>
     <span class='ocr_line' id='line_1_39' title="bbox 383 3820 1734 3906; baseline -0.001 -19"><span class='ocrx_word' id='word_1_413' title='bbox 383 3829 536 3906; x_wconf 86' lang='lat' dir='ltr'>operisque</span> <span class='ocrx_word' id='word_1_414' title='bbox 558 3828 722 3897; x_wconf 91' lang='lat' dir='ltr'>incitentur,</span> <span class='ocrx_word' id='word_1_415' title='bbox 747 3831 776 3882; x_wconf 91' lang='lat' dir='ltr'>et</span> <span class='ocrx_word' id='word_1_416' title='bbox 797 3826 925 3901; x_wconf 73' lang='lat' dir='ltr'>univepsi</span> <span class='ocrx_word' id='word_1_417' title='bbox 948 3824 986 3883; x_wconf 90' lang='lat' dir='ltr'>ad</span> <span class='ocrx_word' id='word_1_418' title='bbox 1009 3824 1234 3900; x_wconf 90' lang='lat' dir='ltr'>conspirandum</span> <span class='ocrx_word' id='word_1_419' title='bbox 1249 3820 1462 3901; x_wconf 87' lang='lat' dir='ltr'>sociandasque</span> <span class='ocrx_word' id='word_1_420' title='bbox 1486 3824 1619 3885; x_wconf 89' lang='lat' dir='ltr'>dexteras</span> <span class='ocrx_word' id='word_1_421' title='bbox 1634 3842 1734 3903; x_wconf 86' lang='lat' dir='ltr'>prom-</span> 
     </span>
     <span class='ocr_line' id='line_1_40' title="bbox 381 3906 1731 3990; baseline -0.001 -16"><span class='ocrx_word' id='word_1_422' title='bbox 381 3918 471 3975; x_wconf 89' lang='lat' dir='ltr'>tiores</span> <span class='ocrx_word' id='word_1_423' title='bbox 493 3914 574 3974; x_wconf 74' lang='lat' dir='ltr'>flautr</span> <span class='ocrx_word' id='word_1_424' title='bbox 618 3914 724 3989; x_wconf 89' lang='lat' dir='ltr'>Itaque</span> <span class='ocrx_word' id='word_1_425' title='bbox 745 3913 775 3969; x_wconf 92' lang='lat' dir='ltr'>iu</span> <span class='ocrx_word' id='word_1_426' title='bbox 797 3906 905 3971; x_wconf 89' lang='lat' dir='ltr'>militia&#39;</span> <span class='ocrx_word' id='word_1_427' title='bbox 925 3912 1027 3971; x_wconf 85' lang='lat' dir='ltr'>videas</span> <span class='ocrx_word' id='word_1_428' title='bbox 1049 3911 1220 3990; x_wconf 91' lang='lat' dir='ltr'>plerumque</span> <span class='ocrx_word' id='word_1_429' title='bbox 1242 3912 1369 3990; x_wconf 88' lang='lat' dir='ltr'>proelia,</span> <span class='ocrx_word' id='word_1_430' title='bbox 1400 3930 1529 3989; x_wconf 84' lang='lat' dir='ltr'>pugnas,</span> <span class='ocrx_word' id='word_1_431' title='bbox 1553 3915 1731 3986; x_wconf 86' lang='lat' dir='ltr'>invasiones,</span> 
     </span>
     <span class='ocr_line' id='line_1_41' title="bbox 382 3997 1731 4079; baseline -0.001 -18"><span class='ocrx_word' id='word_1_432' title='bbox 382 4001 525 4076; x_wconf 87' lang='lat' dir='ltr'>assultus,</span> <span class='ocrx_word' id='word_1_433' title='bbox 560 4001 817 4078; x_wconf 76' lang='lat' dir='ltr'>expugnationes,</span> <span class='ocrx_word' id='word_1_434' title='bbox 836 3997 997 4073; x_wconf 87' lang='lat' dir='ltr'>tumultus,</span> <span class='ocrx_word' id='word_1_435' title='bbox 1027 4002 1147 4077; x_wconf 85' lang='lat' dir='ltr'>panicos</span> <span class='ocrx_word' id='word_1_436' title='bbox 1177 4009 1299 4060; x_wconf 88' lang='lat' dir='ltr'>terrores</span> <span class='ocrx_word' id='word_1_437' title='bbox 1328 4000 1384 4059; x_wconf 89' lang='lat' dir='ltr'>sub</span> <span class='ocrx_word' id='word_1_438' title='bbox 1406 4008 1538 4077; x_wconf 89' lang='lat' dir='ltr'>tempora</span> <span class='ocrx_word' id='word_1_439' title='bbox 1560 4008 1731 4079; x_wconf 89' lang='lat' dir='ltr'>aspectuum</span> 
     </span>
     <span class='ocr_line' id='line_1_42' title="bbox 381 4084 1732 4161; baseline 0 -13"><span class='ocrx_word' id='word_1_440' title='bbox 381 4089 486 4148; x_wconf 88' lang='lat' dir='ltr'>Martis</span> <span class='ocrx_word' id='word_1_441' title='bbox 508 4097 538 4148; x_wconf 95' lang='lat' dir='ltr'>et</span> <span class='ocrx_word' id='word_1_442' title='bbox 559 4088 712 4161; x_wconf 88' lang='lat' dir='ltr'>Mercurii,</span> <span class='ocrx_word' id='word_1_443' title='bbox 744 4085 832 4146; x_wconf 83' lang='lat' dir='ltr'>Jcris</span> <span class='ocrx_word' id='word_1_444' title='bbox 856 4094 885 4145; x_wconf 91' lang='lat' dir='ltr'>et</span> <span class='ocrx_word' id='word_1_445' title='bbox 907 4084 1029 4160; x_wconf 87' lang='lat' dir='ltr'>Martis,</span> <span class='ocrx_word' id='word_1_446' title='bbox 1058 4086 1136 4146; x_wconf 88' lang='lat' dir='ltr'>Solis</span> <span class='ocrx_word' id='word_1_447' title='bbox 1159 4096 1189 4147; x_wconf 92' lang='lat' dir='ltr'>et</span> <span class='ocrx_word' id='word_1_448' title='bbox 1210 4086 1330 4161; x_wconf 88' lang='lat' dir='ltr'>Martis,</span> <span class='ocrx_word' id='word_1_449' title='bbox 1360 4086 1476 4147; x_wconf 83' lang='lat' dir='ltr'>Saturni</span> <span class='ocrx_word' id='word_1_450' title='bbox 1501 4094 1529 4147; x_wconf 90' lang='lat' dir='ltr'>et</span> <span class='ocrx_word' id='word_1_451' title='bbox 1552 4087 1655 4147; x_wconf 82' lang='lat' dir='ltr'>Martis</span> <span class='ocrx_word' id='word_1_452' title='bbox 1678 4097 1732 4148; x_wconf 89' lang='lat' dir='ltr'>etc.</span> 
     </span>
     <span class='ocr_line' id='line_1_43' title="bbox 381 4171 1729 4255; baseline -0.001 -19"><span class='ocrx_word' id='word_1_453' title='bbox 381 4171 521 4252; x_wconf 83' lang='lat' dir='ltr'>existere3</span> <span class='ocrx_word' id='word_1_454' title='bbox 554 4178 584 4234; x_wconf 93' lang='lat' dir='ltr'>in</span> <span class='ocrx_word' id='word_1_455' title='bbox 607 4175 778 4255; x_wconf 88' lang='lat' dir='ltr'>epidemicis</span> <span class='ocrx_word' id='word_1_456' title='bbox 801 4175 910 4251; x_wconf 88' lang='lat' dir='ltr'>morbis</span> <span class='ocrx_word' id='word_1_457' title='bbox 940 4173 1038 4248; x_wconf 90' lang='lat' dir='ltr'>plures</span> <span class='ocrx_word' id='word_1_458' title='bbox 1067 4182 1196 4251; x_wconf 88' lang='lat' dir='ltr'>tempore</span> <span class='ocrx_word' id='word_1_459' title='bbox 1221 4174 1386 4234; x_wconf 86' lang='lat' dir='ltr'>validorum</span> <span class='ocrx_word' id='word_1_460' title='bbox 1413 4182 1584 4252; x_wconf 90' lang='lat' dir='ltr'>aspectuum</span> <span class='ocrx_word' id='word_1_461' title='bbox 1608 4174 1729 4235; x_wconf 89' lang='lat' dir='ltr'>decum-</span> 
     </span>
     <span class='ocr_line' id='line_1_44' title="bbox 382 4260 1732 4342; baseline -0.003 -18"><span class='ocrx_word' id='word_1_462' title='bbox 382 4265 466 4337; x_wconf 90' lang='lat' dir='ltr'>bere,</span> <span class='ocrx_word' id='word_1_463' title='bbox 497 4266 615 4342; x_wconf 86' lang='lat' dir='ltr'>gravius</span> <span class='ocrx_word' id='word_1_464' title='bbox 638 4263 782 4339; x_wconf 89' lang='lat' dir='ltr'>torqueri,</span> <span class='ocrx_word' id='word_1_465' title='bbox 815 4270 868 4321; x_wconf 87' lang='lat' dir='ltr'>aut</span> <span class='ocrx_word' id='word_1_466' title='bbox 897 4263 984 4320; x_wconf 90' lang='lat' dir='ltr'>etiam</span> <span class='ocrx_word' id='word_1_467' title='bbox 1016 4263 1105 4333; x_wconf 87' lang='lat' dir='ltr'>mori,</span> <span class='ocrx_word' id='word_1_468' title='bbox 1136 4271 1240 4321; x_wconf 86' lang='lat' dir='ltr'>natura</span> <span class='ocrx_word' id='word_1_469' title='bbox 1268 4280 1308 4322; x_wconf 90' lang='lat' dir='ltr'>sc.</span> <span class='ocrx_word' id='word_1_470' title='bbox 1333 4260 1489 4321; x_wconf 87' lang='lat' dir='ltr'>deficiente</span> <span class='ocrx_word' id='word_1_471' title='bbox 1512 4264 1541 4319; x_wconf 90' lang='lat' dir='ltr'>iu</span> <span class='ocrx_word' id='word_1_472' title='bbox 1565 4262 1644 4322; x_wconf 88' lang='lat' dir='ltr'>lucta</span> <span class='ocrx_word' id='word_1_473' title='bbox 1667 4280 1732 4322; x_wconf 89' lang='lat' dir='ltr'>cum</span> 
     </span>
     <span class='ocr_line' id='line_1_45' title="bbox 346 4345 1733 4431; baseline -0.001 -21"><span class='ocrx_word' id='word_1_474' title='bbox 346 4386 351 4403; x_wconf 83' lang='lat'>·</span> <span class='ocrx_word' id='word_1_475' title='bbox 381 4353 497 4426; x_wconf 93' lang='lat' dir='ltr'>morbo,</span> <span class='ocrx_word' id='word_1_476' title='bbox 529 4352 567 4411; x_wconf 92' lang='lat' dir='ltr'>ad</span> <span class='ocrx_word' id='word_1_477' title='bbox 590 4368 678 4428; x_wconf 90' lang='lat' dir='ltr'>quam</span> <span class='ocrx_word' id='word_1_478' title='bbox 699 4349 809 4408; x_wconf 90' lang='lat' dir='ltr'>luctam</span> <span class='ocrx_word' id='word_1_479' title='bbox 839 4345 908 4428; x_wconf 89' lang='lat' dir='ltr'>(non</span> <span class='ocrx_word' id='word_1_480' title='bbox 932 4365 1002 4407; x_wconf 84' lang='lat' dir='ltr'>vero</span> <span class='ocrx_word' id='word_1_481' title='bbox 1025 4349 1064 4407; x_wconf 91' lang='lat' dir='ltr'>ad</span> <span class='ocrx_word' id='word_1_482' title='bbox 1082 4346 1222 4431; x_wconf 89' lang='lat' dir='ltr'>mortem)</span> <span class='ocrx_word' id='word_1_483' title='bbox 1251 4350 1387 4407; x_wconf 89' lang='lat' dir='ltr'>incitatur</span> <span class='ocrx_word' id='word_1_484' title='bbox 1416 4349 1453 4407; x_wconf 95' lang='lat' dir='ltr'>ab</span> <span class='ocrx_word' id='word_1_485' title='bbox 1477 4356 1605 4425; x_wconf 86' lang='lat' dir='ltr'>aspectu.</span> <span class='ocrx_word' id='word_1_486' title='bbox 1650 4348 1733 4425; x_wconf 82' lang='lat' dir='ltr'>Quae</span> 
     </span>
     <span class='ocr_line' id='line_1_46' title="bbox 344 4432 1732 4513; baseline -0.002 -14"><span class='ocrx_word' id='word_1_487' title='bbox 344 4432 350 4441; x_wconf 86' lang='grc'><strong>’</strong></span> <span class='ocrx_word' id='word_1_488' title='bbox 382 4442 481 4499; x_wconf 91' lang='lat' dir='ltr'>omnia</span> <span class='ocrx_word' id='word_1_489' title='bbox 502 4455 561 4499; x_wconf 89' lang='lat' dir='ltr'>non</span> <span class='ocrx_word' id='word_1_490' title='bbox 583 4437 696 4498; x_wconf 90' lang='lat' dir='ltr'>coelum</span> <span class='ocrx_word' id='word_1_491' title='bbox 720 4439 813 4513; x_wconf 90' lang='lat' dir='ltr'>ipsum</span> <span class='ocrx_word' id='word_1_492' title='bbox 837 4438 907 4495; x_wconf 90' lang='lat' dir='ltr'>iacit</span> <span class='ocrx_word' id='word_1_493' title='bbox 928 4438 991 4495; x_wconf 88' lang='lat' dir='ltr'>sine</span> <span class='ocrx_word' id='word_1_494' title='bbox 1014 4435 1128 4510; x_wconf 89' lang='lat' dir='ltr'>medio,</span> <span class='ocrx_word' id='word_1_495' title='bbox 1157 4438 1209 4497; x_wconf 90' lang='lat' dir='ltr'>sed</span> <span class='ocrx_word' id='word_1_496' title='bbox 1239 4438 1353 4496; x_wconf 89' lang='lat' dir='ltr'>animas</span> <span class='ocrx_word' id='word_1_497' title='bbox 1382 4434 1507 4495; x_wconf 83' lang='lat' dir='ltr'>facultas</span> <span class='ocrx_word' id='word_1_498' title='bbox 1529 4438 1642 4510; x_wconf 79' lang='lat' dir='ltr'>vitalis,</span> <span class='ocrx_word' id='word_1_499' title='bbox 1667 4454 1732 4496; x_wconf 91' lang='lat' dir='ltr'>cum</span> 
     </span>
     <span class='ocr_line' id='line_1_47' title="bbox 342 4523 1732 4603; baseline -0.004 -15"><span class='ocrx_word' id='word_1_500' title='bbox 342 4550 344 4555; x_wconf 56' lang='lat'><strong><em>¹</em></strong></span> <span class='ocrx_word' id='word_1_501' title='bbox 382 4526 558 4588; x_wconf 88' lang='lat' dir='ltr'>coelestibus</span> <span class='ocrx_word' id='word_1_502' title='bbox 581 4525 738 4584; x_wconf 88' lang='lat' dir='ltr'>harmoniis</span> <span class='ocrx_word' id='word_1_503' title='bbox 762 4541 851 4601; x_wconf 91' lang='lat' dir='ltr'>opera</span> <span class='ocrx_word' id='word_1_504' title='bbox 873 4539 928 4582; x_wconf 87' lang='lat' dir='ltr'>sua</span> <span class='ocrx_word' id='word_1_505' title='bbox 950 4526 1137 4592; x_wconf 85' lang='lat' dir='ltr'>consocians,</span> <span class='ocrx_word' id='word_1_506' title='bbox 1168 4526 1361 4603; x_wconf 90' lang='lat' dir='ltr'>principatum</span> <span class='ocrx_word' id='word_1_507' title='bbox 1391 4529 1470 4583; x_wconf 91' lang='lat' dir='ltr'>tenet</span> <span class='ocrx_word' id='word_1_508' title='bbox 1491 4525 1520 4580; x_wconf 92' lang='lat' dir='ltr'>in</span> <span class='ocrx_word' id='word_1_509' title='bbox 1543 4523 1613 4597; x_wconf 90' lang='lat' dir='ltr'>boc,</span> <span class='ocrx_word' id='word_1_510' title='bbox 1642 4524 1732 4600; x_wconf 86' lang='lat' dir='ltr'>vulgo</span> 
     </span>
     <span class='ocr_line' id='line_1_48' title="bbox 381 4608 1732 4689; baseline -0.004 -14"><span class='ocrx_word' id='word_1_511' title='bbox 381 4617 425 4675; x_wconf 85' lang='lat' dir='ltr'>sie</span> <span class='ocrx_word' id='word_1_512' title='bbox 447 4613 534 4687; x_wconf 91' lang='lat' dir='ltr'>dicto,</span> <span class='ocrx_word' id='word_1_513' title='bbox 557 4613 670 4673; x_wconf 82' lang='lat' dir='ltr'>influxu</span> <span class='ocrx_word' id='word_1_514' title='bbox 694 4610 777 4671; x_wconf 89' lang='lat' dir='ltr'>coeii.</span> <span class='ocrx_word' id='word_1_515' title='bbox 801 4608 920 4671; x_wconf 84' lang='lat' dir='ltr'>Scilicet</span> <span class='ocrx_word' id='word_1_516' title='bbox 943 4610 1017 4670; x_wconf 90' lang='lat' dir='ltr'>baec</span> <span class='ocrx_word' id='word_1_517' title='bbox 1040 4627 1099 4669; x_wconf 84' lang='lat' dir='ltr'>vox</span> <span class='ocrx_word' id='word_1_518' title='bbox 1121 4611 1246 4670; x_wconf 83' lang='lat' dir='ltr'>influxus</span> <span class='ocrx_word' id='word_1_519' title='bbox 1268 4611 1424 4669; x_wconf 79' lang='lat' dir='ltr'>fascinavit</span> <span class='ocrx_word' id='word_1_520' title='bbox 1443 4610 1635 4689; x_wconf 87' lang='lat' dir='ltr'>philosophos</span> <span class='ocrx_word' id='word_1_521' title='bbox 1656 4628 1732 4670; x_wconf 89' lang='lat' dir='ltr'>non-</span> 
     </span>
     <span class='ocr_line' id='line_1_49' title="bbox 381 4697 1730 4775; baseline -0.003 -14"><span class='ocrx_word' id='word_1_522' title='bbox 381 4701 496 4773; x_wconf 91' lang='lat' dir='ltr'>nullos,</span> <span class='ocrx_word' id='word_1_523' title='bbox 527 4707 561 4758; x_wconf 95' lang='lat' dir='ltr'>ut</span> <span class='ocrx_word' id='word_1_524' title='bbox 583 4718 648 4760; x_wconf 90' lang='lat' dir='ltr'>curu</span> <span class='ocrx_word' id='word_1_525' title='bbox 670 4700 831 4775; x_wconf 84' lang='lat' dir='ltr'>ineptiante</span> <span class='ocrx_word' id='word_1_526' title='bbox 854 4698 944 4774; x_wconf 86' lang='lat' dir='ltr'>vulgo</span> <span class='ocrx_word' id='word_1_527' title='bbox 968 4699 1024 4775; x_wconf 91' lang='lat' dir='ltr'>ipsi</span> <span class='ocrx_word' id='word_1_528' title='bbox 1048 4700 1186 4772; x_wconf 89' lang='lat' dir='ltr'>insanire,</span> <span class='ocrx_word' id='word_1_529' title='bbox 1224 4715 1311 4774; x_wconf 89' lang='lat' dir='ltr'>quam</span> <span class='ocrx_word' id='word_1_530' title='bbox 1340 4714 1454 4756; x_wconf 91' lang='lat' dir='ltr'>mecum</span> <span class='ocrx_word' id='word_1_531' title='bbox 1476 4715 1578 4775; x_wconf 89' lang='lat' dir='ltr'>sapere</span> <span class='ocrx_word' id='word_1_532' title='bbox 1602 4697 1730 4758; x_wconf 81' lang='lat' dir='ltr'>mallent</span> 
     </span>
     <span class='ocr_line' id='line_1_50' title="bbox 382 4786 1731 4864; baseline -0.001 -17"><span class='ocrx_word' id='word_1_533' title='bbox 382 4788 512 4864; x_wconf 83' lang='lat' dir='ltr'>Quorum</span> <span class='ocrx_word' id='word_1_534' title='bbox 530 4804 601 4847; x_wconf 91' lang='lat' dir='ltr'>sane</span> <span class='ocrx_word' id='word_1_535' title='bbox 624 4804 713 4864; x_wconf 91' lang='lat' dir='ltr'>quam</span> <span class='ocrx_word' id='word_1_536' title='bbox 735 4786 849 4846; x_wconf 87' lang='lat' dir='ltr'>infirma</span> <span class='ocrx_word' id='word_1_537' title='bbox 872 4794 917 4846; x_wconf 91' lang='lat' dir='ltr'>cst</span> <span class='ocrx_word' id='word_1_538' title='bbox 938 4791 1059 4845; x_wconf 83' lang='lat' dir='ltr'>catena:</span> <span class='ocrx_word' id='word_1_539' title='bbox 1090 4793 1169 4844; x_wconf 87' lang='lat' dir='ltr'>astra</span> <span class='ocrx_word' id='word_1_540' title='bbox 1196 4802 1282 4863; x_wconf 86' lang='lat' dir='ltr'>agere</span> <span class='ocrx_word' id='word_1_541' title='bbox 1305 4787 1334 4843; x_wconf 93' lang='lat' dir='ltr'>in</span> <span class='ocrx_word' id='word_1_542' title='bbox 1357 4789 1470 4860; x_wconf 83' lang='lat' dir='ltr'>aiirem,</span> <span class='ocrx_word' id='word_1_543' title='bbox 1503 4786 1581 4845; x_wconf 91' lang='lat' dir='ltr'>bunc</span> <span class='ocrx_word' id='word_1_544' title='bbox 1602 4787 1632 4844; x_wconf 89' lang='lat' dir='ltr'>in</span> <span class='ocrx_word' id='word_1_545' title='bbox 1654 4794 1731 4845; x_wconf 91' lang='lat' dir='ltr'>tem·</span> 
     </span>
     <span class='ocr_line' id='line_1_51' title="bbox 380 4872 1730 4954; baseline 0 -21"><span class='ocrx_word' id='word_1_546' title='bbox 380 4882 580 4953; x_wconf 83' lang='lat' dir='ltr'>paramentum</span> <span class='ocrx_word' id='word_1_547' title='bbox 603 4877 750 4954; x_wconf 89' lang='lat' dir='ltr'>corporis,</span> <span class='ocrx_word' id='word_1_548' title='bbox 772 4873 830 4934; x_wconf 90' lang='lat' dir='ltr'>boc</span> <span class='ocrx_word' id='word_1_549' title='bbox 847 4872 911 4951; x_wconf 86' lang='lat' dir='ltr'>jam</span> <span class='ocrx_word' id='word_1_550' title='bbox 934 4877 964 4931; x_wconf 90' lang='lat' dir='ltr'>iu</span> <span class='ocrx_word' id='word_1_551' title='bbox 985 4875 1122 4934; x_wconf 85' lang='lat' dir='ltr'>animam</span> <span class='ocrx_word' id='word_1_552' title='bbox 1166 4873 1237 4933; x_wconf 84' lang='lat' dir='ltr'>Esto</span> <span class='ocrx_word' id='word_1_553' title='bbox 1260 4872 1317 4933; x_wconf 92' lang='lat' dir='ltr'>boc</span> <span class='ocrx_word' id='word_1_554' title='bbox 1338 4874 1368 4931; x_wconf 90' lang='lat' dir='ltr'>in</span> <span class='ocrx_word' id='word_1_555' title='bbox 1391 4872 1583 4951; x_wconf 88' lang='lat' dir='ltr'>quibusdam,</span> <span class='ocrx_word' id='word_1_556' title='bbox 1606 4881 1636 4933; x_wconf 90' lang='lat' dir='ltr'>at</span> <span class='ocrx_word' id='word_1_557' title='bbox 1658 4872 1730 4950; x_wconf 91' lang='lat' dir='ltr'>quid</span> 
     </span>
    </p>
   </div>
   <div class='ocr_carea' id='block_1_7' title="bbox 0 0 1940 5846">
    <p class='ocr_par' dir='ltr' id='par_1_8' title="bbox 0 0 1940 5846">
     <span class='ocr_line' id='line_1_52' title="bbox 0 0 1940 5846; baseline 0 1"><span class='ocrx_word' id='word_1_558' title='bbox 0 0 1940 5846; x_wconf 95' lang='lat' dir='ltr'> </span> 
     </span>
    </p>
   </div>
  </div>
 </body>
</html>
