3840 5854
402 418 445 477 44
783 406 925 484 Epistulae
943 408 1055 483 Kepleri
1071 412 1240 483 aliorumque
1256 418 1365 469 mutuae

403 598 515 655 tantum
537 592 672 655 flectione
693 600 803 667 mutua,
826 591 880 652 sod
901 591 974 652 illud
996 609 1049 669 pro
1073 590 1226 668 distantiis,
1248 592 1306 654 boc
1326 609 1382 670 pro
1393 592 1581 655 modestinus
1594 591 1748 671 graduum.

387 678 486 740 ‘Idem
508 682 633 742 lacerem
656 697 775 741 exorsus
798 699 817 740 a
838 679 1068 759 Traussylrauia
1089 697 1141 757 per
1163 676 1338 758 Ungariem,
1369 680 1461 759 Alpes
1484 681 1611 760 Styrias,
1633 678 1749 741 Helve-

407 768 486 841 tium,
509 767 730 841 Petemondam,
754 766 880 843 Gallias,
902 767 1085 846 Pyrenaeum
1108 784 1200 844 usque
1217 767 1453 847 Compostellam.
1497 769 1534 828 In
1556 775 1637 829 tanto
1660 770 1749 845 igitur

405 859 502 934 spatio
524 854 608 916 facile
630 862 744 933 pateret
765 857 883 915 veritas.
929 854 985 915 Vel
1008 856 1083 914 irent
1105 853 1163 915 duo
1186 855 1281 930 simul,
1302 873 1417 934 semper
1439 858 1534 934 spatio
1552 858 1580 930 5,
1605 857 1633 930 6,
1658 858 1675 912 'l
1699 853 1749 915 vel

411 946 449 1004 10
473 941 640 1003 milliarium
664 942 823 1015 distantes,
845 944 896 1019 qni
917 943 1052 1002 noctibus
1075 958 1127 1018 per
1149 944 1345 1003 internuncios
1368 946 1550 1016 constitutor,
1574 944 1749 1003 amentium

404 1030 563 1091 verticibus
583 1030 702 1106 ignibus
725 1031 857 1091 excitatis
878 1032 1014 1103 invicem,
1037 1031 1123 1104 signa
1144 1029 1267 1090 darent·
1292 1028 1359 1091 Hoc
1377 1032 1418 1091 ibl
1432 1031 1568 1106 maxime,
1591 1030 1642 1089 ubi
1663 1045 1750 1087 mon-

405 1127 462 1192 tes,
492 1118 543 1193 qui
565 1116 639 1176 adiri
661 1126 798 1195 possunt,
825 1117 1004 1179 horizontem
1027 1133 1085 1175 uon
1108 1118 1273 1179 terminant.
1317 1117 1351 1176 In
1373 1118 1430 1178 hac
1451 1119 1593 1178 societate
1626 1115 1750 1175 duorum

406 1212 435 1266 et
456 1205 514 1265 hoc
536 1205 643 1264 inesset
666 1203 828 1279 commodi,
856 1204 935 1281 quod
958 1205 987 1263 iu
1010 1203 1104 1263 reditu
1127 1205 1226 1265 omnia
1247 1205 1395 1266 emendari
1416 1212 1537 1282 possent
1559 1213 1590 1264 et
1610 1204 1751 1279 ambigue

405 1291 520 1351 discuti.
565 1290 723 1369 splendide
755 1310 801 1353 me
835 1291 959 1352 tabulari
988 1291 1122 1368 putabis;
1154 1299 1186 1352 at
1215 1309 1271 1373 ego
1300 1293 1330 1349 iu
1360 1291 1457 1371 Styria
1489 1293 1545 1352 teci
1574 1291 1750 1368 periculum:

405 1377 525 1440 ascendi
548 1382 626 1440 enim
649 1378 722 1439 duos
745 1387 858 1439 montes
880 1387 910 1438 et
932 1386 1085 1455 utrumque
1108 1378 1258 1440 exaltato
1280 1377 1410 1455 librari;
1429 1380 1528 1440 inveni
1550 1380 1752 1438 curvationem

405 1467 487 1545 globi
510 1469 615 1528 terreni
642 1468 679 1526 19
703 1468 887 1539 minutorum,
912 1465 1097 1526 intervallum
1118 1467 1328 1527 aestimabatur
1345 1467 1362 1525 5
1379 1466 1554 1527 milliarium.
1591 1465 1658 1526 Hoc
1680 1482 1751 1525 rere

405 1570 464 1614 nou
487 1571 551 1614 sum
574 1571 692 1613 mensus
715 1554 913 1615 instrumentis
937 1555 1067 1629 risoriis,
1096 1559 1130 1612 ut
1149 1556 1328 1631 potuissem,
1359 1554 1437 1632 quod
1459 1552 1555 1614 solum
1577 1552 1660 1613 deest
1681 1569 1752 1629 per·

405 1641 525 1703 lccfioui
546 1640 682 1717 exempli.

499 1727 687 1789 Probabilcm
710 1728 859 1788 existimas
881 1730 1055 1788 sententiam
1071 1727 1195 1800 Thevetl
1218 1745 1253 1788 er
1270 1745 1314 1801 eo,
1338 1726 1417 1805 quod
1433 1745 1554 1805 magnes
1577 1727 1655 1786 omni
1669 1733 1753 1803 perte

405 1817 452 1875 sui
474 1813 569 1876 soleat
590 1815 720 1903 imbuere
735 1816 850 1878 terrum.
888 1810 985 1892 Atque
1007 1814 1064 1874 boc
1077 1814 1150 1874 nibil
1166 1813 1275 1875 indicat
1298 1814 1333 1875 de
1354 1815 1448 1892 figura
1468 1832 1523 1875 seu
1535 1815 1679 1893 magnetis
1697 1831 1752 1874 seu

406 1902 527 1979 Terrae,
550 1901 603 1963 sed
625 1910 738 1964 tantum
761 1902 797 1963 de
819 1910 924 1964 natura
946 1903 1071 1978 virtutis,
1095 1920 1171 1979 quae
1192 1902 1293 1981 polum
1311 1904 1398 1979 petit,
1421 1901 1500 1980 qnod
1513 1901 1626 1963 scilicet
1648 1900 1700 1961 illa
1721 1902 1752 1959 in

412 1997 521 2050 rectem
544 1992 708 2067 porrigetur
730 1989 867 2067 quodque
889 1992 928 2049 sit
949 2006 1015 2049 cum
1038 2007 1158 2066 corpore
1173 1992 1318 2068 magnetis
1334 1989 1502 2069 divisibilis,
1523 1991 1567 2051 sic
1581 1995 1615 2049 ut
1636 1989 1666 2046 in
1688 1990 1752 2048 sin-

410 2077 488 2155 gulis
511 2078 574 2154 eJus
595 2077 752 2139 filamentis
774 2077 928 2139 rcctrlmeu
951 2075 1085 2138 rnsrdeat.
1338 2134 1341 2142 .

493 2165 540 2225 De
562 2164 723 2226 stadiorum
745 2182 880 2237 nurnero,
912 2181 988 2242 quae
1010 2165 1059 2222 nni
1082 2164 1186 2241 gradui
1210 2163 1328 2225 coelesti
1351 2168 1534 2239 competunt,
1564 2178 1635 2222 sene
1657 2162 1753 2220 incer·

407 2257 469 2311 tum
491 2260 574 2329 puto.
619 2253 694 2313 Nam
715 2251 891 2313 nouaclum
914 2252 950 2315 de
972 2250 1058 2311 stadii
1082 2254 1245 2329 quantitate
1268 2251 1442 2311 dissentiunt
1462 2255 1591 2325 veteres,
1614 2265 1667 2308 seu
1691 2246 1754 2306 dis·

408 2343 515 2401 sentiro
537 2356 656 2401 necesse
680 2346 733 2414 est,
757 2356 822 2400 cum
844 2339 927 2416 pedis
949 2355 1084 2399 mansura
1106 2357 1164 2400 non
1187 2339 1274 2398 luerit
1295 2355 1363 2412 uns,
1386 2336 1439 2397 sed
1461 2339 1550 2397 etiam
1569 2334 1683 2394 lubrica
1706 2351 1753 2394 res

408 2434 468 2500 est,
498 2427 688 2488 determinare
718 2445 807 2486 uuum
836 2427 959 2505 gradum
988 2424 1113 2487 coeleste
1142 2429 1170 2485 in
1194 2426 1297 2502 Terra3
1329 2442 1444 2501 semper
1471 2425 1547 2484 euim
1576 2421 1612 2483 de
1640 2421 1755 2499 aliquot

408 2516 527 2574 minutis
551 2513 708 2591 dubitatur,
732 2532 808 2592 quae
829 2513 938 2594 negligi
961 2530 1019 2573 non
1042 2511 1189 2588 deberent,
1212 2513 1337 2591 denique
1360 2513 1385 2571 si
1401 2512 1525 2571 maxime
1543 2510 1672 2573 sciantur
1694 2508 1753 2568 duo

407 2600 475 2662 loca
496 2601 618 2678 Terrae,
641 2603 802 2682 inquibus
824 2610 869 2662 est
892 2601 1053 2662 differentia
1074 2599 1160 2661 tinius
1182 2600 1290 2679 gradus
1311 2599 1452 2677 praecise,
1475 2601 1505 2655 in
1527 2598 1754 2674 septentrionem

408 2695 586 2749 tamennon
608 2688 694 2750 lacile
717 2690 809 2750 metiri
832 2707 988 2766 possumus
1010 2687 1093 2748 illum
1113 2689 1220 2749 Terrae
1243 2696 1375 2759 tractum,
1398 2702 1513 2762 semper
1535 2686 1612 2744 enirn
1635 2684 1755 2743 obstant

409 2783 462 2836 aut
487 2776 621 2852 flumina,
645 2784 696 2837 aut
723 2785 852 2851 montes,
875 2776 984 2852 silvae,
1006 2776 1144 2854 paludes,
1168 2777 1231 2855 agri
1254 2774 1325 2835 culti
1348 2782 1401 2834 etc.
1447 2772 1547 2833 Refert
1569 2770 1753 2831 Cbristman-

408 2881 464 2924 uus
487 2866 693 2926 commentario
715 2883 803 2943 super
818 2864 1008 2942 llllreganum
1030 2861 1102 2946 (nisi
1124 2864 1198 2925 sorte
1220 2865 1283 2940 ipse
1298 2860 1485 2937 Allrsganus,
1508 2858 1580 2919 liber
1595 2861 1671 2919 enirn
1694 2875 1754 2918 uon

409 2959 454 3013 est
485 2951 523 3013 ad
555 2946 674 3034 manus]
697 2952 813 3014 Arabas
844 2969 960 3030 quoque
983 2949 1200 3012 Baldecbeuses
1229 2950 1284 3010 sub
1310 2965 1378 3025 rege
1401 2946 1549 3006 Maimone
1577 2945 1646 3007 buia
1667 2962 1756 3007 curae

409 3039 591 3115 incubuisse,
613 3050 646 3101 ut
668 3041 854 3102 emendarent
875 3040 953 3100 bunc
974 3038 1134 3101 stadiorum
1157 3040 1186 3097 iu
1210 3054 1268 3096 uno
1289 3034 1382 3112 gradu
1404 3051 1565 3094 numerum.

495 3126 628 3205 Rogatus
649 3128 711 3205 ipse
734 3137 801 3190 ants
824 3128 973 3188 biennium
987 3130 1024 3190 ab
1040 3126 1171 3188 Electore
1188 3124 1363 3197 Coloniensi,
1386 3123 1428 3182 sic
1448 3119 1594 3199 respondi,
1617 3127 1650 3179 ut
1663 3118 1756 3197 paulo

408 3214 504 3291 prius3
527 3213 563 3275 (le
585 3214 676 3277 Terra
698 3216 834 3278 videlicet
854 3214 1002 3277 metienda
1023 3214 1086 3275 sine
1109 3215 1215 3274 intuitu
1238 3210 1312 3272 coeli
1326 3229 1363 3271 ex
1379 3208 1500 3269 duorum
1515 3208 1646 3269 locorum
1661 3206 1755 3267 libra·

409 3304 490 3362 tione
512 3309 621 3362 mutue.
668 3302 705 3362 Et
726 3302 851 3381 subJecit
874 3305 936 3380 ipse
961 3301 1182 3364 commoditates
1204 3300 1352 3372 locorum,
1381 3299 1406 3356 si
1429 3296 1503 3356 bene
1525 3295 1658 3370 memini,
1687 3293 1758 3354 Μο-

410 3388 547 3451 necbium
570 3396 599 3450 et
620 3390 804 3465 Freisingum
827 3388 1004 3467 appellarit,
1028 3406 1152 3467 quorum
1174 3387 1304 3448 locorum
1327 3402 1363 3445 ex
1386 3383 1478 3445 altero
1504 3385 1535 3440 in
1558 3380 1678 3442 alterum
1701 3399 1759 3458 pa·

410 3483 473 3539 teat
494 3485 664 3555 prospectus
687 3496 704 3538 e
726 3477 859 3540 fenestris
881 3475 1065 3554 palatiomm.
1110 3464 1221 3552 Quo'dsi
1245 3473 1426 3549 interjectum
1449 3467 1635 3530 intervallum
1656 3476 1758 3548 aptum

412 3572 457 3627 est
478 3563 517 3625 ad
539 3564 717 3626 metiendum
739 3566 814 3643 pede
836 3565 969 3625 Romano
992 3567 1130 3641 antiquo,
1156 3562 1240 3639 cujus
1262 3576 1397 3621 mensure
1419 3564 1464 3619 cst
1486 3557 1563 3617 latus
1586 3557 1653 3617 cubi
1676 3573 1759 3616 com·

322 3674 328 3689 ·
415 3657 583 3731 putatorum
598 3651 796 3714 Romanorum
819 3659 848 3713 ct
869 3652 1010 3729 liquorem
1026 3652 1177 3711 fontanum
1193 3651 1232 3710 96
1254 3647 1392 3708 librarum
1405 3645 1487 3707 Rom.
1510 3645 1666 3721 capientis:
1690 3652 1760 3704 tunc

412 3736 475 3820 ip'se
497 3739 627 3818 spondeo
650 3740 867 3802 inclinationem
888 3747 1019 3800 mutuatu
1041 3727 1312 3816 perpendicularem
1334 3733 1551 3794 Monecbiensis
1577 3738 1606 3790 et
1627 3731 1758 3792 Freisin·

413 3830 512 3908 gensis
536 3837 638 3888 exacte
664 3831 850 3907 investigare.
895 3826 962 3887 Hoc
983 3834 1082 3904 pacto,
1095 3833 1124 3885 et
1145 3820 1366 3901 cosmographia
1393 3821 1479 3881 luerit
1501 3817 1602 3896 adjuta
1635 3827 1664 3879 et
1685 3819 1759 3879 ratio

414 3932 615 3979 mensurarum
630 3918 818 3995 perpetuitati
834 3923 1012 3988 consecrata,
1034 3911 1179 3990 siquidem
1199 3911 1301 3972 literae
1326 3908 1433 3969 luerint
1446 3914 1614 3984 perpetuae.
1663 3908 1760 3977 (cnmp.

413 4013 460 4077 111,
477 4028 501 4076 p.
520 4008 590 4071 458.)

498 4092 543 4153 Ac
565 4093 621 4151 etsi
650 4108 716 4153 mee
737 4089 812 4150 nibil
835 4091 962 4162 interest,
986 4104 1074 4165 quem
1095 4088 1125 4145 in
1140 4084 1258 4163 plagam
1276 4081 1469 4159 vergatlinea
1488 4087 1663 4140 connectens
1685 4076 1760 4139 duos

413 4183 511 4244 locos:
535 4185 634 4241 menen
657 4180 682 4238 sl
703 4185 807 4255 postea
828 4195 879 4255 per
900 4176 978 4236 bunc
1000 4173 1121 4234 modum
1148 4172 1300 4251 explorare
1323 4168 1465 4230 vellemus
1494 4168 1636 4227 rationem
1660 4166 1760 4227 diver·

414 4289 465 4332 rac
489 4269 639 4328 curvitatis
660 4265 801 4338 Telluris,
832 4264 920 4342 idque
943 4266 1019 4322 intra
1041 4279 1128 4321 unam
1150 4262 1314 4339 regionem,
1339 4263 1483 4335 oporteret
1505 4272 1575 4315 sane
1598 4253 1672 4314 duas
1695 4271 1760 4317 esse

417 4358 601 4436 operationes
624 4359 653 4414 at
674 4353 753 4413 linea
774 4351 865 4412 semel
887 4354 916 4408 in
941 4357 1072 4410 austrum
1095 4346 1184 4409 semel
1208 4350 1236 4406 in
1261 4347 1401 4407 orientem
1423 4342 1542 4403 deberet
1562 4343 1680 4419 porrigi.

501 4440 560 4503 Sed
583 4441 695 4516 desino,
717 4457 868 4515 nunquam
890 4440 968 4499 enim
991 4438 1093 4514 scripsi
1115 4436 1276 4512 longiorem
1293 4432 1455 4510 epistolam,
1479 4447 1567 4507 quam
1589 4446 1654 4489 curu
1677 4430 1761 4488 initio

414 4530 589 4593 Novembris
619 4547 713 4590 essem
742 4544 881 4600 exorsus,
911 4527 960 4585 rix
989 4524 1092 4599 bodie,
1124 4525 1173 4582 st.
1197 4520 1370 4582 Novembris
1397 4518 1476 4578 finio.
1520 4517 1583 4576 Nec
1606 4519 1762 4594 quicquam

414 4624 567 4699 praeterea
589 4616 670 4676 eisaei
693 4618 722 4674 in
744 4614 857 4675 studiis.

502 4705 547 4766 Ex
575 4702 696 4765 aedibus
727 4702 798 4763 olim
820 4699 1012 4762 crameriauis
1039 4713 1055 4756 c
1084 4696 1204 4772 regione
1230 4692 1411 4755 Jesuitarum
1441 4688 1479 4750 ad
1509 4696 1636 4767 pontem.
1685 4690 1761 4752 Nob.

416 4795 497 4873 Mag·
520 4792 556 4853 T.
1327 4776 1556 4839 officiosissimus

1197 4867 1230 4933 J·
1254 4864 1401 4947 maor,
1423 4864 1654 4928 mathematicus.
