3872 5846
410 423 453 476 De
470 418 591 477 Motibus
609 418 784 476 Planctarum
802 380 982 480 Harmonicia
1019 421 1103 513 Liber
1119 423 1152 478 V.
1169 423 1347 478 Prooemium.
1489 430 1551 488 269

204 605 336 675 conveni,
360 602 488 677 Pragam
511 601 612 660 sedern
635 598 724 676 clegi,
748 598 779 657 id
802 598 928 674 tandem,
953 601 1018 662 Deo
1035 599 1104 679 Opt.
1119 602 1259 675 Maximo,
1284 605 1334 677 qni
1356 607 1482 659 mentem
1506 604 1553 659 in-

203 692 382 766 spiraverat,
418 689 591 748 desiderinm
620 689 724 763 ingens
747 691 936 761 excitaverat,
962 693 1052 754 vitam
1075 693 1162 749 etiam
1192 698 1221 749 et
1244 692 1320 748 vires
1350 691 1458 764 ingenii
1481 705 1552 764 pro-

202 784 324 853 rogante
346 775 501 856 mediaquc
516 786 612 835 cetera
634 793 685 852 per
701 775 823 833 duorum
837 774 1050 852 Imperatorum
1068 777 1214 853 huJusque
1229 779 1398 855 provinciae
1414 777 1552 836 Austriae

202 864 446 942 Sept-Anisanae
475 864 632 923 Procerum
663 862 870 922 liberalitatem
898 863 1120 941 suppeditante,
1156 865 1308 922 defunctus
1341 865 1421 940 prius
1451 872 1548 923 astro·

201 954 316 1011 uomica
339 955 490 1030 provincia
513 960 653 1026 quantum
670 949 843 1023 sulliciebat,
867 951 992 1026 tandem,
1017 954 1144 1027 inquam,
1168 956 1197 1010 in
1212 951 1309 1010 lucem
1323 950 1430 1028 protuli
1447 968 1552 1028 supra-

203 1057 259 1116 que
283 1056 371 1116 quam
400 1056 517 1117 sperare
546 1055 676 1113 unquam
697 1040 780 1115 potui
812 1040 994 1097 verissimum
1022 1039 1213 1116 deprehendi,
1244 1047 1336 1098 totam
1369 1038 1551 1099 harmonicen

202 1138 350 1198 naturam,
382 1135 604 1203 quantaquanta
626 1133 686 1199 cst,
719 1143 783 1183 cum
807 1127 943 1184 omnibus
966 1130 1025 1186 suis
1049 1128 1181 1203 partibus
1210 1127 1284 1185 libro
1306 1125 1363 1184 III.
1387 1125 1549 1201 explicatis,

202 1218 276 1274 inter
298 1223 395 1274 motus
419 1215 562 1274 coelestes
583 1215 718 1289 reperiri3
745 1230 804 1271 non
828 1230 862 1272 eo
893 1214 1010 1289 quidem
1032 1214 1139 1293 modo,
1170 1233 1258 1291 quem
1281 1231 1335 1289 ego
1362 1231 1551 1291 conceperam

202 1305 298 1362 animo
322 1299 406 1383 (pars
428 1303 502 1361 haec
525 1310 569 1361 est
592 1317 649 1359 non
672 1306 820 1375 postrema
842 1304 899 1359 mei
922 1297 1057 1381 gaudii),
1080 1303 1133 1361 sed
1149 1301 1346 1362 diversissimo
1362 1300 1421 1360 alio
1445 1301 1550 1359 simul-

202 1408 259 1466 que
282 1399 311 1449 et
333 1391 582 1468 praestantissimo
606 1396 635 1446 et
657 1388 875 1463 perfectissimo.
921 1389 1055 1449 Accessit
1070 1389 1127 1448 hoc
1141 1389 1312 1450 intermedio
1327 1398 1467 1466 tempore,
1491 1405 1550 1465 qno

202 1496 247 1538 me
271 1494 445 1556 suspensum
467 1478 561 1536 tenuit
584 1483 715 1533 motuum
737 1478 882 1534 restitutio
905 1474 1145 1551 laboriosissima,
1170 1480 1357 1555 praecipuum
1382 1486 1411 1534 et
1434 1476 1550 1553 cupidi-

202 1569 271 1624 tatis
294 1583 375 1625 meae
398 1567 607 1623 incrementum
630 1571 660 1621 et
681 1563 823 1637 propositi
846 1565 1075 1637 incitamentum,
1100 1565 1187 1625 lectio
1209 1563 1454 1622 Harmonieorum
1476 1562 1550 1621 Pto-

201 1652 320 1726 lemaei,
356 1670 433 1729 quac
463 1653 661 1726 manuscripta
688 1649 759 1706 mihi
787 1653 946 1708 transmisit
974 1655 1020 1708 vir
1050 1654 1171 1711 eximius
1205 1641 1301 1727 adque
1331 1650 1549 1727 philosophiam

202 1758 346 1817 omneque
370 1740 444 1799 adeo
467 1756 559 1827 genus
583 1736 752 1796 eruditionis
776 1739 1006 1813 promovendum
1025 1748 1120 1811 natus,
1143 1738 1296 1798 ,lohannes
1313 1737 1459 1815 Georgius
1471 1737 1549 1796 Here

201 1828 328 1902 wardus,
351 1829 498 1886 Bavariae
522 1823 730 1896 cancellarius,
754 1825 805 1882 ubi
827 1834 941 1901 praeter
956 1829 1205 1903 exspectationem
1227 1834 1256 1886 et
1270 1844 1384 1885 summa
1406 1843 1472 1885 cum
1494 1825 1549 1884 ad-

202 1918 354 1975 miratione
376 1916 477 1974 inveni
499 1922 592 1971 totum
615 1916 673 1969 iere
695 1910 801 1969 librum
818 1912 881 1987 ejus
905 1915 1021 1972 tertium
1045 1915 1073 1969 in
1089 1913 1192 1973 eadem
1207 1915 1454 1990 contemplatione
1479 1913 1548 1971 bar-

199 2006 314 2062 moniae
337 2002 475 2061 coelestis
500 2002 658 2058 insumtum
680 2006 747 2056 ante
762 1998 842 2058 mille
865 2009 895 2059 et
918 2002 1093 2076 quingentos
1108 2019 1210 2061 annos.
1257 2001 1366 2060 Verum
1389 2001 1420 2058 id
1442 2003 1547 2060 aetatis

199 2090 322 2149 multum
346 2088 442 2149 adhuc
467 2087 566 2145 deerat
589 2088 783 2145 astronomiae
806 2089 959 2163 potuitque
982 2087 1179 2162 Ptolemaeus,
1203 2105 1233 2146 re
1249 2088 1402 2148 infeliciter
1423 2094 1547 2160 tentata,

200 2178 431 2255 desperationem
459 2175 524 2234 aliis
555 2173 699 2249 objicere,
728 2181 761 2230 ut
788 2175 839 2249 qui
867 2190 932 2232 enm
954 2174 1091 2251 Scipione
1115 2172 1306 2237 ciceronum
1337 2178 1433 2254 potius
1455 2192 1547 2235 suave

200 2265 348 2341 quoddam
370 2267 514 2323 somnium
537 2259 766 2337 Pythagoricum
788 2261 941 2334 recitasse,
974 2281 1060 2338 quam
1085 2262 1300 2342 philosophiam
1326 2263 1477 2340 adjuvisse
1500 2264 1547 2320 ai-

200 2353 330 2426 deretur3
353 2361 385 2409 at
407 2369 453 2409 me
477 2366 542 2408 cnm
566 2346 616 2405 illa
641 2349 746 2407 veteris
769 2352 965 2408 astronomiae
989 2350 1115 2424 ruditas,
1139 2360 1200 2410 tum
1222 2350 1270 2410 hic
1293 2353 1356 2428 ipse
1377 2350 1548 2408 meditatio·

199 2457 269 2497 num
292 2441 443 2513 utriusque
467 2455 503 2495 ex
527 2435 698 2511 quindecim,
715 2435 878 2494 seculorum
902 2438 1058 2496 intervallo
1082 2456 1239 2498 consensus
1268 2436 1307 2497 ad
1331 2441 1547 2497 amussim⁸ex-

200 2535 291 2598 actus,
317 2526 502 2585 vehementer
526 2522 707 2583 confirmavit
730 2525 758 2579 in
783 2522 913 2599 urgendo
935 2528 1098 2603 proposito.
1143 2526 1219 2585 Nam
1242 2525 1312 2601 qnid
1335 2525 1433 2585 multis
1450 2524 1547 2603 opus?

199 2613 268 2692 Ipsa
290 2631 386 2672 rernm
408 2620 511 2670 natura
534 2628 598 2669 sese
620 2609 767 2686 proditum
789 2612 853 2670 ibat
875 2611 1042 2671 hominibus
1070 2631 1121 2691 per
1145 2615 1275 2674 diversos
1305 2612 1475 2672 distantium
1497 2630 1546 2672 sc-

201 2701 329 2760 oulornm
355 2705 535 2777 interpretes,
558 2697 667 2773 digitus
690 2697 745 2757 Dei
769 2707 850 2771 erat,
873 2707 906 2757 nt
927 2716 992 2758 curn
1014 2699 1158 2759 Hebraeis
1181 2703 1293 2777 loquar,
1318 2700 1367 2760 hic
1389 2702 1419 2759 in
1442 2702 1546 2758 animis

201 2786 340 2862 duorum,
370 2789 420 2863 qui
450 2803 481 2844 se
509 2792 587 2844 totos
617 2784 856 2862 contemplationi
878 2795 999 2846 naturae
1024 2787 1218 2861 dedidissent,
1251 2789 1286 2847 de
1318 2788 1547 2847 conformatione

201 2876 300 2933 mundi
323 2881 481 2950 conceptus
504 2868 694 2945 idem,'cum'
714 2880 816 2936 neuter
837 2872 920 2932 alteri
944 2874 1002 2932 dux
1025 2876 1128 2934 suisset
1157 2875 1196 2934 ad
1219 2875 1274 2934 hoe
1296 2877 1351 2934 iter
1379 2874 1546 2949 ingredien-

201 2962 278 3021 dum.
322 2961 391 3022 dam
413 2968 569 3040 postquam
596 2979 615 3018 a
635 2958 784 3018 mensibus
808 2960 968 3019 octodecim
998 2963 1090 3038 prima
1112 2962 1176 3035 lux,
1208 2964 1340 3021 atrihns
1373 2960 1434 3021 dies
1454 2961 1545 3036 justa,

201 3068 219 3109 a
240 3052 425 3126 paucissimis
450 3065 519 3108 vero
543 3047 646 3106 diebus
668 3045 719 3106 Sol
743 3050 805 3124 ipse
827 3065 924 3106 merus
949 3048 1045 3107 illuxit
1067 3049 1320 3127 contemplationis
1350 3048 1547 3107 admirabilis-

201 3138 300 3211 simae,
322 3136 394 3194 nihil
417 3154 468 3195 mc
486 3137 600 3208 retinet,
621 3133 704 3192 lubet
725 3133 876 3210 indulgere
898 3152 981 3194 sacro
997 3136 1095 3209 furori,
1119 3137 1200 3195 lubet
1219 3136 1358 3195 insultare
1373 3134 1546 3194 mortalibus

202 3225 383 3285 confessione
405 3226 546 3298 ingenua,
576 3239 623 3280 me
645 3238 718 3280 vasa
740 3238 830 3281 aurea
852 3223 1064 3300 Aegyptiorum
1087 3225 1192 3297 iurari,
1216 3234 1248 3283 ut
1270 3224 1335 3283 Deo
1358 3240 1424 3283 meo
1447 3223 1546 3281 taber-

201 3312 337 3371 naculum
369 3330 405 3372 ex
438 3314 474 3368 iis
507 3318 689 3379 construam,
721 3307 890 3384 longissime
924 3312 962 3369 ab
995 3312 1122 3387 Aegypti
1155 3310 1270 3370 finibus.
1317 3310 1348 3370 Si
1382 3312 1545 3387 ignoscitis,

201 3400 348 3478 gaudebo,
371 3401 395 3457 si
418 3398 603 3469 succensetis,
627 3396 731 3470 ieram3
750 3397 831 3471 jacio
854 3414 889 3457 cn
913 3399 1008 3457 aleam
1031 3400 1194 3474 librumque
1213 3399 1308 3459 scribo
1331 3415 1383 3458 seu
1406 3410 1546 3474 praesen·

201 3489 279 3545 tibus
302 3504 353 3546 seu
376 3489 500 3562 posteris
523 3482 696 3561 legendum,
724 3484 795 3542 nibil
819 3486 952 3560 iuterest;
981 3492 1129 3563 exspectet
1151 3487 1202 3545 ille
1225 3500 1310 3545 suum
1334 3485 1472 3545 lectorem
1495 3501 1547 3561 per

201 3582 449 3648 senescentum,
480 3573 505 3632 si
528 3571 609 3631 Dens
631 3573 693 3646 ipse
724 3589 937 3648 paraenorum
960 3590 1033 3633 sena
1054 3573 1148 3633 millia
1177 3572 1436 3650 contemplatorem
1458 3589 1545 3650 pmc-

200 3661 324 3720 stolatns
340 3669 394 3720 est.

555 3860 693 3937 Capita
720 3860 833 3937 hujus
860 3860 953 3920 libri
981 3868 1071 3922 sunt
1096 3865 1190 3923 ista:

311 4016 332 4072 I.
352 4016 393 4070 De
413 4014 530 4083 quinque
548 4013 641 4068 solidis
658 4011 752 4080 figuris
770 3998 949 4080 regularibus.

296 4095 331 4149 Il.
349 4095 392 4149 De
410 4093 577 4161 cognatione
589 4108 650 4147 cnm
668 4092 701 4146 iis
719 4091 924 4160 proportionum
942 4093 1167 4149 harmonicarum.

284 4170 333 4228 Ill.
352 4174 462 4227 Summa
479 4171 618 4226 doctrinae
631 4170 836 4239 astronomicae,
855 4172 1008 4225 necessaria
1025 4171 1060 4225 ad
1075 4171 1330 4241 contemplationem
1343 4172 1544 4230 harmoniarum

200 4252 364 4305 coelestium.

283 4331 330 4385 tv.
349 4330 454 4398 Quibus
476 4329 504 4383 iu
521 4328 603 4383 rebus
628 4329 662 4383 ad
680 4327 848 4396 planetarum
866 4334 956 4381 motus
979 4329 1179 4396 pertinentibus
1205 4343 1350 4398 expressae
1368 4329 1423 4384 sint
1439 4331 1545 4385 ummo-

200 4408 260 4462 niae
278 4409 414 4477 simplices
433 4415 460 4463 et
478 4408 551 4477 quod
565 4424 663 4487 'omues
682 4407 743 4461 illae
761 4407 789 4461 in
807 4406 883 4461 coelo
902 4408 1085 4476 reperiantur,
1105 4424 1175 4476 quae
1196 4409 1224 4462 in
1242 4413 1324 4461 cantu
1343 4408 1445 4465 insunt.

170 4518 175 4528 ι
283 4489 315 4543 V.
335 4487 431 4542 claves
450 4487 539 4543 scalae
556 4488 688 4551 musicae,
713 4501 762 4541 seu
779 4485 840 4540 loca
859 4486 1026 4557 systematis,
1051 4492 1078 4542 et
1096 4502 1197 4557 genera
1215 4484 1433 4556 harmoniarum,
1449 4486 1545 4543 durum

200 4574 227 4622 et
243 4568 339 4637 molle,
358 4583 375 4620 a
392 4567 473 4621 certis
490 4567 609 4621 motibus
625 4581 755 4635 expressa
773 4580 844 4623 esse.

284 4644 331 4699 vl:
350 4645 442 4699 Tenos
460 4661 509 4698 seu
528 4646 621 4699 modos
639 4645 758 4701 musicos
777 4644 900 4715 singulos
919 4643 1118 4712 quodammodo
1139 4642 1408 4713 asiugulisplanetis
1421 4642 1543 4712 exprimi.

283 4724 342 4779 VII.
365 4725 566 4791 Contrapuucta
582 4740 631 4779 seu
649 4724 803 4779 harmonias
822 4720 988 4778 universales
1008 4724 1124 4778 omnium
1145 4722 1315 4791 planetarum
1339 4737 1440 4791 easque
1458 4722 1544 4777 diser·

200 4806 256 4872 sris,
274 4800 354 4857 aliam
373 4802 477 4856 scilicet
494 4816 528 4855 ex
547 4801 611 4871 alia,
632 4805 748 4858 existere
765 4818 856 4874 posse.

284 4880 356 4936 vm.
375 4881 407 4935 lu
419 4880 536 4949 planetis
546 4895 688 4949 expressas
698 4895 758 4937 esse
767 4887 878 4937 naturas
887 4886 1004 4949 quatuor
1012 4897 1116 4952 vocum,
1130 4880 1253 4952 diremti,
1266 4880 1323 4947 alti,
1338 4882 1449 4951 tenens,
1459 4880 1543 4940 bassi.
