3940 5856
805 377 888 435 hilor
905 378 954 435 111.
976 380 1065 450 Uaput
1080 356 1127 435 Π.
1170 394 1173 404 ·
1578 384 1641 446 Ml

290 554 548 639 mucosum),
570 559 615 618 uti
635 558 843 635 praediximus,
867 568 900 619 ut
922 569 990 621 sunt
1003 562 1087 622 iuter
1100 559 1204 621 uuus
1218 561 1336 640 quidem
1358 566 1455 623 motus
1471 559 1643 623 ωοιιιιιιιιιι

291 664 456 726 corporum,
480 649 555 707 inter
576 647 713 707 mortalia
736 665 806 709 vero
828 656 924 708 motus
947 651 1073 709 maxime
1088 649 1280 710 humanarum
1304 651 1464 709 animemm
1472 646 1548 731 vm),
1572 650 1643 728 quib

292 754 326 796 ex
351 732 423 795 solis
446 732 535 795 dictis
558 734 674 811 utrique
697 738 844 814 competit,
869 743 902 795 ut
923 755 983 796 una
1006 754 1070 796 com
1094 739 1188 815 primo
1211 746 1240 797 et
1262 737 1470 816 perfectissimo
1492 745 1588 811 motu,
1612 737 1643 798 id

291 831 336 883 est
366 840 432 881 cum
462 830 546 882 motu
575 819 664 881 locali
692 822 822 902 insuper'
842 826 930 883 etiam
952 826 1076 884 rationis
1105 826 1262 903 participes
1285 821 1432 906 siut¹¹)],
1464 829 1582 887 omnino
1614 835 1643 889 et

291 912 482 988 conspicuum
510 909 566 970 hoc
590 916 635 968 est
652 918 694 969 ·et
716 911 794 970 clere
818 910 1013 986 demonstrat,
1045 920 1186 989 quantum
1211 910 1327 989 quidem
1359 914 1395 973 ab
1420 912 1536 974 homine
1560 932 1642 975 com·

291 996 432 1078 prehendi
455 1004 568 1076 potest,
593 999 688 1058 inesse
711 1000 747 1057 iis
772 997 994 1076 dispositionem
1017 1008 1046 1061 et
1069 1000 1351 1061 administrationem
1380 999 1511 1078 aliquam
1533 1019 1642 1063 secuu-

244 1088 251 1103 '
292 1085 360 1146 dum
383 1084 570 1145 harmonicas
592 1101 731 1147 sonorum
753 1088 972 1164 proportiones,
1007 1087 1179 1164 etquidem
1211 1086 1310 1148 videre
1332 1094 1378 1149 cst
1398 1106 1450 1166 per
1473 1096 1586 1164 partes,
1616 1091 1642 1151 ei

293 1173 475 1250 disputemus
499 1171 534 1232 de
558 1181 682 1248 utroque
705 1190 811 1250 genem
833 1175 1017 1251 siugulatim,
1040 1176 1126 1235 initio
1148 1176 1226 1237 fecto
1241 1176 1287 1236 'ab
1310 1174 1372 1250 illo,
1398 1176 1477 1252 quod
1498 1177 1644 1239 hanua
1760 1246 1762 1255 Ι

291 1264 405 1321 animas
427 1261 638 1338 complectitur.

376 1361 451 1415 Nota
467 1361 490 1415 1.
528 1361 593 1429 Gap.
612 1360 660 1415 IV.
677 1361 733 1428 jam
752 1360 899 1416 secandam
917 1360 1074 1430 aggreditur
1092 1361 1291 1431 quaestionem,
1310 1361 1337 1415 iu
1350 1361 1447 1432 quibus
1459 1364 1542 1421 rebus
1559 1360 1643 1418 insint

289 1440 490 1508 proportiones.
527 1439 591 1507 lpse
609 1439 730 1508 appellat
746 1460 794 1511 rsp-
810 1459 858 1493 roc
874 1441 1040 1511 ἦρμοσμηου
1058 1444 1181 1509 mauro,
1200 1454 1270 1509 quae
1282 1455 1335 1494 vox
1350 1441 1502 1508 emphatice
1518 1442 1586 1498 satis
1605 1445 1642 1500 al·

289 1516 361 1572 lmlit
376 1518 413 1574 ad
430 1518 505 1588 ipsas
522 1520 722 1588 proportiones,
740 1535 796 1575 non
814 1520 850 1575 ad
867 1518 1025 1575 facultatem
1045 1519 1151 1588 mentis,
1171 1532 1241 1587 quae
1259 1518 1292 1572 iis
1311 1526 1342 1573 ιιι
1360 1518 1468 1588 objecto
1486 1536 1517 1577 se
1533 1512 1642 1579 exercet
1699 1578 1703 1589 ,

289 1595 377 1666 iisque
400 1606 431 1652 ιιι
454 1599 604 1669 archetypo
630 1599 716 1654 utitur
743 1599 778 1655 ad
804 1598 1005 1655 efformsudum
1027 1598 1137 1669 aliquod
1162 1598 1322 1666 subjectum.
1357 1599 1551 1654 Demonstrent
1568 1600 1642 1655 hunc

291 1692 401 1731 sensum
418 1678 493 1733 rosis
510 1686 538 1734 et
557 1678 646 1747 capite
665 1678 852 1749 dicendorum,
873 1680 972 1750 quibus
991 1679 1117 1733 omnibus
1135 1677 1188 1733 hoc
1206 1678 1275 1748 agit,
1293 1684 1325 1732 ut
1342 1677 1480 1745 ostendat,
1506 1677 1640 1747 quomodo

290 1762 383 1823 partes
402 1754 487 1810 veluti
504 1758 698 1827 subjectorum,
718 1757 752 1813 de
771 1759 869 1827 quibus
888 1765 959 1829 eget,
978 1759 1007 1813 in
1024 1759 1216 1830 proportiones
1233 1759 1403 1814 harmonicas
1415 1772 1569 1827 'earumque
1580 1770 1642 1828 pro·

289 1834 363 1904 prius
382 1835 540 1892 siredones
557 1838 712 1908 desmiptse
730 1839 794 1897 aiut.

376 1915 449 1971 Nota
466 1916 500 1970 ll.
530 1917 634 1984 Juque
662 1917 782 1972 carenda
809 1922 852 1972 est
873 1916 1035 1986 ambiguitas
1063 1916 1136 1971 circs
1160 1917 1293 1971 humanas
1321 1915 1437 1983 auimas3
1465 1914 1545 1969 aliter
1572 1912 1643 1969 inest

290 1993 396 2049 animae
413 1993 530 2050 facultas
548 1995 718 2066 harmonica,
742 1994 822 2050 aliter
839 2002 937 2050 natura
955 1993 1214 2065 contemperationis
1232 1994 1415 2050 harmonicae:
1434 1993 1491 2063 illa,
1510 2001 1541 2049 ut
1558 2007 1642 2049 cansa

289 2086 381 2126 nemra
399 2078 478 2128 extra
495 2074 626 2143 ammam,
645 2081 713 2143 puta
730 2080 840 2144 cautum
859 2076 924 2145 ista,
952 2084 983 2130 ut
1001 2075 1143 2131 exornatio
1162 2073 1280 2142 animae,
1299 2080 1428 2142 unquam
1446 2072 1560 2140 uhcujus
1579 2068 1642 2125 sub·

285 2151 361 2222 jacti.
397 2152 439 2206 De
457 2152 505 2208 illo
524 2154 658 2210 hoctenem
677 2161 779 2224 amum,
799 2156 833 2210 de
850 2155 904 2209 hoc
922 2162 1019 2222 egetur
1035 2154 1064 2208 iu
1082 2152 1269 2221 sequentihus.

344 2280 349 2295 ‚
376 2233 452 2287 Nota
468 2232 519 2286 111.
556 2234 630 2287 Dicit
647 2233 875 2301 autcmssomuia
895 2248 966 2302 quae
984 2244 1014 2287 se
1032 2233 1120 2302 primo
1138 2237 1259 2299 movent,
1277 2232 1307 2286 iu
1325 2247 1354 2287 sc
1373 2230 1511 2286 continere
1528 2227 1641 2284 faculta-

289 2316 332 2365 tes
344 2310 395 2365 hes
406 2310 585 2371 harmonicas,
606 2311 704 2367 deinde
715 2313 841 2382 inprimis
851 2313 948 2382 omnis,
968 2327 1039 2380 quse
1049 2312 1162 2368 retioms
1176 2319 1240 2366 sunt
1251 2310 1406 2379 participis,
1424 2310 1479 2365 huc
1491 2306 1640 2365 referenda.

289 2392 487 2460 Argumentum
505 2389 558 2443 hoc
576 2389 663 2445 solum
682 2405 743 2445 csse
761 2390 870 2447 videtur
886 2390 920 2445 de
938 2391 1034 2459 primo,
1052 2390 1125 2458 quod
1143 2390 1298 2444 necessario
1314 2387 1547 2459 praestantissima
1563 2401 1642 2455 pree·
1745 2404 1748 2411 ¹

289 2467 465 2524 stantimimis
481 2469 650 2533 conveniant.
685 2468 885 2524 Praestantism
903 2478 993 2524 autern
1006 2468 1176 2524 harmonicen
1189 2476 1247 2522 toto
1260 2482 1342 2536 opera
1355 2466 1556 2535 dmonstrerit,
1575 2469 1604 2519 et
1614 2462 1643 2518 in

289 2547 422 2619 principio
441 2549 539 2618 eapitis
557 2550 581 2603 3.
601 2548 636 2603 ad
653 2556 771 2603 mentem
789 2549 927 2604 revocarit
944 2547 1159 2614 inculcaritqne;
1185 2545 1434 2617 praestantiorem
1452 2561 1554 2614 eorum,
1573 2560 1642 2616 qnae

289 2629 451 2699 principium
470 2637 559 2683 motas
577 2630 605 2682 in
623 2641 655 2682 se
672 2629 739 2699 ipsis
758 2629 874 2697 babent,
892 2634 958 2682 nota
976 2633 1020 2681 est
1036 2626 1111 2695 apud
1129 2640 1222 2680 ornnes
1239 2624 1431 2695 philosophos,
1455 2640 1570 2694 quorum
1590 2622 1642 2678 dis·

289 2710 445 2780 putationes
464 2707 536 2761 iuter
554 2722 584 2762 se
603 2715 743 2777 comparat
762 2707 917 2763 Macrobius
942 2708 970 2761 iu
989 2706 1128 2761 Somnium
1147 2704 1280 2774 Scipionis
1299 2702 1334 2759 sd
1351 2702 1440 2758 linem.
1476 2704 1529 2757 Est
1556 2707 1584 2756 et
1601 2717 1642 2756 ar·

290 2794 448 2857 gementum
475 2792 584 2840 amota
598 2786 670 2854 ipso.
707 2786 776 2840 liam
796 2794 886 2841 motos
905 2786 1060 2853 subiectum
1087 2792 1130 2838 eat
1148 2784 1292 2852 genuinum
1317 2782 1500 2849 harmonicas,
1528 2780 1643 2835 ethaeo

231 2926 236 2933 ,
289 2867 392 2922 habeut
409 2867 499 2935 ipsum
517 2864 598 2920 etiam
616 2864 778 2934 principium
797 2872 886 2920 motus
903 2865 931 2918 in
951 2880 982 2919 se
998 2863 1079 2935 ipsis,
1108 2864 1202 2919 cadem
1230 2871 1258 2917 et
1274 2862 1390 2917 formata
1408 2868 1473 2916 sunt
1494 2860 1563 2916 ideis
1581 2866 1644 2929 per*

288 2946 438 3001 lectionum
455 2944 541 3014 ipsius
559 2950 657 2998 motus.
695 2943 724 2998 Si
742 2943 813 2997 enim
832 2944 871 2998 sic
889 2943 974 2997 motui
993 2949 1108 3010 cognatu
1126 2949 1200 3007 snut,
1218 2953 1250 2999 nt
1265 2942 1333 2997 fiant
1350 2941 1389 2997 illl
1401 2939 1575 3010 principium:
1594 2954 1643 2994 cur

288 3041 344 3080 nou
361 3024 443 3078 etism
462 3023 502 3079 sic
518 3030 612 3087 essem
628 3023 668 3078 illi
685 3030 814 3091 cognata,
834 3028 865 3078 ιιι
883 3023 979 3079 iisdem
997 3020 1139 3091 speciebus
1158 3023 1213 3077 siut
1229 3022 1357 3091 formata,
1381 3019 1480 3090 quibus
1498 3025 1526 3073 et
1543 3024 1642 3079 motus,

289 3103 314 3157 si
332 3103 402 3157 bene
419 3101 529 3157 formati
548 3109 626 3166 suut,
643 3101 803 3157 formantur.

359 3182 412 3235 Pro
431 3180 517 3235 altero
536 3180 669 3236 rationem
687 3179 798 3235 adducit
815 3179 859 3235 his
878 3179 982 3235 verbis:
1006 3188 1124 3252 propter
1147 3188 1224 3237 ortas
1241 3183 1429 3252 mmmhoaeta
1454 3184 1480 3235 at
1495 3175 1642 3248 famelica·

289 3269 381 3321 ccccm
419 3261 447 3317 Si
465 3263 534 3317 ratio
552 3262 744 3331 proportiones
762 3260 933 3317 harmonicas
950 3261 1061 3329 invenit,
1080 3268 1189 3332 oportet
1206 3269 1234 3316 et
1251 3260 1383 3315 rationem
1402 3265 1430 3312 et
1448 3272 1517 3328 quae
1529 3253 1642 3310 radonis

289 3349 355 3398 sunt
382 3340 517 3411 compotis
542 3339 762 3410 proportionibus
784 3339 948 3394 harmonicis
975 3340 1143 3395 familiariter
1167 3349 1300 3396 constare.
1338 3341 1366 3394 Si
1389 3338 1457 3395 haec
1483 3342 1642 3407 argumenta

288 3423 377 3491 logice
396 3421 590 3495 examinemus,
609 3435 678 3490 pure
696 3419 846 3474 necessitas
866 3435 921 3473 uon
939 3427 1061 3489 apparet.
1098 3421 1193 3477 Potest
1205 3421 1275 3475 enirn
1289 3418 1409 3475 efficiens
1421 3416 1531 3487 aliquod
1549 3428 1642 3471 creare
1689 3434 1692 3451 ¹

288 3499 390 3569 aliquid
408 3511 475 3553 suae
492 3499 619 3567 propriae
637 3496 777 3552 essentiali
796 3497 981 3551 constitutioni
1000 3497 1143 3565 humile,
1173 3500 1195 3553 si
1214 3499 1309 3555 saitem
1328 3498 1470 3568 conceptui
1489 3511 1539 3551 suo
1557 3494 1642 3550 faciat

289 3579 389 3647 simile3
419 3570 599 3647 probabilitas
624 3585 715 3633 minen
742 3582 784 3631 est
806 3590 904 3643 magna
922 3585 950 3632 ct
967 3576 1033 3630 mihi
1059 3592 1167 3646 quoquc
1182 3577 1331 3647 respondet
1351 3591 1396 3632 res
1420 3577 1487 3646 ipsa.
1524 3574 1595 3629 llam
1614 3579 1642 3626 et

289 3658 354 3715 mihi
374 3658 478 3713 animus
495 3656 647 3712 formaliter
664 3657 773 3726 quidam
791 3655 875 3710 veluti
895 3656 1012 3712 circulus
1031 3662 1084 3724 est,
1108 3671 1142 3710 ex
1161 3656 1239 3725 cnjus
1258 3656 1388 3712 divisione
1406 3653 1569 3724 geometrica
1586 3653 1642 3708 exl-

290 3747 367 3796 stuut
384 3737 584 3807 proportiones,
594 3736 768 3791 harmonicae
786 3744 814 3789 et
831 3735 903 3790 idem
921 3735 1027 3790 animus
1042 3735 1195 3806 hospitium
1211 3738 1324 3805 praebet
1341 3733 1562 3806 proportionibus
1579 3734 1641 3788 har·

291 3817 412 3884 monitis,
432 3823 463 3870 ut
481 3815 588 3870 entibus
606 3816 727 3870 rationis.
764 3815 853 3882 Igitur
877 3830 927 3883 ego
946 3813 1081 3882 (fomassis
1100 3815 1188 3873 minus
1211 3823 1338 3870 accurate
1355 3815 1484 3884 loquens,
1515 3815 1593 3883 quod
1605 3813 1642 3868 ri·

291 3899 374 3953 deaut
392 3892 446 3951 aiiii
463 3894 566 3951 nullam
584 3910 702 3962 agnosco
721 3903 883 3959 creaturam,
902 3892 1064 3964 principium
1083 3902 1173 3949 motus
1190 3896 1219 3950 iu
1231 3910 1262 3950 se
1278 3896 1431 3965 habentem,
1451 3910 1520 3965 quae
1536 3892 1642 3949 radone

291 3982 390 4033 careat
409 3975 465 4030 sire
483 3974 613 4029 insunma
630 3980 662 4027 ut
678 3973 796 4043 plautae,
816 3975 873 4029 sire
890 3975 973 4029 etiam
991 3972 1173 4043 discurrente,
1198 3983 1229 4032 ut
1246 3977 1336 4031 homo.
1373 3975 1485 4031 Divinae
1502 3974 1586 4046 igitur
1602 3973 1642 4027 iu·
1741 4022 1744 4027 .

292 4054 528 4126 comprehensibili
545 4056 679 4108 essentiae
703 4053 783 4122 plane
801 4053 910 4107 insitam
929 4055 969 4119 (ut
986 4051 1029 4106 fas
1047 4052 1084 4111 sit
1101 4054 1140 4107 ita
1158 4052 1245 4125 loqui)
1263 4055 1430 4117 harmoniam
1446 4054 1508 4110 ideo
1527 4054 1642 4125 affirmo,

291 4150 346 4188 uon
365 4135 428 4202 quie
452 4133 499 4187 illa
515 4139 606 4188 motus
624 4140 731 4202 auctor,
757 4133 806 4186 sed
825 4133 888 4201 quia
910 4131 1060 4201 geometria
1083 4130 1126 4187 rili
1145 4140 1299 4188 coaeterua
1334 4135 1442 4188 hientes
1467 4150 1531 4188 vero
1549 4148 1642 4187 omues

291 4226 379 4279 usqne
397 4211 431 4265 ad
449 4211 551 4266 formae
569 4210 738 4281 plantarum,
764 4211 861 4280 quibus
881 4219 923 4266 est
940 4211 1085 4267 instimtns
1102 4220 1273 4282 concreatus,
1292 4211 1415 4268 similiter
1433 4214 1519 4279 intus,
1546 4210 1573 4265 in
1593 4224 1643 4266 sus

292 4307 346 4345 non
364 4290 450 4345 multo
468 4289 553 4359 magis
572 4290 808 4359 comprehensibili
826 4290 953 4358 essentia,
972 4291 1103 4346 formatas
1122 4307 1183 4347 ease
1201 4291 1364 4355 harmonice,
1381 4291 1443 4346 ideo
1458 4291 1560 4361 judico,
1579 4290 1643 4359 quia

292 4376 357 4425 sont
374 4368 540 4439 exemplaria
557 4369 624 4435 Dei,
647 4386 701 4424 non
718 4370 791 4437 ideo,
819 4370 884 4457 quia
902 4371 1018 4440 primum
1036 4379 1153 4426 movent.
1190 4373 1246 4427 lisa
1264 4372 1381 4442 denique
1402 4379 1529 4426 externas
1546 4382 1643 4438 corpo·

278 4458 365 4514 'resa
385 4447 407 4501 si
425 4455 572 4517 potueruut
589 4465 605 4503 a
624 4449 728 4505 ratione
746 4448 832 4503 libere
849 4448 968 4503 formari.
986 4464 1057 4518 quae
1075 4451 1183 4518 quidem
1200 4462 1256 4504 non
1268 4451 1452 4520 impediuntur
1464 4451 1495 4527 'in
1511 4465 1563 4504 usu
1581 4449 1643 4503 har·

291 4526 421 4596 monicus,
440 4526 625 4583 transfomttri
644 4545 698 4597 qna
714 4528 779 4582 licet
796 4527 824 4581 iu
841 4527 917 4583 ideas
936 4528 1115 4587 harmonicas.
1134 4528 1262 4583 credibile
1281 4544 1340 4583 esse
1359 4528 1491 4598 conced03
1515 4527 1560 4582 uhi
1578 4540 1642 4583 rero

292 4604 404 4659 lrbertes
421 4603 589 4660 formationis
606 4607 753 4676 impeditur
768 4607 873 4676 legibus
892 4614 1005 4663 naturae
1030 4613 1058 4661 et
1074 4608 1122 4663 uhi
1139 4607 1262 4661 coafnsio
1286 4614 1329 4661 est
1346 4607 1539 4676 quantitative,
1564 4607 1591 4662 in
1608 4606 1642 4662 iia

292 4683 382 4737 inesse
400 4682 509 4752 quidem
526 4683 626 4751 largior
644 4685 811 4753 harmonius,
836 4685 885 4741 sed
907 4685 1030 4754 potentis
1050 4692 1169 4754 tantum;
1193 4693 1221 4739 et
1244 4685 1268 4739 si
1285 4692 1361 4741 motu
1377 4686 1560 4742 intercedente
1580 4692 1642 4742 cod-

290 4755 414 4816 fusarum
440 4762 644 4831 proportionum
669 4767 752 4821 series
771 4765 915 4821 diducatur
935 4765 963 4819 in
982 4771 1116 4836 tempora,
1141 4764 1252 4834 agnosci
1274 4773 1303 4819 et
1320 4765 1430 4833 probari
1452 4767 1641 4837 proportiones
