3872 5846
407 423 467 482 190
934 414 977 468 Dc
993 412 1216 483 Propertiouibus

402 595 544 670 superins,
569 593 712 653 excitatur
733 592 822 651 etiam
845 599 874 651 et
896 592 1028 652 elevatur
1051 601 1165 666 cantus,
1186 595 1355 669 praesertim
1377 595 1403 651 si
1425 591 1464 652 ad
1485 602 1622 656 octavam
1643 612 1748 657 excur-

402 691 462 753 rat,
494 680 589 757 qualis
612 680 701 738 luisse
723 678 837 738 videtur
868 702 953 752 νομος
974 677 1077 757 ὄρθιος
1099 688 1246 753 veterum3
1275 682 1300 738 si
1323 679 1449 756 denique
1480 684 1556 742 circa
1578 682 1694 743 tertiam
1716 690 1748 743 et

402 778 528 841 sextam,
561 776 593 826 ut
615 766 972 826 diatessaron-redactum
1001 770 1090 826 sitin
1112 767 1255 841 medium,
1284 766 1364 843 quod
1392 771 1422 825 in
1445 772 1545 846 primo
1566 777 1595 829 et
1617 770 1746 831 secundo

402 855 578 930 frequentius
600 853 632 913 fit
654 870 743 929 qnam
765 856 795 911 in
810 855 934 931 septimo
950 862 980 913 et
995 865 1117 928 octavo,
1141 855 1255 915 medius
1270 857 1360 917 etiam
1376 858 1595 933 promovebitur
1614 858 1745 920 affectus.

403 941 510 1001 Crebro
532 950 631 1002 autem
653 943 726 1000 inter
747 958 779 1000 se
802 945 1010 1018 permiscentur
1032 942 1088 1002 hae
1111 943 1241 1002 sceleton
1263 943 1491 1017 attinulationes‚
1516 953 1548 1004 ut
1571 947 1601 1003 in
1624 944 1749 1005 diversis

403 1031 532 1107 partibus
556 1038 658 1089 cantus
679 1031 739 1087 sint
760 1027 893 1113 diversae
915 1047 967 1106 pro
991 1032 1133 1090 varietate
1156 1038 1252 1089 textum
1275 1038 1304 1090 ct
1326 1032 1443 1107 ingenio
1465 1032 1602 1105 artificis,
1636 1039 1748 1092 textum

404 1127 490 1176 cantu
513 1119 668 1195 plngentis.

487 1203 529 1263 X.
553 1202 665 1279 Quodsi
689 1219 794 1277 verum⁴
811 1210 864 1274 est,
888 1203 967 1279 quod
990 1203 1112 1278 quitiam
1133 1205 1252 1281 Imparis
1266 1206 1377 1263 numeri
1400 1204 1527 1279 tonosI,
1549 1204 1604 1279 111,
1628 1205 1664 1279 V,
1688 1205 1748 1264 VII

402 1292 511 1351 iaciunt
530 1292 660 1362 altiores,
684 1292 762 1369 paris
783 1289 822 1363 II,
846 1289 900 1364 IV,
924 1290 975 1359 VI,
999 1289 1074 1349 VIII
1099 1291 1275 1365 humiliores,
1299 1294 1387 1351 etiam
1409 1301 1543 1370 respectu
1564 1292 1671 1367 radicis
1695 1309 1747 1351 oc·

403 1388 507 1449 tavae,
531 1388 607 1439 certe
629 1377 754 1438 altitudo
777 1377 934 1454 respondet
956 1380 1125 1437 excitationi
1148 1381 1245 1452 animi,
1270 1379 1655 1456 profunditasdemlssioni:
1680 1363 1748 1439 tunh

402 1484 473 1525 saue
496 1466 665 1525 distribuere
687 1467 846 1544 poterimus
869 1475 995 1540 quatuor
1018 1466 1154 1524 classium
1177 1466 1299 1525 affectus
1322 1468 1352 1524 in
1374 1465 1483 1527 classes
1501 1475 1567 1526 octo
1591 1467 1750 1527 secundum

406 1563 491 1613 tonos
515 1553 652 1629 totidem,
683 1562 716 1611 ut
744 1552 852 1612 habeat
874 1555 1015 1629 septimus
1045 1555 1133 1626 iram,
1166 1554 1352 1627 violentiam,
1380 1554 1595 1628 tortitudinem,
1628 1563 1750 1615 octavus

406 1641 597 1715 hilaritatem,
620 1642 811 1712 alacritatem,
835 1639 1016 1718 voluptatem
1037 1653 1169 1713 acutam,
1193 1643 1294 1700 tertius
1318 1641 1448 1701 dolorem
1470 1652 1606 1714 acutum,
1631 1641 1749 1701 deside·

402 1731 490 1803 rium,
520 1738 641 1806 quartus
663 1729 776 1799 fletum,
806 1745 949 1802 amorem,
972 1731 1082 1805 primus
1104 1729 1311 1803 lestivItatem,
1342 1731 1474 1806 nuptias,
1506 1732 1745 1804 comessationes,

403 1816 548 1876 secundus
570 1816 732 1876 modestam
753 1814 940 1889 hilaritatem,
963 1815 1119 1891 colloquia,
1144 1818 1344 1896 narrationes,
1365 1819 1483 1892 quintus
1500 1833 1670 1894 panegyres,
1694 1835 1747 1876 ex-

288 1906 294 1929 s
404 1904 608 1977 clamationes,
631 1903 785 1975 fiduciam,
807 1919 902 1978 spem,
926 1912 1026 1962 serlus
1049 1901 1253 1977 devotionern,
1278 1903 1407 1963 dolorem
1430 1922 1569 1981 maguum
1589 1912 1645 1964 etc.

489 1991 526 2049 Et
544 1992 607 2067 jam
629 1999 744 2068 tempus
767 1997 824 2063 est,
855 1998 888 2048 ut
909 1989 946 2048 ad
970 1992 1147 2067 principium.
1164 1998 1327 2051 revertatur
1349 1994 1454 2052 oratio.
1498 1992 1573 2051 Num
1596 1991 1668 2050 illud
1692 1990 1748 2052 ad·

403 2079 564 2139 monendus
586 2087 631 2139 est
652 2078 744 2139 lector
765 2076 967 2163 philosophus,
992 2078 1071 2154 qnod
1086 2079 1189 2137 musici
1204 2081 1295 2139 nostri
1321 2096 1421 2138 omnes
1443 2082 1608 2156 promiscue
1624 2079 1746 2139 affectus

404 2168 433 2223 in
462 2168 595 2226 omnihus
623 2168 701 2225 tonis
727 2167 904 2240 exprimunt,
933 2164 965 2223 id
992 2168 1072 2242 ipsos
1101 2167 1144 2224 ita
1170 2174 1200 2225 et
1219 2167 1330 2238 iacere,
1363 2169 1433 2242 quia
1460 2170 1557 2226 omnis
1580 2169 1746 2243 promiscue

402 2263 505 2313 cantus
532 2253 714 2331 voluptatem
740 2255 817 2330 parit
844 2252 985 2325 auditori,
1018 2252 1198 2313 alacritatem
1227 2256 1348 2330 requIrit
1378 2256 1407 2311 in
1435 2261 1570 2327 auctore,
1604 2262 1633 2313 et
1660 2271 1747 2331 posse

401 2341 512 2414 facere,
536 2344 605 2417 quia
627 2344 819 2400 instrumenta
841 2339 951 2399 ciendis
973 2339 1124 2400 affectibus
1147 2340 1232 2416 plura
1252 2350 1335 2415 sunt,
1358 2344 1464 2417 partim
1488 2344 1570 2400 initio
1593 2344 1747 2416 recensita,

403 2419 478 2504 q'uae
499 2432 609 2505 passim
632 2447 683 2505 per
706 2445 806 2487 omnes
828 2430 991 2504 promiscue
1019 2434 1105 2488 tonos
1127 2427 1258 2487 adhiberi
1285 2437 1418 2505 possunt.
1464 2427 1495 2488 Si
1518 2438 1616 2489 tamen
1646 2431 1746 2489 omnia

321 2588 322 2591 Ἴ
402 2515 548 2592 praesidia
570 2515 733 2575 studuerint
754 2514 902 2588 adhibere,
926 2514 964 2574 ad
986 2513 1062 2574 idem
1084 2519 1228 2574 intentum
1248 2515 1397 2595 facientis,
1419 2533 1476 2576 non
1498 2516 1582 2576 laclle
1598 2516 1747 2594 negligent

401 2612 535 2663 tonorum
557 2603 687 2664 delectus
708 2601 747 2661 ad
769 2602 926 2662 allectuum
947 2602 1124 2680 hypothesin
1150 2603 1280 2663 idoneos.
1325 2602 1438 2663 Verum
1459 2606 1481 2661 ii
1498 2602 1623 2664 viderint
1645 2603 1682 2664 de
1698 2622 1744 2677 eo,

401 2689 480 2765 quod
497 2698 541 2753 est
555 2691 671 2752 illorum
686 2691 769 2768 praxi
782 2694 973 2766 permissum
995 2689 1067 2749 mihi
1081 2690 1222 2751 hactenus
1237 2690 1395 2751 theoretice
1416 2695 1595 2768 processisse
1611 2691 1747 2752 amfleot.

952 2923 1091 2995 CAPUT
1119 2922 1200 2994 Xlll.

616 3072 704 3141 Quid
722 3072 769 3128 sit
788 3077 911 3127 cantus
929 3085 988 3140 per
1005 3069 1228 3135 harmoniam,
1254 3084 1313 3125 seu
1330 3068 1522 3137 figuratus.

487 3218 550 3277 Iltsi
573 3235 632 3277 vox
653 3218 807 3277 harmonia
830 3217 979 3276 veteribus
1002 3221 1158 3291 usurpatur
1180 3231 1232 3290 pro
1256 3221 1359 3285 cantu,
1391 3231 1449 3275 nou
1472 3223 1517 3275 est
1540 3223 1637 3276 tamen
1659 3216 1748 3277 intel-

397 3305 519 3381 ligenda
541 3306 596 3364 sub
616 3305 674 3364 hoc
695 3308 814 3364 nomine
836 3302 998 3363 modulatio
1020 3319 1072 3379 per
1094 3302 1192 3379 plures
1215 3318 1315 3373 voces,
1349 3301 1518 3362 harmonice
1540 3312 1746 3363 consonantes.

401 3391 553 3452 Nevittam
575 3395 652 3452 enim
674 3395 825 3452 inventum
849 3408 913 3451 esse
936 3390 1142 3466 veteribusque
1174 3388 1261 3466 plane
1289 3391 1468 3465 incognitum
1496 3397 1654 3450 concentus
1676 3390 1746 3468 plu-

401 3482 477 3539 rium
499 3497 604 3538 vocum
626 3483 655 3538 in
678 3488 820 3558 perpetua
840 3478 1058 3539 harmoniarum
1080 3476 1294 3547 vicissitudine,
1324 3477 1353 3535 id
1376 3477 1548 3555 probatione
1570 3478 1663 3537 multa
1685 3495 1744 3537 non

403 3568 522 3643 indiget
567 3566 709 3626 Videatur
739 3567 795 3627 hac
824 3565 860 3626 de
883 3584 913 3625 re
935 3566 1108 3625 Vincentius
1131 3563 1282 3624 Galilaens
1312 3566 1342 3621 in
1365 3581 1452 3642 opere
1475 3564 1603 3625 Musices
1628 3564 1744 3626 Italico.

400 3654 484 3714 Solet
511 3654 629 3731 quidem
658 3654 746 3730 objici
776 3653 917 3731 relegatio
949 3664 1052 3713 cantus
1070 3657 1133 3729 'per
1162 3651 1342 3713 harmonIam
1364 3671 1383 3711 a
1404 3651 1556 3729 republica
1577 3650 1744 3730 Platbniea,

401 3745 486 3818 quasi
504 3742 568 3817 jam
588 3750 658 3801 tunc
680 3741 729 3802 ille
752 3742 855 3801 luisset
876 3743 906 3800 in
929 3758 999 3817 nsu3
1022 3748 1053 3800 at
1075 3739 1244 3815 intelligitur
1260 3740 1342 3799 locus
1358 3738 1394 3799 de
1415 3741 1540 3815 organis,
1564 3739 1600 3799 de
1614 3742 1744 3818 syrlnge,

402 3829 535 3906 utriculo,
558 3829 720 3902 testudine,
745 3846 810 3889 curn
833 3845 892 3887 una
915 3845 973 3887 vox
995 3836 1048 3887 aut
1068 3834 1209 3905 perpetuo
1231 3829 1345 3887 intonat
1367 3835 1418 3886 aut
1440 3828 1618 3900 intermittit,
1645 3826 1745 3887 locum

401 3918 505 3977 cedens
527 3919 772 3994 appropinquanti
796 3916 940 3977 dissonae.
986 3915 1020 3975 In
1043 3914 1095 3977 illo
1118 3933 1197 3976 more
1219 3915 1332 3974 nullum
1355 3921 1417 3974 erat
1440 3913 1518 3993 apud
1540 3922 1655 3974 veteres
1678 3933 1745 3975 ms·

397 4004 447 4080 jus
469 4004 630 4077 artificium,
655 4023 742 4081 quam
763 4005 842 4083 apud
866 4012 981 4062 nostros
1005 4002 1195 4063 utricularios.
1240 4001 1295 4062 His
1317 4001 1424 4061 ultImis
1440 4001 1546 4062 seculis
1569 4001 1643 4062 haec
1666 4005 1742 4062 ratio

402 4091 525 4153 canendi
546 4091 672 4169 figurata
698 4091 764 4152 ideo
793 4092 850 4151 dici
873 4093 985 4170 coepit,
1016 4094 1085 4168 quia
1115 4092 1201 4167 primi
1223 4101 1355 4149 auctores
1384 4090 1595 4165 diagrammata
1617 4105 1676 4147 nou
1699 4093 1745 4149 ita

399 4179 544 4256 simplicia
572 4180 714 4252 lecerunt,
745 4187 778 4239 ut
807 4186 875 4238 sunt
904 4182 933 4236 in
962 4179 1072 4237 chorali
1104 4187 1205 4251 cantu,
1236 4177 1287 4237 sed
1309 4179 1399 4236 variis
1429 4178 1474 4235 usi
1499 4184 1566 4235 sunt
1587 4175 1689 4252 figuris
1712 4185 1744 4236 et

402 4267 547 4327 coloribus
570 4276 599 4326 et
621 4269 751 4344 punctis,
776 4283 899 4343 quorum
920 4268 1069 4343 signorum
1090 4265 1190 4341 abque
1212 4265 1372 4331 silentium,
1398 4264 1499 4341 aliqua
1519 4279 1624 4323 sonum
1645 4266 1743 4343 irnpe-

401 4362 475 4434 rant,
497 4354 641 4431 quaedam
663 4355 792 4432 longum,
815 4354 874 4412 alia
896 4353 1029 4426 brevcm3
1052 4350 1152 4428 aliqua
1174 4350 1211 4410 ad
1233 4361 1328 4425 tonos,
1351 4351 1452 4428 aliqua
1474 4351 1512 4410 ad
1533 4350 1636 4421 modos
1659 4370 1745 4413 men·

400 4443 513 4501 surales
536 4442 793 4514 discriminandos,
817 4440 854 4499 ad
877 4440 979 4516 fugas,
1003 4439 1040 4498 ad
1063 4440 1301 4514 repetitioneset
1322 4437 1429 4497 simiba
1453 4437 1593 4499 adhibita

330 4596 345 4607 p
486 4530 579 4589 Nobis
603 4532 689 4605 igitur
712 4537 870 4589 concentus
892 4527 1077 4585 harmonicus
1100 4527 1142 4584 sic
1165 4525 1336 4603 definiatur,
1366 4526 1446 4601 quod
1469 4528 1528 4585 sint
1550 4525 1644 4596 duae,
1673 4533 1742 4601 tres,

400 4624 525 4694 quatuor
549 4617 593 4676 vel
616 4617 715 4693 plures
737 4633 825 4676 noces
848 4631 899 4673 scu
922 4613 1067 4673 melodiae
1090 4615 1249 4672 concinnae
1272 4621 1301 4671 et
1322 4620 1419 4690 aptae,
1444 4614 1547 4688 quales
1569 4617 1666 4690 capite
1693 4616 1742 4674 13.

401 4705 617 4780 descripsimus,
647 4721 747 4763 omnes
775 4702 906 4780 ejusdem
928 4703 1041 4778 generis
1073 4699 1261 4776 ejusdemque
1290 4708 1342 4759 aut
1363 4709 1554 4777 cognatorum
1577 4700 1742 4781 modorum,

400 4794 443 4851 sic
464 4792 550 4855 simul
573 4791 749 4863 incedentes,
772 4799 805 4850 ut
827 4788 1048 4849 concordantias
1070 4793 1121 4848 aut
1142 4804 1236 4846 meras
1258 4795 1310 4846 ant
1332 4788 1505 4848 brevissimo
1535 4793 1743 4849 concinnatum

400 4878 646 4940 dissonantismm
666 4881 852 4956 interpunctu
873 4878 1059 4939 fermentatas
1080 4876 1197 4949 iactant,
1219 4891 1278 4935 nou
1301 4892 1352 4937 eas
1366 4882 1463 4937 temen
1479 4885 1620 4952 perpetuo
1641 4887 1742 4938 tenore
