3872 5846
758 332 801 387 De
818 325 1084 397 configurationibus
1103 317 1284 378 Harmonicis.

731 520 914 574 eorumquae
939 505 1019 573 fiunt.
1056 499 1217 565 Congrnunt
1240 491 1311 547 enim
1334 490 1422 544 latera
1447 501 1496 541 seu
1513 481 1633 553 parietes
1651 476 1700 532 do·

650 613 651 617 ,
729 601 797 651 mua,
817 592 849 640 ut
866 584 902 639 ait
920 583 1029 644 domna,
1051 592 1107 633 non
1126 582 1159 629 ut
1177 574 1283 628 demum
1303 573 1330 622 et
1346 572 1480 637 perpetuo
1500 560 1608 632 quidem
1627 556 1700 611 aedi-

730 664 836 721 ficetur.
873 664 905 731 ι)
922 662 947 716 A
964 658 1126 730 cognatione
1145 649 1354 721 congruentiae,
1379 654 1410 700 ut
1428 658 1540 709 causac,
1558 656 1619 694 cum
1639 652 1702 691 con.

732 741 951 812 figurationibus.
988 738 1058 793 Sunt
1075 739 1146 793 enim
1165 751 1213 792 eac
1231 729 1332 800 anguli,
1351 734 1380 781 at
1397 719 1576 791 congruentia
1594 730 1703 787 quoque

734 821 806 875 inest
823 819 918 888 figuris
937 823 1051 888 propter
1068 818 1192 887 angulos.

822 963 975 1024 Hactenus
1003 947 1122 1025 luerunt
1152 964 1228 1019 inter
1250 972 1282 1015 se
1312 952 1466 1034 oppositae
1493 937 1703 1004 consonantiae

738 1059 768 1116 ιι
801 1051 1066 1127 configurationes3
1098 1053 1127 1108 in
1160 1043 1295 1122 aequanti
1327 1038 1379 1097 iiet
1411 1033 1558 1112 oppositio
1588 1026 1648 1086 alia
1675 1025 1703 1080 in

737 1141 811 1203 solis
834 1139 1116 1216 configurationibus
1140 1130 1359 1211 congruentiae·
1371 1131 1402 1185 ιι
1422 1119 1600 1183 scibilitatis.

439 1416 663 1496 Propositio
685 1409 739 1469 IV.
786 1404 833 1465 Ad
848 1402 1111 1480 configurationnm
1127 1396 1287 1458 efficaciam
1310 1390 1376 1470 plus
1399 1389 1497 1464 potest
1519 1373 1709 1454 congruentia

354 1512 529 1589 figurarum,
552 1520 640 1582 quam
663 1498 814 1560 scibilitas.

441 1591 577 1647 Probatur
594 1602 610 1640 a
628 1581 782 1640 conditione
801 1574 906 1631 animae
925 1570 1080 1626 sublunaris
1097 1567 1313 1632 facultatumque
1341 1558 1420 1611 eiiam
1438 1554 1573 1608 humanae
1591 1542 1705 1607 animae,

354 1688 425 1743 quae
447 1666 601 1741 percipiunt
625 1667 761 1731 aspectus.
797 1655 858 1710 Hae
881 1654 966 1723 igitur
985 1665 1078 1706 omnes
1097 1640 1161 1705 sur'nt
1178 1642 1319 1700 inferiores
1346 1622 1666 1693 facultatediscu‘rrente
1684 1628 1712 1672 et

355 1751 510 1816 intellectu,
538 1752 566 1799 et
583 1738 755 1812 cognatiorea
775 1732 902 1787 facultati
919 1731 1065 1785 sensitivae
1090 1736 1118 1783 et
1135 1723 1291 1796 praefectae
1317 1713 1444 1785 operibus
1462 1704 1619 1767 sensilibus,
1646 1696 1710 1768 quin

354 1831 436 1887 etiam
453 1814 599 1881 instinctus
616 1819 699 1885 illius,
718 1821 750 1869 ui
767 1829 826 1883 cap.
847 1813 872 1867 3.
891 1810 1018 1878 diximus,
1036 1802 1113 1864 tanto
1127 1814 1170 1861 est
1182 1800 1305 1859 obtusior
1320 1794 1451 1849 instinctu
1464 1790 1591 1851 humano,
1611 1783 1710 1850 quanto

353 1906 449 1963 rudius
475 1910 517 1958 est
540 1915 640 1971 corpus
663 1897 765 1952 Terrae
789 1907 904 1961 corpore
926 1887 1053 1944 hominis.
1089 1885 1175 1952 Atqui
1200 1880 1282 1936 etiam
1310 1867 1488 1942 congruentia
1514 1872 1556 1918 est
1573 1854 1711 1930 posterius

354 1984 457 2057 aliquid
475 1981 623 2038 scibilitatc
641 1986 669 2033 et
688 1976 766 2045 quasi
784 1977 940 2044 porrectum
958 1970 1032 2024 foras
1058 1968 1086 2021 in
1104 1962 1215 2032 aliquod
1234 1971 1316 2027 opus,
1341 1951 1415 2021 quod
1436 1945 1520 2001 babet
1541 1940 1631 1994 ideam
1648 1945 1712 2000 ope·

355 2081 416 2122 rum
434 2060 581 2119 sensilium.
619 2058 673 2111 Pur
690 2050 773 2126 igitur
790 2059 832 2108 est
850 2049 931 2114 credi,
949 2047 1096 2103 facultates
1113 2044 1163 2097 has
1183 2037 1313 2094 animales
1329 2025 1506 2099 congruentia
1519 2018 1611 2091 potius
1630 2026 1711 2081 quum

356 2141 502 2200 scibilitate
520 2138 670 2207 figurarum
690 2131 792 2187 moveri
811 2128 948 2196 efficique.

443 2214 675 2292 Oppouebantur
707 2208 873 2284 congruitas
906 2212 936 2263 ιι
969 2202 1093 2262 ιιιιιιιι
1122 2201 1151 2255 in
1183 2194 1290 2256 eodem
1309 2198 1415 2266 'genere
1438 2173 1712 2253 configurationum.

358 2306 428 2367 Janr
459 2306 643 2379 opponentur
672 2297 782 2372 figurae
811 2292 887 2350 duae
919 2293 993 2349 inter
1014 2307 1061 2363 se,
1101 2287 1226 2362 primum
1260 2294 1350 2340 eausa
1378 2271 1470 2333 solius
1497 2258 1713 2339 congruentiae,

358 2402 463 2475 pqatea
486 2406 577 2449 causa
598 2383 868 2461 configurationem.

445 2476 611 2553 Propositio
635 2471 673 2531 V.
718 2468 917 2546 congrueniia
939 2470 984 2524 est
1004 2463 1167 2545 proprietas
1190 2455 1284 2531 magis
1306 2450 1418 2527 figurae
1436 2427 1713 2504 circumferentialis,

574 2561 593 2619 Ι·
613 2604 620 2620 .

363 2571 629 2704 quamildletdlrdrliln
647 2637 891 2711 potioremlocum
910 2634 938 2697 in
956 2632 1005 2688 illa
1021 2631 1123 2701 figura,
1143 2643 1214 2698 quae
1231 2628 1323 2694 potest
1340 2617 1399 2673 fieri
1417 2620 1488 2681 tota,
1506 2607 1610 2664 ratione
1628 2601 1682 2655 loci
1701 2615 1718 2653 a

362 2748 416 2802 quo
436 2726 639 2791 denominatur,
667 2721 731 2791 quia
749 2714 927 2786 congruentia
951 2719 995 2767 est
1013 2710 1160 2779 figurarum
1182 2712 1313 2770 totarum,
1341 2705 1372 2752 ut
1396 2714 1430 2751 ox
1452 2692 1520 2747 libro
1539 2686 1575 2740 II.
1594 2685 1717 2753 apparet·

361 2810 399 2864 At
417 2807 451 2862 de
470 2803 583 2861 centrali
602 2817 656 2856 non
675 2799 737 2869 plus
756 2812 810 2851 uno
829 2792 928 2864 angulo
951 2792 980 2846 in
998 2798 1092 2846 centro
1117 2795 1189 2843 stare
1214 2787 1321 2853 potest,
1348 2793 1397 2847 per
1421 2772 1474 2828 def.
1495 2770 1520 2824 1.
1556 2767 1587 2819 lu
1607 2763 1718 2818 circum·

360 2887 477 2943 ferentia
494 2899 558 2938 vero
577 2888 670 2951 potest
688 2893 749 2932 esse
766 2881 827 2930 tota
845 2868 1115 2928 circumferentialis:
1136 2882 1201 2934 crgo
1220 2869 1272 2918 etc.

449 2958 673 3035 Propositio
697 2953 750 3011 Vl.
795 2951 843 3008 Er
862 2948 976 3007 duabus
998 2946 1114 3021 figuris,
1144 2957 1217 3018 quas
1240 2937 1297 2996 sibi
1320 2930 1452 2992 vindicat
1474 2927 1610 3001 aspectus
1634 2915 1719 2991 quis-

365 3068 440 3127 que,
464 3050 561 3124 potior
584 3053 630 3104 cst
652 3037 921 3103 circumferentialis
944 3033 1103 3095 centrali.'

843 3137 895 3191 Ειι
912 3134 984 3191 enirn
1002 3128 1179 3198 congruentia
1196 3123 1287 3194 potior
1307 3120 1335 3173 in
1355 3119 1408 3173 hoc
1424 3111 1533 3180 negotio
1557 3098 1720 3164 scibilitatis,

509 3201 558 3250 ΗΒ·
572 3197 606 3240 ³²⁴
756 3231 806 3285 per
822 3231 900 3284 prop.
919 3216 944 3269 4.
981 3214 1018 3268 At
1035 3211 1083 3264 illa
1100 3206 1190 3276 potior
1209 3210 1251 3258 est
1267 3203 1295 3256 in
1313 3199 1400 3267 figura
1412 3181 1656 3247 circumferentiali,
1673 3193 1722 3247 per

593 3318 668 3383 χχ
757 3312 835 3366 prop.
855 3297 884 3361 5,
914 3308 999 3360 quare
1017 3291 1045 3344 in
1063 3301 1118 3355 quo
1135 3282 1164 3337 id
1181 3281 1254 3351 quod
1274 3276 1427 3348 praepollet
1443 3271 1507 3341 plus
1522 3268 1611 3331 inest,
1636 3260 1665 3327 id
1681 3259 1722 3326 ip·

480 3311 612 3477 s
634 3372 711 3467 Q
759 3390 818 3430 aum
831 3373 912 3428 etiam
924 3368 1094 3441 praepollere
1108 3365 1180 3429 iacit,
1203 3353 1473 3415 circumferentialem
1485 3343 1722 3411 scilicetfiguram.

692 3468 693 3471 ’
845 3451 920 3507 Idem
940 3449 1020 3504 etiam
1039 3446 1080 3501 sic
1097 3442 1230 3512 probatur
1252 3456 1286 3494 ex
1304 3434 1406 3490 intimis
1424 3430 1530 3485 animae
1547 3415 1721 3492 proprietati-

760 3534 820 3599 bus,
839 3548 897 3601 cap.
916 3531 940 3585 3.
960 3527 1049 3583 tactis.
1087 3524 1154 3578 Cum
1176 3512 1418 3573 coinanimari,
1442 3521 1511 3576 quae
1534 3494 1725 3567 configuratio·

760 3627 824 3665 num
841 3607 988 3663 harmoniis
1011 3620 1089 3660 suam
1112 3597 1239 3656 conciliat
1262 3612 1318 3651 esse
1342 3587 1468 3654 formale,
1496 3588 1571 3638 certe
1599 3592 1652 3645 quo
1671 3572 1723 3626 dis·

762 3691 871 3746 crimine
890 3688 980 3743 anima
997 3686 1038 3740 rel
1058 3679 1175 3739 circulus
1193 3682 1235 3729 est
1252 3673 1294 3727 rel
1312 3677 1458 3740 punctum,
1482 3672 1605 3719 centrum
1623 3649 1725 3716 circuli,

762 3770 856 3827 eodem
876 3765 1028 3822 discrimine
1047 3761 1129 3818 etium
1145 3753 1292 3811 familiares
1316 3748 1355 3803 illi
1374 3751 1455 3801 erunt
1472 3743 1589 3812 figurae,
1614 3733 1725 3789 cucum-

677 3854 684 3865 '
762 3846 910 3904 ferentiulis
929 3852 957 3899 et
974 3841 1110 3898 centralis.
1146 3832 1208 3890 Etsi
1225 3846 1289 3885 vero
1315 3827 1402 3882 omnis
1420 3823 1509 3877 anima
1529 3814 1623 3888 circuli
1641 3823 1726 3881 quan·

765 3926 825 4007 dam
843 3925 932 3981 ideam
950 3921 1028 3992 gerit,
1046 3913 1178 3974 abstracti
1194 3909 1302 3981 quidem
1321 3906 1399 3981 illius
1412 3919 1467 3958 non
1485 3904 1590 3954 tantum
1608 3909 1625 3947 a
1643 3895 1726 3943 mate·

764 4005 814 4073 ria,
834 4002 882 4058 sed
900 4001 982 4055 etiam
999 4012 1017 4052 a
1033 3995 1219 4067 magnitudine
1237 3984 1443 4061 quodammodo,
1462 3988 1493 4036 nt
1512 3977 1614 4032 dictum
1631 3985 1691 4038 cap.
1703 3969 1729 4033 3,

769 4099 858 4151 eoque
876 4079 993 4136 circulus
1012 4083 1040 4130 et
1057 4082 1180 4130 centrum
1197 4072 1243 4126 hic
1253 4070 1310 4124 fere
1322 4062 1479 4120 coincidunt
1495 4060 1608 4127 ipsaque
1625 4049 1668 4103 vel
1679 4047 1730 4102 cir·

770 4162 848 4218 culus
866 4154 1039 4230 potentialis,
1065 4151 1109 4206 vel
1126 4157 1255 4221 punctum
1277 4144 1365 4216 plagis
1383 4139 1540 4195 distinctum
1564 4141 1591 4188 et
1609 4130 1648 4185 sic
1665 4142 1731 4197 qno.-

771 4236 912 4295 dammodo
944 4233 1133 4303 qualitativam
1164 4230 1216 4285 dici
1247 4234 1351 4295 poteat3
1384 4227 1474 4274 tamen
1507 4213 1650 4269 discrimen
1678 4209 1732 4261 hoc

770 4317 876 4373 ridetur
902 4312 1112 4377 observandum,
1140 4308 1214 4378 quod
1238 4305 1306 4360 aliae
1333 4298 1478 4355 facultates
1505 4294 1610 4349 animae
1640 4285 1732 4357 potius

770 4401 801 4449 ut
826 4389 943 4447 ιιιιιιιι
967 4387 1181 4448 considerandae
1209 4391 1287 4447 sunt,
1316 4379 1385 4434 aliae
1415 4375 1508 4445 potius
1538 4379 1570 4426 ut
1593 4374 1731 4441 punctum.

673 4503 681 4524 κ
770 4469 1002 4540 Quemadmodum
1030 4469 1101 4522 eninr
1131 4464 1248 4521 circulus
1277 4459 1335 4514 siue
1364 4461 1458 4510 centro
1488 4450 1600 4521 cogitari
1629 4446 1733 4512 nequit,

770 4568 848 4607 omne
874 4547 992 4601 vicissim
1015 4554 1146 4615 punctum
1174 4544 1245 4597 circa
1269 4554 1299 4593 se
1328 4536 1412 4593 habet
1431 4534 1567 4603 regionem
1591 4525 1734 4585 scribendo

770 4628 885 4697 circulo,
917 4628 956 4681 sic
982 4625 1010 4680 in
1033 4624 1122 4679 anima
1139 4635 1247 4691 quoque
1280 4616 1401 4687 operatio
1429 4613 1505 4669 nulla
1528 4618 1570 4666 est
1598 4609 1657 4663 sine
1686 4606 1734 4659 im·

769 4705 909 4778 pressione
938 4703 1123 4772 imaginativa,
1152 4699 1238 4755 omnis
1264 4695 1382 4752 vicissim
1410 4695 1516 4750 interna
1543 4690 1663 4758 receptio
1692 4686 1736 4740 vel

769 4787 909 4845 meditatio
927 4792 970 4840 est
986 4792 1099 4854 propter
1116 4787 1219 4837 motum
1234 4784 1384 4846 externum,
1404 4775 1491 4831 omnis
1502 4774 1606 4827 animae
1618 4772 1736 4827 facultas
