3792 5860
331 417 395 480 100
863 410 906 468 De
922 409 1148 482 Peapordonitss

250 632 252 635 .
329 587 369 645 aio
385 587 468 644 οιιιιι
487 588 801 647 commentarienses
824 602 879 647 non
897 594 939 642 est
965 592 1056 645 tamea
1073 586 1218 655 ιιιιίιοιιιιι,
1244 594 1273 643 et
1289 602 1386 642 vocam
1402 586 1467 643 liast
1487 586 1605 644 ffiandoe
1622 605 1687 645 eon·

331 668 485 727 sonantium
503 669 591 727 altera
609 676 699 729 nmen
716 670 804 725 minor
822 675 871 736 est,
891 668 979 723 altera
995 668 1097 736 maior3
1124 666 1172 721 illa
1188 667 1293 723 sciliaet
1309 673 1405 735 acuta,
1431 666 1499 723 haec
1515 670 1619 737 mavis,
1645 670 1687 727 illi

332 761 367 803 ex
385 748 512 817 opposito
531 749 616 806 veluti
635 748 817 821 respondens:
835 747 908 805 uude
925 746 1106 803 consonantia
1121 745 1188 799 haec
1206 761 1240 799 ex
1259 746 1385 815 opposito
1402 744 1522 800 identice
1538 746 1643 803 dicitur.

424 825 517 881 Habes
535 825 617 894 igitur
642 843 752 882 causam
776 827 921 894 genuinam
944 840 978 879 ex
997 824 1129 879 diametro
1150 824 1257 893 circuli,
1281 842 1330 880 cur
1353 841 1436 879 sonas
1461 823 1579 881 chordae
1601 826 1686 883 totius

331 922 391 958 cum
411 921 478 961 sono
496 905 614 961 chordae
632 905 773 973 dimidiae,
797 905 918 975 quamvis
937 904 1055 959 interae
1074 903 1173 959 diversi
1191 905 1257 973 sint,
1284 904 1319 959 ab
1338 904 1431 959 auditu
1451 910 1540 957 tamen
1559 914 1686 974 respectu

331 984 582 1041 concordantiomm
605 991 755 1039 ceterarum
779 980 978 1053 quodammodo
1002 998 1052 1052 pro
1076 983 1172 1037 eodem
1196 982 1335 1039 habeatur.
1370 982 1485 1038 Frustra
1507 982 1551 1037 alii
1576 1000 1686 1040 oausam

328 1058 411 1130 irrajm
432 1062 661 1118 identisonantiae
686 1070 783 1132 petunt
805 1078 839 1117 ex
864 1078 977 1118 numero
1001 1074 1096 1115 vocum
1115 1067 1191 1129 octo,
1219 1076 1280 1115 cum
1303 1061 1514 1117 identisonantia
1536 1064 1572 1117 sit
1589 1072 1687 1119 natura

330 1141 404 1209 prior
423 1142 554 1197 divisione
573 1141 708 1197 intervalli
725 1140 856 1211 hruusTin
875 1142 1008 1196 concinna
1026 1148 1144 1210 septem,
1162 1140 1261 1211 quibus
1278 1141 1338 1195 soni
1357 1148 1419 1196 octo
1438 1140 1624 1213 designantur.

416 1220 539 1275 Nondum
558 1228 650 1276 autem
666 1229 775 1291 tempus
793 1230 848 1291 est,
873 1222 937 1276 hnic
955 1224 1150 1276 consonantiae
1170 1235 1268 1275 nomen
1287 1221 1383 1289 dandi,
1409 1222 1449 1275 uti
1466 1234 1554 1290 neque
1572 1223 1684 1279 ceteris:

328 1295 505 1355 mudum
523 1301 594 1355 anim
612 1301 666 1356 hoe
684 1308 726 1355 est
743 1301 772 1354 in
789 1308 873 1370 eaput
890 1303 915 1354 i.
952 1300 1026 1355 Nota
1042 1307 1134 1354 temen
1161 1308 1189 1353 et
1205 1302 1273 1364 hoc,
1300 1301 1374 1369 quod
1396 1301 1514 1356 identice
1535 1307 1687 1357 consonent

328 1377 410 1433 eliam
428 1380 499 1435 aliae
517 1388 622 1448 partes,
647 1397 718 1452 qaae
736 1395 790 1435 non
809 1379 1014 1433 constituuntur
1031 1395 1082 1448 per
1099 1379 1278 1447 diametrum
1301 1380 1350 1436 sed
1366 1396 1423 1434 non
1439 1379 1467 1435 iu
1485 1380 1572 1450 primo
1590 1382 1685 1449 trade,

328 1473 378 1513 nec
396 1466 429 1515 ut
445 1476 495 1529 per
512 1460 623 1530 figurae,
642 1461 690 1516 sod
708 1467 740 1515 ut
756 1475 807 1528 per
823 1458 1059 1528 propagationem,
1076 1459 1111 1515 de
1129 1474 1185 1528 qua
1200 1467 1349 1527 aequantes
1366 1466 1430 1515 sant
1446 1460 1656 1529 propositiones.

414 1570 648 1649 Propositio
671 1571 711 1630 ΙΙ.
756 1571 787 1632 Si
811 1573 934 1632 duarum
957 1572 1058 1630 circuli
1080 1572 1207 1647 partium
1230 1573 1325 1629 minor
1347 1568 1385 1628 ad
1400 1570 1540 1645 maJorem
1564 1573 1607 1630 sic
1628 1571 1685 1630 ha·

331 1656 441 1733 buerit,
470 1667 504 1718 ut
526 1661 620 1738 major
647 1677 679 1720 se
701 1658 792 1721 habet
814 1660 852 1721 ad
874 1666 970 1719 totum
1001 1658 1159 1740 circulum,
1189 1660 1375 1736 proportione
1398 1656 1458 1717 alia
1484 1674 1571 1734 quam
1596 1657 1686 1735 dupla

330 1747 484 1822 continue,
516 1756 587 1807 tunc
608 1749 720 1825 majore
743 1755 922 1839 consonante
946 1763 1012 1807 cum
1034 1745 1142 1808 circuio
1166 1753 1246 1821 toto,
1278 1746 1371 1803 minor
1396 1762 1464 1822 pars
1495 1764 1515 1805 a
1536 1753 1599 1809 toto
1622 1746 1685 1806 dis·

330 1835 456 1893 sonabit.

415 1916 483 1970 Nam
502 1921 566 1985 post
583 1916 694 1989 duplam
713 1925 754 1973 est
772 1917 865 1991 tripla,
893 1915 976 1988 tripla
993 1932 1057 1971 vero
1084 1916 1214 1972 continua
1236 1914 1378 1971 constituit
1393 1912 1455 1969 ioco
1473 1916 1556 1971 tertio
1578 1927 1684 1986 partem

328 1996 411 2051 totius
430 1996 524 2053 circuli
541 2013 648 2066 nonam,
668 1997 809 2067 quintupis
827 1997 980 2053 vicesimam
999 1997 1129 2066 quintam,
1149 1993 1276 2064 sextupia
1293 1992 1415 2063 implicat
1432 2010 1544 2065 nouam,
1568 1996 1684 2067 decupla

327 2072 480 2131 uicesimum
499 2077 628 2147 quintam,
646 2079 711 2147 quia
727 2078 744 2132 0
763 2077 852 2131 series
871 2083 935 2132 sunt
952 2077 995 2144 36,
1014 2074 1087 2143 quod
1107 2081 1149 2129 est
1166 2081 1263 2143 quater
1280 2089 1389 2140 norem,
1412 2078 1440 2126 et
1460 2074 1493 2130 10
1510 2073 1601 2131 decies
1620 2085 1684 2133 sunt

329 2158 387 2222 100,
405 2155 477 2229 quod
496 2166 538 2217 ast
554 2166 654 2229 quater
671 2158 713 2216 25.
749 2158 788 2214 Et
806 2159 845 2213 sic
863 2158 942 2213 etiam
961 2156 996 2213 de
1013 2155 1119 2213 ceteris.
1156 2155 1241 2224 Atqui
1258 2169 1332 2209 nona
1346 2157 1377 2207 et
1394 2150 1450 2210 25²·
1468 2162 1496 2210 et
1515 2153 1616 2211 similes
1630 2156 1683 2213 dia·

329 2244 430 2295 sonant
447 2254 464 2293 a
481 2242 552 2315 toto,
571 2255 622 2309 per
638 2238 747 2295 axioma
765 2239 789 2292 3.
824 2237 894 2292 Vide
911 2236 980 2293 libro
999 2237 1086 2306 primo
1104 2253 1183 2307 prop.
1202 2236 1245 2290 47.

414 2330 633 2406 Propositio
656 2331 711 2389 lli.
756 2329 891 2390 chordae
914 2332 943 2388 io
965 2332 1154 2407 proportione
1176 2331 1313 2389 continue
1336 2326 1427 2405 duple
1452 2342 1615 2391 consonant
1637 2334 1684 2390 in-

328 2426 373 2476 ter
392 2428 426 2478 ee
449 2430 550 2477 oannes
574 2417 715 2492 identice,
738 2418 928 2479 distantiorea
949 2426 1048 2476 tamen
1070 2416 1164 2493 gradu
1186 2417 1345 2477 remotiori.

416 2501 528 2556 Habeat
549 2500 622 2555 anim
647 2501 718 2557 inter
742 2517 773 2557 se
789 2508 884 2555 mutuo
908 2507 965 2554 tres
987 2498 1128 2569 proximae
1154 2506 1186 2554 nt
1207 2506 1287 2554 totus
1310 2496 1429 2555 circulus
1450 2508 1481 2554 et
1497 2501 1638 2558 dimidiatas
1657 2512 1686 2560 et

329 2587 426 2650 quarta
443 2596 507 2651 para
525 2598 557 2653 aa
574 2580 677 2634 habent
693 2572 765 2635 inter
782 2596 812 2635 ss
828 2586 933 2635 mutuo.
964 2579 1000 2634 at
1018 2594 1079 2633 cum
1097 2584 1156 2633 toto
1169 2577 1270 2633 sircqu
1288 2584 1344 2631 tarn
1356 2575 1475 2645 dimidia,
1492 2594 1574 2647 quam
1586 2588 1685 2649 quarta

329 2674 393 2729 pars
411 2667 568 2726 consonant,
587 2676 638 2728 per
655 2676 699 2715 ax.
720 2664 743 2715 1.
780 2660 847 2715 Cum
868 2659 977 2731 dimidio
996 2672 1059 2713 vero
1078 2664 1212 2715 consonat
1229 2664 1257 2711 et
1275 2662 1387 2725 quarta,
1405 2672 1455 2725 per
1473 2674 1515 2715 ax.
1537 2662 1560 2715 5.
1594 2662 1685 2728 Quare

329 2754 422 2793 omnes
439 2746 496 2794 tres
514 2740 655 2809 proximae
672 2741 743 2794 inter
761 2755 792 2794 se
809 2745 968 2795 consonent.
1006 2737 1126 2792 Identica
1151 2751 1215 2790 raro
1233 2743 1277 2792 est
1295 2736 1474 2791 consonantia
1498 2739 1578 2793 etiam
1597 2740 1685 2808 partis

329 2825 444 2885 quartae
461 2832 522 2872 curu
540 2823 599 2873 tato
615 2817 728 2885 monio,
747 2819 812 2886 quia
829 2823 904 2872 totus
922 2823 950 2873 et
968 2809 1106 2873 dimidium
1120 2816 1182 2883 ejus
1194 2821 1344 2870 consonant
1360 2814 1488 2885 ideudee,
1505 2832 1555 2884 per
1566 2834 1644 2888 prop.
1661 2822 1683 2875 t.

328 2895 373 2951 Sic
390 2898 472 2952 etiam
489 2913 554 2967 pars
572 2904 670 2967 quarta
689 2913 750 2952 cnm
768 2896 879 2952 dimidia
895 2913 946 2966 per
964 2894 1093 2964 eandem,
1117 2910 1202 2965 quare
1224 2910 1275 2965 per
1291 2910 1334 2947 ax.
1352 2894 1377 2949 7.
1400 2893 1602 2962 etiam-quarta
1620 2912 1684 2965 para

330 2992 391 3032 cum
408 2981 467 3031 uto
486 2976 589 3033 circulo
605 2971 723 3031 identice
741 2981 886 3039 consonat,
910 2980 939 3030 et
955 2990 1006 3044 per
1023 2990 1066 3029 ar.
1087 2976 1112 3029 d.
1138 2971 1279 3042 quodlibet
1297 2971 1479 3041 quadruplum
1498 2991 1558 3028 curn
1577 2975 1684 3044 simplo,

412 3057 474 3111 Jana
493 3072 558 3111 rero
576 3072 647 3125 quae
660 3055 730 3111 ratio
749 3063 792 3110 est
808 3056 920 3124 primae,
939 3054 1076 3109 secandae
1094 3062 1123 3108 et
1139 3053 1236 3108 tertiae
1248 3052 1500 3122 proportionalium,
1519 3053 1685 3111 redemerit

328 3142 355 3189 et
372 3134 518 3203 secundae,
536 3135 681 3190 tertiaeet
698 3141 827 3201 quartuor
846 3130 874 3189 et'
891 3135 932 3188 sic
950 3132 1078 3187 continue
1096 3132 1179 3187 trium
1196 3131 1268 3186 inter
1284 3144 1315 3184 ae
1333 3129 1468 3186 identice,

412 3214 487 3270 aaa
503 3215 588 3285 igitur
611 3214 640 3268 in
656 3213 760 3269 talibus
783 3212 930 3267 discrimen·
952 3212 1148 3275 consonantiae
1170 3211 1198 3265 in
1221 3222 1334 3279 genere,
1360 3216 1390 3263 et
1406 3207 1633 3269 identiaoaaatiac
1655 3212 1685 3267 in

330 3293 430 3362 specie.
467 3294 623 3350 ausonam
640 3301 732 3362 partes
752 3302 856 3361 quarta,
875 3301 980 3356 actara
999 3291 1136 3348 sedecima
1146 3299 1183 3359 xst
1199 3290 1302 3345 similas
1319 3289 1400 3343 etiarn
1412 3296 1525 3358 propter
1537 3289 1645 3347 axioma
1660 3295 1685 3348 l.

327 3379 355 3428 et
373 3371 477 3438 figuras
494 3377 680 3437 tetrauonum,
699 3378 862 3441 octogonum
881 3377 950 3441 etc.;
969 3370 1087 3426 identice
1110 3384 1175 3424 aero
1193 3374 1358 3433 consonant,
1377 3374 1491 3435 propter
1511 3367 1686 3427 accedentem

325 3449 549 3519 propagationem
567 3451 648 3520 hujus
667 3456 759 3505 sectae
777 3449 925 3520 figurarum
944 3465 979 3505 ax
996 3449 1147 3505 bisectione
1165 3446 1267 3502 circuli.
1303 3445 1373 3500 Nam
1391 3444 1415 3498 si
1433 3447 1538 3514 absquo
1552 3445 1604 3501 hac
1621 3464 1686 3516 pro·

326 3532 472 3599 pagatiano
483 3532 589 3600 iuisaet,
608 3547 664 3586 non
681 3529 798 3585 inissem
815 3530 950 3586 identirae
968 3544 1062 3584 earum
1075 3528 1278 3584 consonantiae.
1310 3526 1377 3579 cum
1389 3523 1460 3578 eninr
1473 3523 1579 3594 figurae
1590 3541 1686 3583 omnes

326 3605 428 3666 iaeiaau
449 3609 492 3663 vel
510 3609 608 3664 multas
633 3616 726 3679 partes
747 3608 852 3675 circuli,
880 3608 903 3663 si
922 3608 1061 3676 aequales,
1079 3607 1123 3660 vel
1142 3604 1315 3673 inaequales,
1334 3604 1358 3657 si
1379 3610 1486 3658 tantum
1504 3602 1598 3671 binas',
1626 3622 1687 3663 com

327 3704 417 3745 aream
437 3687 681 3758 comprehendant,
706 3702 757 3743 nec
775 3688 870 3743 moult
889 3702 982 3743 arsam
1000 3688 1027 3740 in
1047 3686 1173 3754 aequalia
1191 3684 1324 3752 dividant,
1347 3698 1399 3738 nee
1417 3696 1509 3737 suurn
1530 3681 1618 3737 latera
1635 3701 1687 3754 per

327 3775 449 3826 canuam
469 3768 610 3828 ducantur,
630 3783 681 3823 nec
692 3768 719 3820 in
733 3782 763 3822 se
774 3769 835 3836 ipss
844 3766 976 3836 recidant,
994 3779 1045 3818 nec
1064 3770 1218 3832 aequentur
1230 3763 1375 3817 diametro.
1394 3762 1589 3816 consonantiae
1602 3764 1686 3821 etiam

326 3847 474 3915 sangaris
492 3846 678 3913 tetmponicac
696 3855 789 3901 sectae
813 3855 891 3900 ortae
918 3844 1078 3899 dilatassent
1103 3857 1132 3897 ae
1151 3838 1349 3910 quodammodo
1372 3840 1400 3892 in
1419 3838 1513 3895 auditu
1536 3848 1564 3894 et
1584 3840 1685 3898 disten·

329 3928 435 3981 dissent
450 3926 567 3980 animum
585 3925 716 3978 annotate
735 3934 763 3978 et
780 3924 937 3979 diversitate
949 3938 1045 3978 vocum
1058 3922 1216 3989 manifesta,
1235 3928 1267 3974 ut
1277 3919 1382 3974 iaciunt
1394 3921 1596 3989 consonantiae,
1615 3938 1687 3990 qnae

327 4011 391 4063 sust
409 4020 426 4057 a
443 4003 538 4072 liguria
556 4003 663 4071 ceteris,
682 4015 793 4057 numere
812 4016 867 4055 non
884 4003 989 4071 pariter
1007 4001 1067 4070 pari
1086 4001 1202 4055 laterum
1221 3997 1424 4066 constantinum
1442 4012 1587 4070 perprop.
1606 4005 1630 4056 1.
1732 4018 1740 4033 ³

289 4088 295 4093 '
413 4084 476 4139 lion
494 4082 581 4136 omnis
598 4089 689 4137 tamen
713 4082 755 4137 vis
773 4080 882 4135 ademta
905 4086 949 4135 est
974 4080 1039 4135 huie
1061 4079 1210 4147 figurarum
1234 4085 1325 4132 sectae
1347 4075 1470 4130 variandi
1493 4082 1687 4138 consonantias

331 4170 360 4218 et
378 4160 539 4217 deflectendi
558 4159 620 4215 iliae
638 4161 793 4230 speritate
810 4158 1040 4215 identisonantiae
1058 4159 1144 4229 (sicut
1168 4158 1247 4228 ipsae
1270 4174 1287 4212 a
1305 4153 1478 4224 simplicitate
1501 4155 1626 4212 diametri
1643 4175 1686 4214 re·

328 4241 490 4305 cesserunt).
527 4239 646 4294 Primum
664 4239 743 4306 enim,
763 4239 814 4294 etsi
832 4239 918 4308 partia
937 4237 1030 4294 circuli
1054 4237 1177 4307 afignra
1199 4237 1332 4292 rescissae
1356 4234 1535 4290 consonantia
1552 4241 1685 4295 converti·

327 4330 373 4378 tur
390 4321 418 4374 lu
435 4333 538 4373 meram
556 4317 795 4374 identisonantiam
814 4319 936 4386 (propter
953 4317 1053 4371 dictam
1070 4316 1295 4387 propagationem
1313 4313 1430 4385 partium
1450 4313 1542 4368 circuli
1564 4319 1687 4385 aprima

328 4398 446 4454 omniurn
466 4396 639 4466 biaectione),
657 4404 749 4452 tamen
767 4398 868 4469 gradus
886 4397 1116 4452 identisonantiae
1133 4395 1204 4449 liunt
1222 4396 1396 4459 remotiores,
1423 4407 1531 4464 semper
1547 4397 1618 4450 euim
1637 4405 1686 4459 mi·

328 4495 380 4533 nor
397 4493 458 4532 cum
476 4476 602 4547 proxima
620 4492 649 4530 aa
667 4475 771 4545 majore
788 4493 943 4533 consonans
961 4491 996 4529 ex
1015 4475 1141 4543 opposito
1166 4475 1283 4529 identice
1306 4475 1338 4528 fit
1355 4479 1472 4544 acutior,
1497 4474 1686 4544 multiplicatis

330 4556 531 4628 oppositionum
551 4553 668 4623 vicibus,
693 4555 786 4625 itaque
804 4559 912 4624 semper
935 4562 1070 4625 augentur
1094 4571 1189 4609 vocum
1211 4554 1361 4610 intervalia.
1398 4557 1536 4623 Secundo,
1560 4555 1589 4611 iu
1606 4561 1686 4625 parte

328 4637 435 4707 quiden
461 4641 555 4690 manat
578 4633 791 4690 identisonantia
813 4636 855 4701 (ut
876 4635 905 4689 in
928 4636 1050 4689 sectione
1072 4649 1122 4701 psr
1145 4632 1330 4699 diametrum),
1349 4641 1378 4689 at
1401 4634 1428 4689 in
1449 4634 1560 4690 residuo
1582 4649 1685 4703 nequa·

328 4730 424 4785 quanm
443 4712 476 4769 aa
497 4712 568 4767 enirn
590 4712 731 4768 residuum
748 4713 800 4767 hoc
818 4726 927 4780 semper
947 4712 975 4767 in
993 4712 1088 4783 tiguris
1106 4712 1301 4780 posterioribus
1320 4727 1350 4769 se
1369 4714 1429 4783 ipso
1449 4713 1580 4776 aucuns
1599 4726 1683 4780 quan·

327 4801 386 4850 tura
403 4792 439 4847 ati
456 4798 584 4847 nauum
600 4791 792 4847 maleam.
829 4789 883 4846 Sed
902 4790 936 4847 ds
954 4791 1070 4846 residuis
1088 4790 1189 4846 talibus
1209 4798 1362 4859 sequuntur
1381 4792 1584 4863 propositiones
1599 4804 1682 4861 pean·

326 4872 417 4933 lieres
451 4871 490 4928 Et
506 4869 633 4937 naiasin,
651 4884 707 4926 non
723 4868 972 4941 aelatatrapouica
987 4867 1308 4939 animatorum-tt
1324 4870 1525 4939 monaedes.
1543 4868 1684 4927 matun
