3840 5854
354 430 397 491 ss
737 423 879 496 Epistulae
897 422 1009 494 Keplerl
1025 422 1192 495 alarumque
1208 428 1319 481 mutuas

354 611 384 666 te
398 603 463 666 boc
484 621 588 682 agere,
618 609 653 665 ut
674 602 812 665 edltlmis
842 618 897 665 sea
918 604 994 666 hene
1016 601 1178 667 edorum
1198 601 1316 666 laudem
1343 619 1397 665 sen
1418 604 1495 667 male
1527 601 1644 681 culpam
1667 621 1703 665 ex

353 695 489 770 partein
511 710 558 754 ms
580 693 726 769 recipiam.
772 690 839 767 Quo
861 692 1023 770 supposito,
1043 692 1106 769 Jam
1129 691 1202 753 illud
1224 708 1341 770 quoqne
1363 694 1503 768 sequitur,
1530 693 1557 751 si
1576 694 1704 752 mamma

354 780 493 841 librorum
514 781 658 841 sarcinam
679 781 794 855 misero,
818 797 865 840 me
886 779 1010 841 sonasse
1033 781 1114 841 breul
1138 780 1218 841 illam
1244 786 1436 858 recepturum.
1480 779 1612 840 Petieras
1633 778 1703 840 lite-

353 870 394 929 ris
415 869 561 945 prioribus
582 883 679 929 meum
702 867 739 928 de
761 870 895 928 versione
913 867 1067 943 iudicium.
1112 867 1210 944 Hujus
1232 867 1374 944 postulati
1389 867 1430 927 M.
1447 867 1542 928 Tuam
1564 884 1601 928 ex
1619 874 1702 944 parte

354 963 518 1034 compotem
539 955 635 1015 facere
657 956 754 1015 visum
776 962 823 1015 est
844 955 958 1015 duabus
980 956 1081 1033 primis
1103 957 1220 1034 paginis
1242 956 1428 1028 transmissis,
1451 956 1481 1015 in
1504 954 1611 1031 quibus
1626 954 1702 1013 Por-

353 1044 449 1121 phyrli
471 1059 575 1104 sensus
598 1039 713 1102 ridetur
734 1045 808 1104 meis
830 1042 1083 1103 emendationibus
1105 1036 1180 1103 ben'e
1203 1049 1233 1104 et
1255 1042 1332 1104 clare
1354 1059 1525 1119 expressus3
1547 1045 1701 1117 antiquam

354 1148 424 1192 vero
447 1131 620 1203 versionem,
645 1147 733 1208 quam
755 1133 965 1204 transmiseras,
989 1130 1077 1191 facile
1100 1147 1135 1191 ex
1156 1129 1248 1190 literis
1267 1146 1419 1206 agnosces.
1464 1129 1620 1191 Jndicabis
1643 1132 1701 1207 igi-

353 1226 407 1291 tnr,
430 1236 500 1279 num
522 1219 686 1291 existimes,
708 1220 888 1279 necessarias
910 1218 971 1279 iore
993 1216 1163 1295 huiusmodi
1184 1217 1401 1280 emendationes
1425 1234 1477 1295 per
1498 1224 1591 1278 totum
1615 1233 1700 1295 opus.

353 1304 483 1367 Graecas
503 1307 629 1383 paginas
649 1306 722 1365 mihl
743 1305 960 1382 quodammodo
982 1306 1086 1382 religio
1107 1305 1162 1366 init
1183 1322 1347 1381 excerpere,
1370 1322 1446 1382 quas
1464 1307 1641 1382 pertinerent
1660 1304 1701 1365 sd

352 1392 539 1454 collationem
561 1396 737 1455 versionum.
776 1392 884 1453 hddldl
905 1399 991 1453 notas
1013 1409 1101 1453 unam
1124 1399 1214 1470 atque
1237 1392 1367 1467 alteram,
1391 1410 1427 1453 ex
1450 1392 1558 1468 quibus
1580 1392 1637 1453 hoc
1656 1393 1699 1453 ‘Pe

351 1481 421 1542 nolo
444 1481 597 1557 colligere,
620 1481 687 1541 illas
709 1483 823 1541 initium
846 1480 993 1558 quoddam
1016 1497 1081 1542 esse
1103 1479 1460 1542 commentatiuncularum
1489 1481 1527 1541 ad
1551 1497 1699 1542 commen·

353 1571 430 1631 teria
444 1568 600 1646 Porphyrii
622 1586 716 1645 aeque
739 1577 827 1647 atque
848 1568 1020 1643 Ptolemaei,
1044 1585 1166 1645 quarum
1188 1585 1310 1645 scopum
1332 1568 1411 1629 hunc
1433 1584 1496 1629 esse
1518 1585 1572 1646 par
1593 1575 1647 1638 est,
1666 1575 1700 1627 nt

350 1663 419 1735 pest
441 1662 583 1717 mutatam
614 1658 742 1716 musices
768 1658 873 1717 iaciem
903 1654 1028 1731 intelligi
1057 1674 1078 1715 a
1097 1659 1205 1716 nostris
1227 1656 1394 1717 hominibus
1424 1658 1555 1733 possint,
1582 1672 1699 1732 quaes

354 1745 513 1818 veteribus,
535 1741 666 1804 nondum
687 1750 759 1804 nata
779 1743 919 1804 moderna
941 1746 1067 1818 musica,
1090 1743 1139 1805 hic
1160 1745 1269 1820 scripta
1289 1752 1367 1804 sunt.

437 1829 504 1907 Qua
525 1832 556 1890 in
571 1848 601 1892 rs
625 1832 772 1908 egregiam
795 1848 913 1909 operam
935 1832 1077 1909 praestari
1099 1848 1186 1908 posse
1207 1838 1279 1909 puto
1303 1849 1322 1891 a
1344 1829 1435 1892 Setho
1458 1829 1603 1905 Calvisio,
1627 1846 1699 1890 can·

350 1925 413 1979 tore
427 1914 588 1996 Lipsiensi,
611 1920 679 1995 qui,
701 1936 739 1979 ex
761 1936 819 1996 quo
841 1918 1017 1997 penultimas
1039 1919 1118 1979 Tuas
1141 1920 1250 1995 accepi,
1275 1920 1392 1996 scripsit
1412 1916 1450 1978 ad
1472 1935 1518 1979 me
1541 1916 1626 1993 ultro,
1648 1936 1698 1979 se·

351 2012 435 2066 cutus
458 2008 642 2067 occasionem
670 2008 700 2065 iu
728 2006 830 2068 libello
860 2025 925 2068 meo
949 2007 985 2068 de
1008 2005 1100 2068 Stella
1128 2008 1305 2083 praebitam,
1336 2007 1388 2068 ubi
1414 2006 1585 2067 harmonica
1605 2005 1699 2067 obiter

350 2092 443 2153 trado
486 2093 588 2153 Edidit
617 2093 667 2153 ille
697 2094 1004 2156 commentatiunculas
1035 2093 1148 2170 aliquot
1176 2093 1321 2170 perbellas
1351 2092 1390 2154 ad
1417 2093 1493 2154 hauc
1523 2111 1583 2154 rem
1611 2110 1698 2171 spee-

214 2204 220 2211 ·
351 2187 465 2255 mutes,
488 2183 544 2243 etsi
565 2181 673 2242 fatetur
695 2183 724 2241 ln
746 2183 847 2255 literis,
870 2199 902 2243 se
924 2190 1055 2244 veterum
1077 2182 1215 2241 terminos
1234 2198 1293 2240 non
1310 2198 1410 2242 omnes
1426 2180 1599 2258 intelligere.
1636 2180 1697 2241 ‘Pa-

349 2267 393 2329 les
415 2275 514 2329 nmen
533 2268 635 2344 judico
658 2268 721 2345 ejus
744 2268 873 2341 libellos,
897 2277 930 2329 ut
947 2269 1174 2342 mathematico,
1204 2270 1255 2347 qui
1277 2286 1336 2330 non
1358 2271 1397 2330 sit
1419 2286 1455 2329 ex
1476 2269 1608 2345 professo
1631 2285 1698 2328 mu-

349 2358 444 2431 sicus,
475 2359 540 2416 vice
562 2357 703 2417 scientiae
725 2356 873 2417 musicalis
896 2357 1054 2418 hodiernae
1081 2373 1146 2416 esse
1167 2358 1298 2435 possint,
1330 2363 1473 2433 quantum
1496 2374 1532 2418 ea
1557 2372 1631 2434 opus
1653 2362 1698 2418 est

350 2442 389 2504 ad
412 2442 602 2521 explicandos
625 2450 654 2504 et
676 2442 888 2531 comparandos
911 2451 1041 2506 veterum
1064 2442 1100 2504 de
1121 2443 1274 2505 harmonia
1296 2445 1394 2505 libros

437 2529 524 2607 Quod
546 2530 676 2592 ordinem
698 2524 803 2593 attinet
825 2531 970 2606 editionis,
992 2531 1102 2591 sercin
1126 2534 1271 2593 renuntia
1294 2548 1406 2604 maneo,
1432 2529 1596 2591 Ptolemaei
1617 2502 1698 2588 Har·

350 2619 467 2679 monica
494 2636 558 2679 cum
581 2619 737 2697 Porphyrii
768 2622 981 2680 commentariis
1009 2636 1131 2695 graeco·
1115 2619 1222 2699 -latine
1248 2622 1292 2679 sic
1315 2617 1519 2696 exprimenda,
1548 2625 1582 2679 ut
1608 2616 1697 2679 lacies

349 2705 563 2784 respondeant,
592 2709 736 2784 appositis
757 2707 892 2784 pauculis
914 2706 1081 2783 hujusmodl
1105 2710 1197 2780 notis,
1228 2707 1266 2767 ad
1289 2708 1536 2784 comparationem
1557 2708 1697 2784 pristinae
1734 2718 1739 2735 ·

349 2799 379 2854 et
400 2793 558 2855 modernae
581 2797 709 2856 musicae
730 2795 914 2867 iamendbus,
937 2794 976 2855 ad
998 2796 1159 2871 marginem
1182 2794 1231 2855 vel
1252 2792 1430 2868 adonicam,
1453 2810 1607 2870 queamus
1621 2793 1696 2853 Por-

348 2881 470 2960 phyrius
492 2889 712 2956 commentatur,
734 2883 791 2943 hac
812 2885 959 2953 cautione,
980 2888 1014 2941 ut
1036 2883 1086 2942 nbi
1101 2881 1281 2960 Porphyrius
1304 2882 1458 2943 abbreviat
1472 2888 1583 2942 testum
1598 2881 1696 2941 verbis

348 2992 395 3031 και
416 2991 455 3031 τα
478 2966 554 3047 ἕξις,
582 2969 624 3030 ibi
646 2973 760 3048 integer
786 2978 913 3047 ponatur
934 2968 1098 3031 Ptolemaei
1125 2976 1235 3044 textus,
1267 2986 1361 3046 usque
1391 2969 1429 3030 sd
1458 2969 1517 3029 loci
1546 2970 1697 3045 sequentis

347 3057 463 3117 initium
492 3057 696 3136 ePorphyrio
724 3058 843 3119 iactum.
888 3055 1057 3133 Comparari
1082 3064 1179 3135 potest
1207 3059 1304 3118 versio
1328 3055 1477 3134 Gogavini
1503 3072 1569 3116 cum
1591 3059 1698 3132 scripto

348 3145 379 3202 iu
406 3143 569 3205 Ptolemaei
598 3151 691 3206 textu.
735 3143 794 3206 Ubi
828 3144 935 3207 desinit
964 3147 1152 3206 commentari
1179 3142 1359 3223 Porphyrius
1389 3142 1456 3222 (nisi
1486 3143 1559 3205 iorte
1590 3143 1698 3205 alicubi

347 3237 443 3291 totum
464 3231 620 3310 Porphyrii
642 3239 836 3294 commentum
858 3231 1054 3305 inveniatur),
1077 3231 1213 3308 equidem
1235 3232 1393 3309 expediret,
1422 3238 1509 3293 noim
1530 3232 1638 3293 latinas
1659 3229 1699 3292 sd

347 3317 512 3380 Ptolemaei
533 3325 644 3380 textum
666 3337 730 3381 esse
753 3320 940 3397 copiosiores,
964 3326 994 3380 et
1014 3320 1146 3380 senessia
1169 3322 1214 3393 el,
1238 3321 1288 3396 qul
1310 3320 1465 3399 Porphyrii
1492 3320 1699 3380 commentaria

351 3407 523 3466 continuata
553 3406 695 3469 hedenus
725 3406 880 3485 diligenter
901 3405 1071 3486 perpendit,
1102 3425 1161 3468 non
1184 3363 1313 3467 hitnrum
1335 3415 1380 3468 sst
1409 3405 1526 3469 difficile
1549 3406 1645 3469 dicere
1667 3408 1698 3464 in

348 3495 540 3570 sequentibus
563 3512 608 3567 ea,
631 3513 707 3571 qnae
729 3503 798 3555 suut
820 3502 1016 3556 consentanea
1030 3484 1239 3572 Porphyrianis
1260 3495 1513 3572 praecedentibus.
1553 3493 1697 3556 Absoluto

348 3588 413 3642 tcto
436 3580 617 3659 Ptolemaeo,
640 3585 749 3688 poterit
770 3582 910 3659 subjungi
932 3589 1128 3643 commentum
1141 3582 1291 3643 Barlaami
1313 3582 1480 3644 monachi
1471 3600 1502 3641 m
1516 3585 1573 3643 tria
1592 3582 1698 3643 ultima

349 3669 457 3747 capita,
481 3668 566 3745 cujus
588 3672 754 3732 versionem
776 3677 869 3731 totam
891 3671 939 3730 hic
961 3672 1135 3731 transmitto.
1171 3669 1206 3729 ln
1229 3669 1343 3731 Graeco
1366 3670 1439 3731 ielis
1460 3677 1528 3729 sunt
1553 3672 1602 3730 17.
1638 3668 1696 3729 Ge-

346 3763 419 3830 tera,
442 3764 475 3817 nt
496 3758 641 3833 prioribus
662 3759 774 3837 scripsi,
798 3775 875 3833 quae
898 3757 989 3819 codex
1013 3757 1062 3817 illc
1083 3757 1181 3830 habet,
1212 3757 1251 3819 ad
1272 3757 1451 3819 Harmonice
1473 3775 1531 3819 non
1553 3764 1695 3834 spectant.

345 3844 386 3904 Et
407 3846 478 3921 quia
499 3844 637 3905 Barlaam
658 3847 701 3906 ihi
724 3845 839 3919 desinit,
864 3847 916 3907 ubl
937 3847 1063 3906 maxime
1085 3852 1222 3922 coeperat
1243 3844 1353 3907 dicere:
1379 3845 1515 3920 ,videbo
1537 3847 1563 3905 si
1585 3845 1696 3922 possim

345 3931 431 3992 illurn
460 3930 605 3993 deiectum
633 3933 806 4012 supplerc“:
835 3933 964 3993 mirabili
991 3933 1100 4011 qnippe
1128 3933 1203 4005 iato,
1232 3935 1402 4010 priusquam
1430 3932 1570 3994 vidissem
1591 3930 1695 3994 Ptole-

346 4038 480 4093 maeum,
507 4022 552 4080 utl
575 4023 678 4099 scripsi
706 4031 774 4082 aute
796 4020 904 4081 multos
926 4037 1035 4093 annos,
1065 4030 1190 4081 ornnem*
1203 4019 1409 4098 propemodum
1431 4020 1593 4082 Ptolemaei
1615 4019 1696 4081 Har·

346 4110 527 4168 montcorum
549 4126 692 4169 summam
714 4108 884 4187 complexus
906 4124 971 4167 snm
992 4109 1125 4169 instituta
1145 4109 1301 4185 scriptione
1328 4107 1364 4171 de
1385 4107 1562 4170 Hemoniae
1584 4107 1694 4182 mundi,

347 4194 442 4255 divisa
462 4196 493 4254 in
514 4195 630 4256 llbellos
654 4198 688 4270 b,
717 4214 840 4273 qnorum
870 4196 963 4272 primo
994 4212 1101 4257 causae
1126 4195 1342 4257 harmoniarum
1366 4198 1396 4255 in
1419 4199 1580 4274 geometria
1601 4213 1694 4273 quae-

345 4289 462 4354 runtur,
485 4283 614 4344 secundo
637 4282 766 4345 definitio
788 4281 912 4344 traditur
933 4285 1078 4343 munnam
1100 4283 1332 4345 hamtonioarum
1359 4286 1389 4342 iu
1412 4285 1574 4360 ahanacto,
1607 4285 1693 4344 tertio

346 4370 509 4432 ostenditur
528 4374 674 4435 rationum
695 4371 927 4431 harmonicorum
950 4370 1070 4432 effectus
1092 4374 1122 4430 in
1139 4373 1269 4445 vocibus,
1292 4389 1369 4449 qnae
1383 4375 1505 4432 materia
1519 4378 1564 4432 est
1584 4371 1637 4430 lib.
1652 4370 1694 4432 11.

315 4492 317 4497 ·
346 4463 376 4519 et
401 4457 426 4516 1
450 4456 621 4519 Ptolemaei.
672 4457 783 4535 Quarto
813 4456 915 4518 libello
946 4458 1108 4519 ostenditur
1137 4461 1281 4519 rationum
1310 4459 1542 4520 harmonicarum
1572 4458 1693 4519 effectus

283 4572 286 4579 ·
345 4547 375 4604 ln
399 4546 569 4621 operatione
590 4544 735 4620 siderum,
765 4563 841 4623 quac
862 4548 985 4606 matema
1014 4544 1225 4607 sPtclcmaeo
1249 4546 1373 4607 nadimr
1394 4546 1446 4607 lib
1469 4546 1633 4620 111,1-
1644 4547 1692 4606 13.

346 4622 458 4708 Quinto
472 4631 573 4694 libello
595 4635 718 4695 ostendo
740 4636 886 4695 rationum
908 4633 1141 4693 harmonicarum
1156 4634 1368 4711 applicationes
1384 4633 1423 4695 ad
1444 4640 1541 4695 motus
1554 4632 1691 4694 siderum.

345 4714 444 4797 Atque
470 4719 547 4780 hanc
575 4724 727 4783 materiam
748 4720 947 4794 Ptolemaeus,
980 4722 1137 4796 interprete
1158 4720 1330 4796 Barlaamo,
1360 4721 1474 4783 undere
1505 4720 1601 4783 rolult
1626 4738 1691 4798 cap.

249 4842 254 4855 ι
347 4805 398 4882 14,
425 4807 474 4879 15,
497 4809 570 4885 qula
589 4811 694 4886 capitis
712 4812 762 4870 14.
785 4810 935 4887 inscriptio
956 4810 1101 4885 promittit
1115 4812 1363 4886 comparstlcnem
1378 4809 1550 4870 chordarum
1570 4808 1691 4886 perlecti

345 4895 513 4975 systematis
534 4896 684 4960 stabilium
706 4914 772 4961 cum
792 4896 926 4980 iphaaris
947 4896 1057 4975 muntl,
1078 4912 1145 4976 cap.
1165 4897 1215 4960 lt.
1236 4914 1309 4961 roro
1329 4900 1473 4977 promittit
1485 4897 1691 4974 companatio·
