3840 5854
779 438 929 496 [iudicatio.
1490 444 1531 503 '19

179 613 344 694 exemplum
363 614 510 694 revertar)
541 620 570 676 iu
601 635 712 680 meram
740 625 770 679 et
798 618 962 681 durabilem
989 617 1171 680 harmoniam
1193 619 1370 679 terminetur.
1415 616 1481 695 Qua
1502 619 1532 677 in

179 721 229 782 spe
252 705 342 764 etiam
364 712 468 767 contra
490 722 572 783 spem
595 705 746 767 confirmor
767 724 826 767 non
850 715 963 767 tantum
985 723 1123 767 successu
1144 724 1275 766 mearum
1298 705 1531 783 speculationum

179 792 429 868 harmonicarum,
460 801 493 853 ut
522 794 605 870 oujus
632 793 757 855 lelicitas
786 794 941 857 audaciam
964 797 993 852 in
1017 791 1182 872 quaerendo
1205 793 1374 872 longissime
1398 796 1531 872 superata

180 878 231 939 sed
253 882 346 940 etiam
367 879 425 941 boc
446 882 521 961 ipso,
533 881 623 959 Aquod
639 884 711 942 iuter
726 891 832 959 cetera,
855 900 943 963 quae,
965 882 1003 942 ad
1025 884 1122 961 operis
1138 881 1343 961 perfectionem
1359 884 1532 956 necessaria,

180 984 229 1045 per
251 974 298 1027 tot
316 968 379 1044 jam
401 985 494 1029 anuos
516 969 632 1029 luerunt
654 969 720 1030 loco
743 973 874 1049 pristino,
899 970 1086 1047 Majestatem
1109 971 1197 1030 etiam
1212 969 1307 1029 Tuam
1329 969 1461 1046 Regiam,
1485 971 1534 1028 cui
1559 1008 1565 1023 ,

179 1056 376 1133 patrocinium
398 1058 509 1135 operis,
541 1063 700 1134 antequam
722 1060 912 1139 inciperetur,
935 1057 1160 1131 destinaveram,
1183 1057 1334 1134 hucusque
1357 1056 1532 1117 incolumem

180 1149 209 1203 et
229 1141 385 1203 florentem
400 1143 476 1203 vidi:
498 1161 552 1205 uec
574 1144 707 1206 desinam
729 1145 839 1221 aDeo,
855 1145 941 1207 Pacis
964 1153 994 1207 et
1008 1145 1188 1207 Concordiae
1204 1152 1332 1218 auctore,
1358 1143 1533 1204 contendere

181 1228 297 1290 devotis
319 1230 468 1310 precibus,
498 1234 542 1291 uti
571 1233 625 1291 tibi
648 1240 682 1293 et
702 1235 792 1293 vitam
815 1242 844 1295 et
866 1233 1054 1311 MaJestatem
1076 1233 1200 1311 Regiam
1222 1249 1314 1310 usque
1340 1231 1376 1290 ad
1400 1238 1532 1309 optatum

180 1317 263 1377 illum
287 1326 426 1379 eventum
448 1319 624 1380 incolumem
646 1327 771 1380 tueatur.

264 1405 388 1466 Interim
408 1406 525 1484 MaJest
548 1407 644 1468 Tuam
670 1407 954 1471 Revereudissimam
985 1407 1109 1486 supplex
1136 1425 1225 1487 rogo,
1255 1415 1288 1466 ut
1317 1413 1347 1466 et
1374 1405 1431 1465 buc
1458 1421 1532 1483 opus

180 1491 385 1574 Harmonices,
407 1494 525 1555 Nomlui
546 1512 601 1557 suo
625 1495 800 1576 dedicatum,
823 1514 925 1557 sarano
949 1496 1034 1557 rultu
1050 1496 1194 1573 adspiciat
1217 1501 1246 1555 et
1267 1495 1345 1554 banc
1365 1495 1424 1554 mei
1439 1492 1533 1554 dero·

180 1582 286 1641 tissimi
310 1578 431 1645 alie'ctus
464 1586 492 1641 in
516 1582 555 1643 Se
577 1578 819 1660 significationem
841 1586 928 1663 aequi
950 1586 1078 1662 bonique
1107 1582 1260 1661 consulat,
1288 1579 1532 1660 contemplatione
1654 1616 1656 1625 ι

180 1685 250 1730 raro
273 1666 405 1748 Operum
428 1671 485 1731 Dei
505 1670 633 1749 Regium
662 1670 789 1734 oblectet
817 1673 960 1747 animum,
991 1678 1133 1750 quantum
1163 1687 1214 1749 per
1236 1670 1415 1730 necessarias
1437 1667 1533 1744 Regni

181 1759 390 1836 occupationes
411 1757 524 1820 licebit:
554 1765 584 1820 et
605 1758 747 1838 exemplis
770 1760 949 1822 Concordiae
973 1758 1235 1838 resplendesceutis
1257 1775 1293 1817 ox
1316 1756 1453 1835 operibus
1476 1754 1531 1849 Dei

181 1843 349 1904 visibilibus
377 1844 507 1906 studium
536 1847 566 1905 in
596 1864 628 1908 sa
651 1848 823 1908 concordiae
855 1856 885 1909 et
904 1848 988 1926 pacis
1011 1842 1227 1908 ecclesiasticae
1249 1852 1278 1904 et
1300 1844 1437 1923 politicae
1459 1859 1533 1902 cou-

180 1931 273 1994 firmat
295 1934 475 2012 excitetque:
499 1933 624 2012 denique
648 1952 695 1995 me
716 1952 840 2012 meaque
862 1935 961 1996 studia
973 1934 1069 2011 Regio
1097 1949 1151 1993 suo
1180 1933 1342 2011 patrocinio
1366 1930 1533 1991 clementis·

180 2021 252 2080 simo
277 2018 422 2097 dignetur.
437 2016 463 2104 ¹)
508 2022 623 2084 Dabam
647 2022 758 2084 Lentiis
779 2024 894 2085 Noricis
915 2023 954 2085 ad
976 2021 1082 2102 Ripam
1105 2021 1252 2102 Danubii,
1275 2017 1377 2079 Ididus
1399 2017 1533 2079 Februa·

180 2109 237 2185 riis,
260 2124 341 2168 anuo
363 2127 450 2171 aerae
473 2109 631 2172 occidentis
654 2110 833 2172 MDCXIX.

389 2266 530 2339 Sereuiss.
553 2268 671 2346 Majost
694 2267 789 2328 Tuam
797 2269 934 2346 altegiam

771 2424 856 2486 Omni
873 2441 939 2486 cum
953 2425 1146 2487 submissione
1160 2441 1303 2487 venerans

486 2512 558 2592 Imp.
583 2511 667 2574 Cass.
690 2512 833 2574 ldattbiae
856 2504 978 2590 ejusque
1000 2511 1130 2574 fidelium
1153 2511 1294 2575 Ordinem
1316 2508 1532 2571 Arcblducatus

703 2601 842 2661 Austriaa
863 2599 1106 2680 supr-Auisanaa
1128 2599 1354 2662 Mathematicus

846 2688 1005 2750 «lebannes
1026 2687 1206 2766 Kepplaraa.
