3822 5866
349 1781 355 1793 ‚
480 1682 487 1696 ·
540 1655 600 1757 ni
629 1618 966 1756 marierun
996 1658 1190 1759 auror-

384 1832 387 1839 '
668 1846 814 1920 roura
836 1850 1048 1931 neironis.

269 2173 296 2231 i)
313 2185 370 2234 pag.
384 2173 424 2222 ts.
442 2172 566 2224 Velamen
578 2172 624 2239 iil.
635 2173 698 2225 Mss,
710 2170 916 2223 Pulkoviensium
935 2184 1012 2220 manu
1029 2170 1133 2234 liepleri
1151 2174 1270 2235 scriptam
1289 2172 1472 2224 dedicationem
1490 2190 1536 2225 sn·

180 2242 259 2303 bibet,
277 2256 343 2308 quse
358 2243 495 2305 plurimum
513 2240 638 2307 discrepat
654 2246 686 2292 ab
697 2259 728 2293 ea
744 2243 833 2303 forma,
851 2254 901 2301 qus
917 2245 1004 2302 postea
1021 2241 1091 2289 iliam
1108 2243 1176 2304 typis
1194 2243 1284 2292 excudi
1297 2245 1393 2292 curavit
1405 2243 1536 2307 Kepierus.

179 2312 286 2362 Omissis
303 2312 349 2372 iis',
375 2326 439 2376 qnae
456 2316 588 2364 verborum
611 2315 765 2376 singulorum
784 2310 978 2373 discrepantiam
995 2311 1035 2359 rei
1059 2311 1171 2361 ordinem
1187 2310 1326 2362 'verborum
1348 2319 1471 2364 mutatum
1497 2318 1537 2364 st·

177 2385 268 2443 tinent,
285 2383 312 2430 iu
329 2385 492 2445 sequentibus
511 2400 540 2434 aa
557 2390 680 2445 notamus,
698 2398 762 2449 quse
779 2382 883 2444 maioris
898 2380 1051 2430 ridebantur
1069 2384 1198 2432 momenti.

265 2452 320 2504 roi.
334 2455 375 2503 Π.
388 2454 433 2504 liu.
445 2456 467 2502 t.
480 2456 510 2503 sb
529 2456 610 2505 infra:
629 2456 807 2517 ,omniumque
824 2453 879 2513 sius
896 2451 1014 2514 partium,
1032 2452 1055 2501 si
1071 2449 1157 2502 lubsst
1173 2458 1219 2503 snt
1235 2459 1306 2504 esest
1323 2455 1370 2505 ilis
1387 2469 1537 2518 wguescms

178 2522 295 2590 legendo,
313 2524 349 2572 sis
366 2525 465 2574 tusum
482 2526 733 2589 intelligentissimus.

265 2595 327 2653 1201.
346 2602 388 2652 77.
406 2598 478 2654 linea
495 2602 520 2654 3.
538 2600 573 2655 sb
590 2601 674 2657 inira:
693 2642 701 2656 .
788 2598 907 2654 metibus
925 2595 1058 2666 propriis,
1077 2610 1129 2652 eeu
1146 2597 1281 2668 subiecto,
1299 2592 1328 2655 in
1345 2617 1399 2671 quo
1416 2601 1539 2667 inessent

177 2678 344 2741 immanius,
359 2676 491 2734 invitante
502 2694 546 2734 me
558 2679 593 2735 sd
604 2677 774 2752 quaerendas
785 2677 857 2733 iuter
867 2681 958 2731 motus
966 2672 1126 2735 'humanius
1137 2676 1269 2732 ineductu
1287 2678 1405 2748 quodam
1422 2688 1538 2739 naturae

178 2764 207 2813 et
224 2756 330 2811 ratione
347 2755 427 2811 unica
445 2763 473 2811 et
491 2773 608 2814 summa:
625 2757 699 2827 quod
715 2756 846 2812 muudum
861 2754 974 2812 Creator
990 2751 1087 2809 iecerit
1103 2769 1187 2822 quam
1203 2762 1299 2825 posset
1319 2755 1378 2813 iieri
1396 2758 1536 2827 optimum:

173 2836 235 2907 ism
253 2840 320 2891 tuuc
337 2851 389 2906 ego
408 2876 457 2891 ...
709 2845 717 2865 ⁴

265 2913 326 2970 Fci.
346 2920 387 2968 tt.
411 2913 484 2969 linea
500 2915 609 2970 ultima:
636 2914 793 2985 Maiestatis
810 2920 875 2970 tuae
896 2911 993 2982 legatis
1011 2909 1046 2966 ad
1069 2908 1159 2965 aulam
1177 2910 1393 2980 imperatoriam,
1419 2915 1537 2983 primum

176 2996 293 3065 Praese,
312 2993 459 3063 superstite
477 2993 623 3063 liudolpho
635 2994 812 3064 Imperatore,
830 3007 940 3048 rursum
957 2997 1021 3047 aute
1036 2990 1152 3059 annosi
1171 2990 1259 3046 Liucii
1275 3008 1386 3061 quoque
1406 2999 1537 3055 mutuum

176 3074 240 3131 ieci.
275 3072 384 3142 Quippe
405 3071 477 3127 inter
501 3073 702 3142 speculationes
723 3071 894 3128 burnonicas
916 3070 1032 3127 subinde
1045 3084 1092 3124 me
1117 3067 1281 3124 admonebat
1297 3071 1363 3140 Maj.
1383 3071 1461 3128 Tuae
1477 3072 1537 3129 diu·

177 3159 262 3210 turns
282 3151 338 3206 ista
359 3149 527 3207 &ouantia
549 3150 701 3220 reiigionim
725 3165 810 3223 ,quem
833 3166 895 3206 cum
919 3162 1058 3204 cernerem
1082 3162 1138 3202 uon
1161 3146 1287 3215 equidem
1310 3165 1345 3205 ex
1368 3150 1537 3209 inconcinnis

175 3228 328 3289 intervallis
346 3226 473 3297 conflari,
492 3229 541 3285 sed
558 3228 640 3299 plana
658 3246 694 3286 ex
711 3229 850 3286 condunis
868 3234 897 3283 et
914 3225 1065 3281 emensas
1083 3229 1112 3288 ai
1129 3224 1237 3280 omniuo
1256 3226 1378 3284 musicis:
1403 3245 1459 3287 non
1475 3231 1538 3289 des·

176 3309 330 3382 perandum
347 3308 382 3363 de
399 3308 571 3378 providentie
586 3309 638 3365 Dei
656 3310 765 3376 censui,
791 3311 856 3379 quin
878 3308 939 3378 ipse
961 3306 1046 3362 totius
1069 3304 1202 3363 eccieuae
1227 3306 1384 3375 melodiam,
1408 3309 1437 3367 in
1460 3320 1537 3369 motu

177 3388 363 3457 conuiuium,
379 3387 421 3442 sic
439 3395 512 3443 esset
529 3389 727 3462 moderaturus,
745 3397 776 3447 ut
794 3389 927 3445 consinus
943 3387 1005 3456 ista,
1024 3384 1089 3441 licet
1107 3383 1218 3441 diesem
1235 3400 1286 3455 per
1302 3385 1354 3442 hos
1372 3388 1424 3444 100
1442 3402 1537 3457 sanes,

178 3465 292 3525 taudem
309 3466 337 3520 in
355 3465 504 3536 plenariam
522 3468 743 3525 concordantiam
761 3466 944 3525 deflecterent.

268 3545 297 3601 si
315 3545 386 3600 euim
405 3545 439 3600 de
456 3545 511 3601 bac
526 3563 557 3602 re
574 3557 713 3604 certamen
730 3554 818 3616 esset,
846 3544 970 3602 Christus
988 3559 1023 3598 en
1040 3542 1214 3607 Mabometus
1232 3543 1269 3601 sit
1288 3545 1460 3615 sequendus,
1488 3546 1537 3600 im-

177 3624 315 3699 placabile
332 3624 440 3678 omnino
458 3623 559 3680 beilum
576 3626 629 3682 hoe
645 3627 777 3699 sciebam,
805 3626 855 3682 scd
880 3625 944 3695 quia
965 3621 1084 3693 partium
1103 3622 1189 3679 alters
1211 3620 1428 3683 emendationem
1445 3626 1536 3682 cuitus
1580 3680 1585 3699 ,

178 3714 206 3763 et
219 3702 359 3762 doetrinae
371 3702 479 3771 Christi,
498 3703 585 3759 ritera
597 3705 767 3775 disciplinam
779 3712 807 3760 et
818 3703 939 3759 ordinem
953 3700 1166 3758 aeclesiasticum
1179 3702 1384 3774 mearumque
1402 3700 1436 3760 et'
1447 3722 1538 3763 mores

179 3785 310 3853 antiquos
322 3799 340 3839 a
350 3781 476 3852 patribus
488 3791 616 3853 acceptos
634 3790 721 3852 urget,
740 3799 856 3853 quorum
873 3782 1025 3839 studiorum
1038 3789 1183 3851 utrumque
1194 3781 1295 3837 bosun
1308 3792 1358 3852 est,
1377 3783 1401 3838 si
1421 3785 1539 3847 aiterum

178 3863 268 3929 alteri,
287 3877 343 3931 quo
358 3860 420 3915 leco
438 3875 489 3930 psr
506 3869 556 3932 ast,
575 3863 670 3933 cedat3
688 3871 833 3933 nitrumque
850 3862 960 3930 maium,
978 3861 1002 3916 ei
1019 3862 1130 3917 modum
1142 3860 1265 3929 excedat,
1283 3870 1332 3919 sut
1348 3864 1373 3919 si
1390 3863 1442 3918 sub
1460 3878 1537 3919 eeuc-

178 3943 216 3998 tis
234 3940 423 4010 praetextibus
441 3940 494 3995 alis
511 3943 639 4012 mysteria
657 3949 834 4012 pempautur3
854 3942 915 4011 quis
926 3940 1011 4010 igitru
1022 3938 1137 4008 dubitet,
1156 3939 1223 4009 quin
1233 3940 1309 3996 Deus
1320 3941 1349 3995 in
1366 3940 1440 3996 bunc
1456 3940 1538 3995 finem

179 4021 333 4093 permittat,
351 4027 444 4090 partes
461 4021 533 4077 iuter
549 4037 582 4077 se
598 4021 757 4092 confligere.
779 4028 811 4087 ut
827 4020 942 4075 ueritate
957 4018 1088 4087 utrinque
1106 4019 1173 4074 satis
1191 4034 1328 4089 superque
1346 4020 1478 4076 ventilata
1495 4034 1537 4075 se·

179 4101 339 4171 paratisque
352 4107 381 4154 et
397 4100 548 4170 profligatis
561 4100 741 4156 bumanorum
753 4098 899 4154 affectuum
917 4096 1004 4166 paleis
1022 4096 1106 4166 (quod
1123 4097 1155 4151 fit
1171 4096 1304 4153 bellorum
1322 4097 1447 4168 tribalia),
1465 4097 1538 4168 quis·

180 4195 235 4250 que
252 4179 317 4249 quid
336 4180 387 4235 sibi
405 4180 582 4254 sequendum,
601 4181 666 4249 quid
686 4180 767 4235 etiam
788 4195 867 4234 asna
884 4184 963 4248 parte
979 4176 1106 4237 dtiosum
1120 4192 1208 4246 eoque
1224 4177 1384 4247 fugiendum
1402 4178 1446 4251 qis,
1464 4175 1538 4233 clare

179 4258 338 4327 perspicere
354 4267 462 4330 posset,
480 4259 645 4328 tandemque
663 4260 760 4315 saitem
777 4258 924 4327 posteritas
941 4254 1033 4324 aliqua
1050 4255 1181 4326 paulatim
1200 4256 1227 4310 in
1244 4273 1341 4325 puram
1359 4271 1454 4326 pacem
1472 4271 1537 4312 ceu·

163 4362 168 4385 ι
183 4335 306 4392 sentiret.
1526 4332 1529 4343 ’

269 4417 337 4471 Cum
347 4415 431 4485 igitur
441 4416 464 4470 is
477 4417 538 4471 Rex
550 4431 633 4483 esses,
652 4416 699 4486 qui
716 4418 859 4485 utriusque
876 4414 963 4485 partis
975 4411 1101 4471 subditos
1112 4413 1236 4482 haberes,
1255 4428 1317 4468 cum
1335 4414 1403 4470 adeo
1421 4427 1538 4482 aequum

181 4493 222 4549 Te
239 4507 355 4563 gereres,
374 4503 405 4551 ut
423 4494 579 4551 dubitarent
596 4495 680 4564 aliqui
692 4495 908 4564 tunctemporis,
927 4492 983 4547 utri
999 4493 1118 4562 partium
1131 4492 1259 4548 animitas
1278 4492 1458 4560 assentireris,
1476 4505 1538 4544 cum

181 4571 369 4628 turbulentam
387 4570 502 4642 plebem,
521 4575 607 4643 partis
626 4577 707 4630 unius
725 4575 885 4639 carcinoma,
902 4572 1014 4643 publica
1031 4586 1098 4626 rece
1116 4572 1293 4638 coercuimus,
1312 4570 1433 4627 ordinem
1452 4567 1537 4623 eccle·

181 4650 330 4719 siasticum,
349 4650 537 4720 gloriationem
555 4654 641 4721 partis
663 4653 785 4720 ulterius,
804 4652 998 4717 collaudasset,
1018 4649 1175 4705 retinendos
1192 4649 1249 4703 fliio
1268 4649 1411 4737 episcopos
1423 4646 1538 4717 Angliae

182 4728 435 4797 emendandumque
454 4735 482 4783 et
499 4730 650 4786 ornandum
667 4731 743 4787 ilium
762 4731 897 4798 ordinem,
924 4727 1045 4788 nondum
1070 4745 1120 4785 rex
1137 4730 1197 4799 ipse
1215 4728 1341 4799 Augilas,
1368 4720 1536 4794 censuissqs‘:

182 4826 244 4864 cum
269 4814 379 4879 postea,
406 4807 532 4875 Angliam
559 4809 688 4879 adeptus,
714 4809 791 4865 brevi
818 4824 960 4867 commune
986 4810 1111 4865 uilicum
1138 4808 1230 4864 Scotin
1256 4823 1355 4864 nornen
1381 4803 1537 4862 Britanniae

183 4889 300 4957 Magnae
322 4901 412 4963 exque
434 4891 550 4954 utraque
573 4888 713 4959 provincia
738 4902 852 4957 regnum
878 4893 906 4943 et
922 4887 1098 4945 Harmoniam
1117 4900 1201 4941 unam
1225 4889 1297 4958 inem
1316 4885 1380 4956 quid
1404 4880 1478 4941 eliud
1496 4891 1539 4941 est
1631 4914 1637 4933 ι
