3882 5862
798 388 941 458 Apologia
1007 412 1012 427 ·
1482 390 1546 453 tii
1571 406 1579 415 ·

194 549 342 626 temporis.
388 547 578 625 Quinetiam
607 547 809 631 alia'ingeoia
837 551 896 619 illis
918 548 1089 628 Orpbsicis,
1115 546 1177 609 alie
1198 546 1243 607 bis
1269 547 1455 623 geometricis
1478 552 1548 623 apta

192 646 271 711 sunt,
293 647 327 695 ut
349 645 491 712 quantum
513 644 546 696 tu
560 636 632 697 abes
654 656 674 696 a
688 630 945 714 comprehensione
968 635 1148 697 certitudinis
1170 634 1406 707 mathematicae,
1432 641 1546 692 tantum

194 741 249 802 ego
271 724 326 783 tibi
348 726 478 789 vicissim
501 721 603 782 cedam
626 727 656 781 in
683 725 883 801 conjectandis
907 725 964 783 illis
986 723 1211 801 aenigmatibus.

279 808 366 885 Quod
396 828 466 871 vero
489 814 624 887 quinque
651 830 781 886 corporo
809 831 831 872 o
851 813 1049 890 symboliemis
1075 810 1162 869 nudis
1187 810 1396 886 Pythagoricis
1425 809 1462 867 ad
1493 806 1546 868 de-

192 894 418 958 monstrationes
452 901 663 957 astronomicas
693 908 723 957 et
749 898 972 960 mathematicae
1000 897 1129 970 traduxi,
1164 896 1212 956 hie
1236 913 1305 972 ergo
1329 896 1380 955 tibi
1406 912 1544 975 pernego,

194 1005 215 1045 a
236 1002 310 1059 vera
330 986 523 1061 philosophia
544 984 587 1044 od
606 986 738 1062 fictiones
760 993 789 1046 et
810 986 919 1047 delirio
942 1005 989 1047 me
1012 979 1240 1062 maurivieee⁵¹)

279 1072 336 1131 Ad
357 1073 544 1150 Analysin
567 1072 638 1135 XV.
683 1072 771 1149 Quod
798 1075 876 1147 dixi,
907 1076 936 1133 in
966 1073 1233 1150 comparationibus
1263 1087 1352 1147 saepe
1381 1070 1546 1144 usuvenire,

195 1168 229 1218 ut
252 1160 380 1218 crinibus
402 1158 544 1219 trahenda
566 1162 633 1234 sint,
658 1177 734 1235 quae
757 1178 815 1221 non
839 1162 916 1220 ultro
939 1169 1108 1237 sequuntur,
1134 1158 1162 1217 id
1185 1159 1323 1235 probrum
1339 1156 1451 1216 nullum
1475 1173 1547 1223 con,-

180 1249 286 1320 'tinet·,
320 1247 399 1323 quod
428 1247 476 1306 vel
506 1250 535 1305 in
568 1256 616 1325 te,
643 1246 795 1322 Roberte,
821 1249 869 1309 vel
899 1251 927 1306 in
952 1262 1018 1309 tuos
1040 1246 1224 1307 Hermeticos
1256 1245 1420 1321 conjectum
1442 1243 1547 1333 §videri

193 1338 296 1411 possit.
323 1333 399 1405 ,Res
429 1337 493 1412 ipsa
513 1335 644 1409 loquitur
672 1338 847 1411 experienti,
877 1336 990 1397 nullum
1019 1338 1106 1411 igitur
1135 1351 1231 1411 neque
1254 1332 1326 1391 mihi
1348 1333 1401 1392 abs
1426 1339 1454 1391 te
1478 1331 1548 1392 lieet

194 1425 269 1481 irato
296 1423 437 1498 probrum
467 1433 615 1497 regestum
647 1433 733 1498 puto,
767 1422 836 1482 dum
862 1432 1031 1499 retorques,
1065 1439 1112 1480 me
1145 1422 1335 1481 intentionem
1358 1418 1546 1497 Pythagorae

195 1505 280 1589 (nam
305 1510 477 1569 Aristoteles
501 1527 537 1567 ex
559 1527 614 1583 sup
637 1527 726 1568 sensu
753 1528 811 1569 non
833 1506 979 1592 loquitur)
1005 1510 1132 1569 crinibus
1160 1511 1296 1569 traxisse.
1341 1506 1546 1583 Conjecturam

199 1597 276 1668 dixi,
302 1597 425 1656 vocibus
443 1598 552 1671 ,iorte,
575 1600 718 1657 tortasse“
744 1598 853 1675 ubique
869 1599 1063 1675 interspersis.
1107 1594 1174 1655 Hoc
1196 1605 1258 1656 erat
1285 1597 1427 1655 intentum
1450 1602 1547 1653 textus

196 1686 271 1754 mei,
295 1700 382 1759 quern
405 1684 453 1742 hic
475 1683 623 1758 dissolvis,
649 1684 818 1756 ostendere,
843 1694 872 1745 te
894 1688 923 1745 in
947 1684 1140 1762 occupatione
1163 1685 1273 1743 versari
1296 1683 1364 1755 tali,
1389 1700 1464 1760 quae
1489 1682 1546 1740 dii-

193 1770 340 1833 limitatas
369 1773 479 1846 pariat,
512 1788 566 1829 noc
594 1768 743 1848 depudesco
770 1771 1008 1839 mathematicam
1035 1773 1170 1848 patiatur.
1221 1770 1268 1829 Tu
1300 1788 1370 1828 vero
1402 1772 1544 1853 pervertis

194 1875 316 1932 scopum
338 1875 467 1919 mearum
492 1877 711 1936 oroqarororoo3
740 1876 799 1920 non
823 1870 888 1935 gunt
912 1859 980 1919 illae
1003 1869 1188 1937 comparatae
1220 1866 1253 1916 ut
1276 1856 1470 1934 Pydtaporoe
1492 1860 1544 1916 in-

195 1948 349 2018 tentiones,
374 1944 424 2004 sed
449 1955 480 2004 ut
502 1962 563 2004 rem
585 1949 689 2022 ipsam,
713 1950 843 2023 quinque
865 1946 977 2006 scilicet
1000 1963 1131 2023 corpora,
1155 1944 1193 2004 ad
1216 1947 1441 2004 astronomicam
1465 1946 1545 2003 veri·

196 2041 286 2091 tatem
319 2032 550 2092 accommodent.
603 2033 733 2093 Gratiam
767 2042 863 2095 mmen
894 2034 1007 2108 habeo,
1042 2031 1122 2111 quod
1155 2033 1420 2093 demonstrationes
1454 2049 1546 2105 meae,

194 2136 373 2194 quamquam
397 2122 562 2195 incogitane
584 2129 613 2179 et
637 2122 816 2196 obtrectans,
840 2123 951 2181 ornasti
975 2121 1086 2197 elogio,
1111 2120 1190 2196 quod
1213 2123 1276 2179 vim
1297 2126 1326 2177 et
1348 2137 1453 2195 armo,
1477 2138 1546 2179 mo·

193 2225 295 2281 aqum
313 2207 488 2283 pedumque
510 2211 620 2268 ninum
643 2211 789 2283 agnoscis.
835 2208 881 2267 'l'u
905 2211 999 2268 uirum
1022 2215 1191 2286 tepraesta,
1214 2206 1308 2266 nodos
1323 2205 1390 2266 illos
1405 2206 1545 2279 dissolve,
1587 2232 1590 2241 ¹

194 2302 228 2353 ut
250 2296 347 2353 irritos
376 2293 432 2354 hos
460 2295 545 2353 nixus
574 2294 764 2355 demonstres.
816 2296 966 2355 Violentio
997 2303 1039 2355 est
1065 2312 1122 2354 non
1153 2312 1233 2371 gree,
1265 2294 1316 2354 sed
1340 2293 1494 2372 Copernici
1517 2302 1546 2355 et

196 2383 390 2441 vetustissimi
415 2381 586 2455 Aristarchi,
611 2400 671 2458 qua
691 2390 821 2459 urgetur,
842 2400 901 2442 non
924 2391 1038 2459 natura,
1062 2382 1115 2442 sed
1135 2383 1287 2459 popularis
1309 2381 1427 2442 humani
1452 2399 1544 2459 gene·

192 2470 233 2527 ris
257 2471 356 2545 opinio
381 2469 591 2545 oculorumque
615 2470 835 2546 deceptionibus
862 2473 984 2533 nimium
1011 2478 1121 2547 agnata
1142 2472 1278 2546 ingenia,
1311 2469 1390 2546 quod
1419 2468 1545 2529 Terram

191 2559 272 2614 inter
307 2563 392 2615 ostro
419 2557 493 2616 icoo.
538 2557 641 2633 Neque
673 2565 769 2616 tamen
799 2575 893 2633 prove
921 2565 958 2617 ut
984 2576 1108 2618 sursum
1140 2557 1243 2617 eadat
1266 2561 1399 2632 mplius,
1431 2555 1483 2617 sed
1512 2564 1546 2615 ut

192 2642 285 2701 Terra
307 2645 412 2702 inertla
433 2661 489 2703 sua
510 2643 631 2717 lnratur,
655 2647 858 2721 ut'regiouem
873 2650 1062 2721 assignatam,
1088 2657 1169 2704 motu
1186 2661 1296 2717 carens,
1321 2646 1385 2721 ipsa
1402 2661 1434 2704 ee
1450 2647 1545 2720 ipsam
1626 2654 1632 2667 ⁸

193 2730 336 2803 obtineat,
359 2733 542 2807 permittitur.
589 2732 656 2791 Vim
680 2750 768 2791 uuam
789 2750 930 2808 agnosco,
955 2734 1072 2808 qualem
1094 2739 1156 2791 tute
1179 2732 1307 2791 Roberte
1330 2740 1399 2790 tuae
1422 2730 1545 2789 intulisti

194 2820 310 2887 manui,
334 2817 403 2877 dum
426 2820 483 2877 ieta
504 2819 663 2891 scriberes,
696 2837 784 2896 quam
807 2821 919 2881 scilicet
942 2818 1051 2879 Terrae
1074 2819 1159 2877 inlert
1180 2821 1279 2878 anima
1301 2819 1393 2895 ipsius
1417 2820 1494 2876 intus
1517 2826 1547 2876 et

193 2908 307 2981 species
332 2908 460 2981 corporis
484 2905 595 2965 Solaris
619 2911 757 2978 exterius,
781 2918 905 2983 utraque
928 2906 1008 2966 illam
1032 2923 1162 2966 movens.
1207 2904 1294 2981 Quod
1316 2905 1413 2965 iumen
1436 2902 1544 2963 Terrae

192 2989 290 3051 tribuo
314 2995 512 3053 mutuatitium
541 3010 578 3052 cx
599 2993 683 3065 Sole,
715 2995 745 3053 id
769 3011 827 3054 non
854 2993 915 3053 alia
936 2997 982 3053 ris
1005 3002 1062 3068 est,
1096 2997 1231 3069 quamsi
1255 2992 1366 3051 homiui
1390 2990 1544 3050 dormienti

192 3083 261 3155 quis
281 3077 438 3156 palpebras
462 3097 513 3156 per
538 3083 596 3139 rim
619 3080 751 3155 divellat,
776 3091 808 3140 ut
830 3079 930 3140 Solem
950 3081 1012 3157 jam
1036 3088 1131 3139 ortum
1160 3080 1350 3157 lucentesque
1374 3097 1410 3139 ex
1433 3079 1545 3137 illumi·

191 3169 309 3227 natione
332 3166 410 3226 Solis
439 3174 552 3226 montes
575 3170 745 3244 conspiciat
790 3168 891 3229 Siris
922 3174 966 3228 est
993 3167 1131 3241 dicenda,
1161 3185 1240 3244 quoe
1272 3174 1458 3242 tempestates
1480 3171 1544 3240 ciet,

192 3258 259 3312 aeri
282 3262 309 3312 et
332 3258 420 3329 aquis
442 3258 589 3330 lingeret,
619 3273 655 3314 ea
677 3264 758 3315 tanto
782 3255 876 3331 major
899 3266 944 3315 est
966 3274 1001 3315 ex
1024 3263 1091 3329 tue,
1122 3272 1211 3331 quam
1241 3272 1277 3321 ex
1300 3272 1366 3314 mea
1388 3256 1545 3332 sententia,

191 3352 303 3416 quanto
327 3341 421 3417 major
445 3343 490 3400 vie
513 3349 573 3413 est,
607 3343 632 3401 si
656 3341 828 3416 Germania,
851 3345 876 3400 si
898 3341 1052 3405 Britannia
1075 3351 1239 3402 exterorum
1263 3342 1432 3419 tyrannide,
1464 3341 1544 3419 quod

192 3429 280 3502 absit,
305 3430 494 3505 opprimatur,
519 3431 655 3504 quamsi
680 3431 829 3506 quaelibet
850 3432 1005 3506 provincia
1028 3429 1181 3506 indigenae
1206 3432 1344 3505 antiquae
1366 3432 1465 3506 stirpis
1488 3429 1544 3489 do-

192 3517 306 3575 minatu
329 3523 471 3575 teneatur.
516 3516 619 3592 Neque
643 3526 741 3577 tamen
772 3519 845 3577 mibi
866 3520 967 3577 anima
987 3517 1094 3577 Terrae
1123 3520 1181 3577 ciet
1203 3517 1352 3591 aetherea,
1382 3520 1545 3578 auctarium

191 3604 249 3663 hoc
271 3611 354 3662 tuum
377 3603 429 3661 tibi
452 3603 570 3665 habeto.

278 3688 357 3749 Solis
390 3698 486 3749 motus
516 3710 535 3749 a
556 3709 602 3749 me
633 3691 715 3757 nulla
738 3694 767 3750 ri
790 3692 979 3765 cohibentur,
1010 3690 1107 3751 nullos
1137 3694 1213 3765 enim
1242 3709 1306 3751 esse
1332 3680 1430 3751 motuis
1453 3693 1543 3751 centri

191 3777 292 3837 doceo.
338 3774 379 3837 Ut
400 3785 497 3837 tamen
521 3780 545 3836 ie
568 3796 620 3854 per
642 3782 769 3854 speciem
788 3797 941 3856 egressam
973 3786 1002 3838 et
1024 3782 1067 3838 sic
1089 3796 1167 3838 mero
1191 3790 1264 3838 nutu
1291 3774 1374 3860 (ecce
1398 3779 1544 3856 tranquil-

192 3861 320 3947 litatem)
345 3865 478 3941 planetas
506 3866 625 3926 movere
653 3869 763 3943 possit,
795 3860 977 3927 volutionc'm
1007 3866 1048 3924 illi
1081 3869 1209 3943 corporis
1236 3869 1313 3926 eirca
1335 3884 1419 3925 etrum
1443 3866 1541 3939 arem,

195 3959 355 4013 attestante
377 3970 465 4012 sensu
487 3954 567 4029 ipso,
591 3952 707 4029 largior.

284 4038 340 4096 Ad
363 4039 544 4116 AnaIysin
566 4039 652 4100 xvi.
706 4040 848 4117 Nuspiam
879 4041 988 4100 clariud
1015 4049 1153 4119 apparet,
1187 4059 1234 4100 me
1267 4044 1295 4099 in
1327 4043 1543 4118 comparatione

194 4128 305 4187 versari
327 4136 492 4186 nostrorum
516 4145 654 4203 operum,
687 4145 743 4185 non
767 4131 797 4185 in
821 4129 1045 4203 obtrectatione,
1070 4146 1157 4205 quam
1181 4129 1242 4202 bie,
1273 4131 1323 4187 uhi
1346 4146 1401 4204 ego
1424 4129 1543 4205 subjec-

190 4223 253 4273 tum
275 4231 358 4273 meae
380 4214 563 4274 harmonicas
587 4217 614 4272 in
638 4224 793 4289 angustum
818 4216 967 4290 contraho,
991 4217 1069 4293 quod
1089 4225 1266 4276 contemtum
1290 4217 1435 4293 quidest,
1460 4225 1543 4274 tuum

191 4319 275 4375 vero,
306 4302 453 4381 Roberte,
483 4303 602 4378 emplio.
648 4302 727 4378 Quid
754 4321 813 4362 non
841 4304 941 4362 turbat
969 4303 1034 4362 ira?
1078 4303 1122 4362 Ne
1152 4303 1209 4363 boc
1231 4304 1349 4380 quidem
1373 4307 1543 4380 concoquis,

191 4391 309 4464 quaeris
331 4390 410 4465 quod
434 4399 534 4449 mutuo
559 4406 698 4467 reponas,
731 4390 835 4467 objicis
858 4393 1033 4450 contrariam
1056 4390 1293 4472 amplitudinem,
1317 4392 1544 4468 exprobraturus

192 4478 294 4551 utique
318 4479 477 4536 contrarias
501 4481 661 4554 angustiae,
685 4479 709 4536 si
733 4479 860 4555 spatium
877 4496 932 4553 ego
955 4479 1052 4554 majus
1067 4478 1243 4559 harmonicis
1257 4481 1330 4538 meis
1351 4494 1543 4554 arrogassem.

278 4563 432 4635 Causaris,
464 4583 511 4625 me
534 4565 668 4626 coelestis
691 4565 861 4624 harmoniae
886 4564 1057 4626 descensum
1080 4565 1118 4625 ad
1142 4582 1194 4625 nos
1225 4565 1304 4625 nolle
1326 4568 1469 4642 respicere
1492 4572 1544 4625 aut

190 4649 352 4711 attendere.
398 4648 475 4726 Quid
499 4652 593 4725 dicas,
626 4669 683 4712 non
707 4655 808 4728 capio,
839 4670 898 4713 noo
921 4672 985 4712 snm
1017 4655 1093 4715 enim
1125 4651 1202 4713 tilius
1230 4655 1392 4730 sapientiae
1415 4646 1541 4713 Herme-

192 4738 278 4808 ticae,
301 4755 356 4798 neo
378 4741 496 4798 assueri
517 4738 714 4799 locutionibus
737 4741 955 4816 aenigmaticis>
994 4741 1071 4800 Nam
1092 4739 1129 4799 de
1143 4740 1304 4801 Jamblichi
1320 4740 1438 4800 oraculo
1454 4758 1543 4818 supra

191 4828 264 4886 eatis
287 4828 369 4899 cart,
393 4825 543 4901 quomodo
566 4825 596 4885 id
619 4829 707 4887 etiam
730 4844 786 4905 ego
809 4829 981 4904 intelligam.
1030 4829 1080 4888 Est
1102 4844 1162 4888 una
1183 4846 1256 4890 sane
1279 4830 1369 4904 ratio,
1401 4844 1461 4909 qua
1484 4846 1542 4889 non
