3792 5860
600 400 850 465 ,aemendatione
872 400 968 459 -Lrber
984 403 1006 459 L
1435 406 1475 467 83

130 581 223 659 potuit
244 581 413 657 significare
437 579 572 654 Terram,
596 580 756 643 ermundo
780 579 981 641 dodecabdrou
1004 579 1139 653 adscribi,
1162 582 1232 656 quia
1254 581 1360 641 ‘lenae
1383 584 1476 640 curri·
1502 558 1517 639 i

131 668 225 729 culum
249 668 306 728 hac
327 668 424 745 figura
447 670 624 742 continetur,
658 668 811 728 duodecim
838 667 1030 744 longitudinis
1058 668 1191 744 partibus
1220 668 1403 743 distinctum,
1435 660 1508 727 utir

131 756 179 815 tha
199 756 297 834 figura
319 755 475 816 duodecim
506 763 567 815 toto
595 756 707 814 ambitu
731 756 826 832 planis
848 758 1020 815 continetur.
1065 753 1151 829 Quod
1173 757 1260 831 igitur
1281 758 1309 813 in
1332 758 1506 834 mysteriis¹

131 843 384 923 Pythagoreorum
410 842 468 902 hoe
499 850 587 919 pacto
618 845 746 920 quinque
775 843 885 919 figurae
916 843 1088 902 distributae
1110 843 1217 902 tuerint
1239 859 1296 901 non
1320 845 1393 904 inter
1416 842 1479 903 ele·

132 939 238 1005 ments,
263 940 296 990 ut
313 930 487 990 Aristoteles
503 929 634 1005 credidit,
657 930 710 990 sed
731 932 805 990 inter
827 931 908 1006 ipsos
923 931 1074 1006 planetas,
1098 928 1171 989 illud
1194 929 1241 987 rei
1264 935 1390 990 maxime
1406 948 1478 989 eon·
1501 956 1506 969 ›

132 1019 234 1093 mmet,
260 1018 340 1095 quod
354 1017 477 1077 Procles
500 1017 587 1078 duem
608 1020 785 1094 geometriae
808 1019 886 1077 inter
908 1026 1020 1078 eeteros
1043 1016 1121 1076 bunc
1142 1014 1239 1091 tradit,
1263 1018 1341 1093 quod
1365 1018 1504 1117 doceat„4P

133 1123 189 1184 quo
212 1106 304 1165 modo
326 1106 434 1183 figuras
456 1108 663 1169 convenientes
687 1103 802 1166 coelum
826 1107 912 1165 certis
934 1107 980 1165 sui
1002 1105 1133 1181 partibus
1155 1109 1307 1181 acceperit
1493 1120 1503 1157 r

216 1193 351 1253 Necdum
380 1191 446 1252 finis
477 1202 521 1253 est
544 1193 659 1267 damni,
689 1192 769 1271 quod
791 1192 902 1252 Remus
924 1194 1009 1253 nobie
1032 1191 1130 1267 dedit;
1158 1208 1225 1252 ecce
1248 1192 1479 1252 sollertissimum

133 1289 347 1358 geometrarum
367 1280 574 1340 hodiernorum
596 1279 751 1354 Suettium,
774 1280 863 1357 plane
885 1281 1093 1355 suffragantem
1116 1278 1223 1353 Remo,
1246 1281 1426 1357 praefatione
1448 1282 1478 1336 in

135 1368 285 1445 ludolphi
309 1386 327 1427 a
350 1366 469 1427 Goellen
491 1364 727 1445 Problemam²):
750 1371 874 1444 primum
887 1369 938 1442 ait,
962 1368 1004 1427 cd
1025 1384 1116 1426 uram
1130 1368 1268 1426 inutilem
1284 1384 1342 1426 erse
1356 1367 1479 1427 donu-

134 1474 200 1515 ncm
230 1457 318 1514 illum
347 1455 548 1531 meffabilium
577 1459 611 1514 in
634 1455 773 1515 tredecim
794 1459 911 1530 specim
956 1453 1106 1527 Concedo,
1138 1456 1163 1512 si
1189 1455 1299 1513 nullum
1324 1453 1372 1513 ille
1395 1471 1479 1513 usum

138 1550 291 1620 agnoscat,
321 1544 377 1601 nisi
400 1545 428 1600 in
452 1545 515 1602 ritu
537 1545 682 1604 communi
711 1551 741 1602 et
762 1544 788 1601 si
809 1542 907 1602 nuilus
937 1541 1215 1618 contemplationum
1236 1542 1421 1620 physicarum
1443 1544 1482 1600 sit

135 1649 204 1691 usus
227 1630 267 1689 ad
293 1632 391 1689 ritem
437 1630 478 1689 At
500 1647 550 1688 cur
571 1647 630 1690 ncn
653 1629 788 1691 Proelum
817 1632 963 1706 sequitur,
996 1647 1083 1705 quem
1109 1629 1234 1706 alleget,
1267 1632 1316 1706 qui
1347 1631 1480 1706 agnoseit

136 1718 256 1795 aliquod
284 1717 380 1792 majus
409 1719 585 1793 geometriae
612 1719 736 1791 bonum,
768 1735 856 1794 quam
885 1727 953 1778 sunt
981 1726 1058 1776 artes
1090 1716 1129 1775 ad
1157 1722 1247 1776 vitam
1276 1716 1479 1777 necessariae?

135 1815 203 1865 tunc
224 1805 364 1882 equidem
385 1813 414 1864 et
437 1804 540 1864 decimi
563 1804 630 1864 libri
653 1823 723 1865 usus
745 1807 930 1882 apparuisset
958 1807 988 1862 in
1016 1803 1206 1887 aestimandis
1234 1803 1388 1881 figurarum
1411 1821 1480 1880 spe-

136 1895 247 1953 ciebus.
294 1891 413 1968 Allegat
434 1891 561 1953 Suettius
583 1900 718 1953 auctores
746 1900 924 1967 geometras,
953 1893 1005 1968 qui
1032 1908 1091 1950 non
1120 1898 1238 1952 utantur
1264 1892 1338 1952 libro
1368 1892 1480 1951 decimo

136 1980 276 2040 Euclidis.
321 1979 400 2039 Sane
424 1996 523 2040 omnes
546 1979 588 2038 illi
611 1990 663 2040 aut
685 1980 806 2041 linearia
829 1987 955 2041 uaemnt
976 1978 1158 2055 problemata
1179 1988 1232 2038 aut
1253 1978 1364 2052 solida,
1392 1978 1480 2038 etde

136 2067 235 2145 liguria
259 2066 309 2128 rel
331 2069 544 2143 quantitatibus
565 2067 683 2143 talibus,
707 2085 783 2143 quae
805 2083 864 2126 non
886 2068 996 2127 babent
1017 2066 1104 2126 tinem
1125 2083 1210 2126 suum
1233 2069 1309 2125 intra
1331 2082 1406 2144 sese,
1428 2064 1480 2125 sed

136 2156 289 2216 manifeste
312 2154 436 2214 tendunt
457 2154 495 2213 ad
517 2172 588 2214 usus
610 2156 684 2216 alios
707 2171 760 2214 nec
782 2157 846 2214 sine
868 2156 904 2214 iis
928 2156 1154 2231 exquirerentur.
1201 2153 1370 2230 Arflguras
1393 2170 1480 2229 regu·

137 2243 210 2303 lares
233 2250 353 2319 propter
374 2259 406 2302 se
428 2242 507 2320 ipsas
531 2244 718 2317 exquiruntur
739 2251 774 2301 ut
794 2242 954 2321 archetypi,
977 2260 1061 2302 suam
1084 2245 1113 2299 iu
1135 2242 1261 2319 seipsis
1283 2242 1391 2301 habent
1413 2257 1482 2316 per-

138 2332 292 2391 tectionem
315 2338 441 2405 suntque
463 2331 537 2389 inter
559 2330 693 2406 subJecta
714 2329 867 2408 planorum
889 2329 1120 2407 problematum,
1142 2330 1373 2403 nonobstante,
1397 2327 1477 2404 quod

137 2419 233 2495 planis
256 2416 354 2477 hedris
377 2416 504 2476 solidum
526 2419 615 2476 etiam
638 2418 797 2478 clauditur:
821 2420 954 2479 similiter
977 2418 1132 2497 etfldecimi
1155 2415 1221 2475 libri
1242 2418 1364 2476 materia
1385 2417 1481 2494 potis-

138 2508 244 2565 simum
266 2504 305 2563 ad
327 2505 418 2582 plana
439 2507 573 2581 pertinet.
619 2504 677 2564 Cur
699 2509 786 2583 igitur
808 2505 1004 2584 allegarentur
1026 2505 1241 2581 heterogenea?
1270 2513 1321 2564 aut
1343 2520 1393 2564 cur
1415 2502 1482 2563 vilis
1533 2552 1537 2559 .

139 2596 312 2653 aestimatur
334 2609 429 2665 mers,
460 2608 549 2668 quam
571 2608 630 2651 nou
653 2595 722 2653 emit
745 2593 872 2669 Codrus,
904 2603 936 2653 ut
965 2612 1000 2653 ea
1021 2601 1152 2654 ventrem
1174 2598 1292 2669 pascat,
1321 2594 1390 2652 emit
1412 2606 1482 2650 uero

140 2680 307 2758 Cleopatra,
331 2687 364 2738 ut
386 2696 470 2739 aures
493 2678 594 2739 emet?
627 2680 725 2755 ,Crux
746 2672 860 2740 tantum
883 2682 978 2740 dedra
1001 2689 1045 2740 est
1066 2678 1235 2756 ingeniis“?
1272 2678 1414 2756 Equidem
1437 2679 1481 2751 iis,

140 2770 189 2845 qui
210 2760 355 2841 numeris,
384 2766 440 2826 boe
468 2764 513 2826 eal
541 2765 655 2826 effando
685 2776 793 2829 vexant
819 2769 989 2829 ineffabilia.
1035 2769 1075 2827 At
1098 2784 1152 2844 ego
1182 2766 1235 2826 has
1257 2768 1368 2841 speeies
1391 2772 1482 2823 macto

139 2873 198 2915 uos
219 2856 357 2929 numeris,
381 2871 438 2913 non
461 2872 513 2931 per
534 2854 692 2931 algebrom,
716 2856 767 2915 sed
781 2858 1005 2916 ratiocinatione
1027 2857 1149 2929 mentis;
1172 2871 1242 2913 saue
1266 2854 1335 2928 quia
1355 2853 1391 2910 iis
1413 2852 1484 2911 mihi

140 2960 196 3004 non
220 2951 267 3003 est
289 2959 363 3018 opus
386 2941 423 3001 ad
446 2940 651 3002 subducendas
672 2947 799 3003 rationes
822 2952 1016 3016 mereatuum,
1046 2942 1097 3003 sed
1120 2941 1158 3000 ad
1181 2939 1367 3017 explicandas
1389 2956 1484 2998 rerum

141 3048 255 3091 causas
300 3028 488 3106 Segreganda
510 3039 608 3113 censet
629 3031 751 3091 subtilia
772 3033 829 3089 ista
850 3050 869 3090 a
890 3051 1061 3110 στοιχειωσει
1090 3031 1177 3105 inque
1206 3027 1400 3088 bibliothecas
1428 3027 1484 3085 ab·

140 3116 310 3179 strudenda.
355 3114 482 3176 Omnino
503 3115 596 3176 fidum
617 3116 703 3178 Remi
726 3117 900 3193 decipulum
929 3120 992 3194 agit
1018 3133 1073 3176 uec
1100 3119 1227 3194 ineptam
1256 3114 1334 3174 locat
1355 3131 1482 3190 operam.

139 3206 253 3266 Remus
275 3202 410 3264 aedificio
433 3203 572 3264 Euclideo
593 3204 715 3265 sormam
738 3206 862 3278 ademit,
891 3205 1003 3265 culmen
1034 3206 1162 3281 proruit,
1190 3204 1318 3281 quinque
1347 3216 1484 3278 eorpora3

140 3294 249 3371 quibus
271 3291 380 3352 ablatis
409 3308 566 3368 compages
597 3297 691 3353 omnis
722 3292 865 3352 dissolute
892 3294 961 3367 rurr,
993 3299 1072 3352 stant
1093 3292 1167 3351 muri
1198 3290 1272 3364 fissi,
1300 3290 1425 3349 loruieea
1454 3291 1484 3348 in

138 3384 256 3440 ruinam
278 3380 420 3438 minaces:
444 3377 571 3438 Sneilius
594 3382 682 3455 igitur
703 3384 792 3441 etiam
807 3389 989 3441 caementum
1010 3381 1114 3454 aufert,
1137 3385 1169 3440 ut
1191 3378 1275 3454 cujus
1296 3380 1353 3436 nisi
1375 3376 1411 3435 ad
1434 3394 1485 3436 so·

139 3467 287 3527 liditatem
310 3465 413 3525 domus
436 3466 490 3525 sub
514 3471 642 3543 quinque
664 3468 764 3545 figuris
780 3476 1001 3544 coagmentatae
1023 3466 1122 3526 nullus
1145 3474 1190 3526 est
1211 3484 1291 3525 usus.
1322 3463 1483 3524 Olelic'em

141 3563 262 3633 captum
285 3552 435 3630 discipulii
465 3571 552 3630 quam
581 3554 631 3614 ille
660 3555 759 3616 dextre
782 3556 935 3616 Euclidem
957 3555 1119 3631 intelligere
1142 3553 1243 3612 didicit
1264 3552 1412 3613 aRemoi
1442 3569 1483 3612 sc.

140 3644 207 3705 ideo
230 3647 338 3719 putant
359 3660 485 3719 scorgate
509 3641 602 3722 dicta,
628 3643 707 3718 quod
730 3645 895 3705 inveniatur
917 3647 946 3701 in
969 3642 1090 3702 Euclide
1112 3643 1343 3717 propositionum
1365 3646 1393 3698 et
1415 3655 1485 3714 pro·

140 3731 305 3790 blematum
327 3734 356 3787 et
378 3727 590 3789 theorematum
611 3732 764 3790 omnifaria
785 3734 885 3807 copia,
908 3732 947 3790 ad
970 3747 1054 3790 omne
1076 3746 1169 3806 genus
1193 3730 1386 3804 quantitatum
1409 3729 1481 3785 arti-

141 3824 252 3894 umque
275 3818 352 3875 cirea
373 3815 439 3877 illas
454 3824 676 3893 occupatarum:
699 3829 764 3879 cum
785 3816 860 3878 liber
873 3837 1050 3898 στοιχειωσις
1071 3820 1109 3875 sit
1125 3816 1218 3875 dietus
1241 3833 1260 3874 a
1280 3814 1380 3887 torma,
1403 3812 1482 3890 quod

142 3921 259 3982 semper
280 3920 405 3980 sequens
427 3906 589 3981 propositio
611 3907 751 3966 innitatur
772 3907 956 3984 praecedenti
973 3921 1064 3982 usque
1088 3903 1125 3963 ad
1148 3903 1279 3962 ultimam
1301 3901 1367 3960 iibri
1389 3901 1483 3959 ultimi

144 3995 267 4071 (partim
291 3999 319 4051 et
342 3991 407 4051 libri
430 3995 523 4068 noni),
556 4009 632 4068 quae
654 3993 736 4053 uuila
756 3997 884 4070 priorum
906 4010 1002 4053 carere
1024 3998 1131 4068 potest.
1176 3990 1220 4049 Ex
1242 3988 1399 4048 architecto
1422 3987 1483 4046 enl-

144 4083 273 4140 tuarium
294 4079 405 4137 iaciunt
434 4087 488 4138 aut
515 4083 724 4155 materiarium,
755 4084 967 4154 existimantes,
997 4079 1146 4138 Euclidem
1177 4077 1243 4136 ideo
1273 4077 1378 4134 librum
1400 4092 1485 4133 suum

144 4168 312 4246 scripsisse,
336 4176 368 4225 ut
390 4168 525 4226 omnibus
547 4166 614 4226 aliis
637 4168 848 4240 commodaret,
880 4167 961 4228 solus
983 4166 1213 4242 ipsepropriam
1237 4164 1353 4223 domum
1376 4163 1484 4221 nullam

145 4254 277 4317 haberet
306 4251 365 4313 Sed
386 4253 453 4331 plus
475 4255 546 4315 satis
568 4254 712 4316 hocloco
735 4255 875 4331 dehisce,
898 4254 1100 4315 revertendum
1123 4260 1168 4312 est
1182 4251 1220 4310 ed
1235 4257 1323 4327 caput
1338 4253 1486 4310 orationis.

233 4340 309 4400 (ium
331 4341 407 4400 enim
430 4358 584 4415 cernerem,
608 4360 692 4403 veras
716 4349 745 4403 et
765 4344 909 4418 genuinas
930 4360 1025 4402 rerum
1040 4343 1279 4418 geometricarum
1303 4337 1486 4407 differentias,

147 4429 297 4506 aquibus
326 4429 516 4489 arcessendae
544 4429 616 4495 mihi
644 4438 713 4491 suut
743 4448 849 4491 causae
879 4430 1110 4490 harmonicorum
1136 4427 1368 4505 proportionum,
1398 4425 1488 4501 vulgo

147 4518 275 4595 ignorari
299 4518 424 4594 penitus,
447 4516 605 4593 Euclidem,
630 4521 679 4594 qui
702 4517 799 4577 studio
822 4517 888 4577 ilias
903 4518 1071 4595 tradiderat,
1092 4515 1177 4574 Remi
1192 4512 1306 4573 cavillis
1321 4528 1490 4590 oppressum

150 4603 268 4682 explodi
294 4606 474 4683 strepituque
503 4604 717 4665 lasciuientium
747 4605 921 4666 obturbante
950 4624 968 4664 a
996 4607 1110 4665 nemine
1138 4600 1284 4674 exaudiri,
1316 4598 1368 4661 aut
1396 4600 1490 4659 surdis

151 4697 237 4769 etiam
260 4707 377 4751 narrare
399 4691 608 4770 philosophiae
629 4695 787 4771 mysteria,
814 4692 967 4767 Proelum,
999 4695 1048 4768 qui
1071 4699 1196 4748 mentem
1219 4687 1348 4748 Euclidis
1370 4689 1492 4766 aperire,

151 4782 286 4839 abstrusa
307 4797 422 4858 eruere,
452 4779 615 4839 difficiliora
642 4790 728 4857 captu
754 4781 854 4840 facilia
875 4780 993 4839 reddere
1015 4779 1166 4855 potuisset,
1195 4783 1224 4835 et
1247 4775 1406 4835 deridiculo
1429 4790 1493 4834 esse

151 4884 204 4928 uec
227 4866 444 4927 Commentaria
465 4885 519 4927 stra
540 4885 633 4944 usque
655 4868 693 4929 ad
716 4868 820 4927 librum
836 4867 980 4927 decimum
995 4863 1197 4926 continuasse:
1224 4862 1282 4923 ridi
1304 4865 1361 4923 hoc
1377 4862 1493 4921 omnino

1299 4965 1340 5020 θ*
