3882 5862
797 406 939 495 apologia.
1484 418 1546 497 lfa

281 602 346 684 Age
368 620 510 681 namque,
541 604 739 665 conditionem
761 603 815 687 tihi
838 602 950 672 defero,
972 602 1105 677 regulam
1126 601 1198 662 mihi
1227 607 1405 682 praescribe,
1429 626 1464 668 ex
1488 606 1547 687 qua

195 710 351 771 agnoscam
381 697 411 752 in
441 697 579 753 contiuuo
602 694 789 770 perfectiouis
812 707 916 766 opere,
950 690 1068 766 quando
1091 691 1223 764 undem,
1258 710 1317 768 quo
1347 695 1455 755 indicio
1478 716 1547 776 per·

195 786 328 843 veniatur
350 782 391 840 ed
411 790 545 841 exactum
569 798 645 856 aque
668 779 789 854 reliquis
805 778 974 837 distinctum
988 777 1110 853 madum
1125 778 1321 855 perfectionis.
1368 782 1545 847 Demonstro

147 860 151 869 ’
195 875 283 930 ctiam
305 869 448 946 graduum
471 869 652 945 singulorum
674 864 922 942 aequipollentias
944 866 1097 942 physicae,
1129 865 1205 924 unde
1227 869 1335 942 sciam,
1367 871 1462 931 inesse
1486 873 1545 933 iilis

195 958 342 1034 quandam
364 960 505 1015 rationem
529 955 723 1032 aequalitatis.
768 953 818 1013 Sic
840 955 977 1019 enimin
999 957 1159 1027 geometria
1187 955 1274 1029 inque
1303 959 1441 1017 continuo
1463 959 1545 1020 fluxu

193 1049 293 1122 puncti
317 1046 354 1104 ad
377 1044 553 1119 gignendam
577 1044 683 1102 lineam
700 1042 866 1100 demonstro
881 1055 946 1115 ego,
970 1040 1089 1115 quando
1110 1057 1207 1116 quove
1231 1042 1338 1102 iudicio
1356 1048 1546 1119 perveniatur

194 1134 232 1192 ad
256 1142 390 1191 exactam
411 1148 487 1207 aque
511 1132 624 1205 reliqna
646 1129 743 1189 lineae
764 1126 948 1203 longitudine
972 1129 1138 1187 distinctam
1161 1146 1341 1199 meneutam,
1366 1148 1442 1207 quae
1466 1134 1545 1193 divi·

193 1225 305 1279 eion'em
327 1222 357 1276 in
380 1219 520 1278 circulum
542 1220 645 1277 ini'erat
668 1217 882 1288 harmonicam
906 1213 1074 1275 demonstro
1091 1217 1190 1288 etiam,
1213 1226 1311 1292 partes
1334 1220 1443 1292 circuli,
1468 1238 1544 1297 quae
1582 1254 1585 1267 ·

193 1308 317 1383 singulis
341 1307 501 1365 unitatibus
524 1306 689 1376 efferuntur,
713 1320 778 1363 ease
800 1301 983 1377 longitudine
997 1302 1147 1378 aequales.
1192 1303 1276 1363 Tunc
1298 1305 1465 1380 concedam,
1490 1310 1544 1368 tibi

193 1413 251 1453 non
279 1397 374 1452 minue
404 1410 492 1469 quam
522 1393 595 1451 mihi
622 1409 656 1451 ex
680 1393 806 1449 numeris
836 1391 879 1448 sic
903 1391 1034 1449 formatis
1057 1406 1152 1465 eoque
1177 1391 1361 1467 formalibus
1382 1403 1545 1455 concentus

193 1487 227 1541 irs
247 1485 365 1541 musico
387 1490 522 1540 cannara
544 1487 572 1539 et
590 1481 625 1538 in
646 1482 685 1537 s'r'e
701 1481 804 1553 jacere
826 1479 917 1536 totius
937 1476 1134 1535 harmonicae
1156 1481 1297 1537 cmcatine
1319 1488 1473 1539 secretam.

278 1570 343 1628 Etsi
365 1568 422 1627 hoc
444 1571 499 1628 erit
520 1565 704 1627 liberalitatis
732 1581 825 1624 meae.
870 1563 946 1623 Nasu
968 1581 1085 1639 possem
1115 1563 1212 1624 adhuc
1234 1566 1368 1643 obloqui,
1391 1569 1544 1643 -grndibus

192 1656 251 1715 illis
278 1657 487 1732 perfectionum
518 1657 546 1712 in
576 1662 681 1713 ustura
708 1655 809 1728 potius
840 1668 875 1710 ex
907 1652 953 1709 his
983 1653 1057 1710 meis
1085 1651 1309 1712 formationibus
1337 1659 1544 1731 quantitativie

192 1747 355 1811 accessisse
379 1744 636 1803 determinationes
658 1741 741 1807 ilias,
766 1756 855 1814 quam
879 1747 911 1797 ut
932 1740 1062 1798 musicam
1084 1748 1201 1799 nonnae
1224 1752 1419 1805 concentuum
1441 1747 1544 1804 suari-

192 1840 238 1891 tee
262 1835 362 1889 veniat
383 1849 419 1889 er
442 1830 500 1888 iliis
523 1829 662 1906 gradibus
684 1826 886 1903 perfectionis,
909 1834 1073 1902 propterea,
1097 1829 1168 1903 quia
1190 1830 1371 1903 quantitates
1392 1832 1422 1888 in
1445 1840 1543 1892 mente

191 1928 261 1977 sunt
282 1917 481 1993 mundumque
510 1916 690 1994 praecedunt
710 1922 744 1973 nt
767 1914 932 1989 archetypi,
962 1922 993 1972 at
1015 1915 1201 1990 perfectiouis
1226 1915 1335 1991 gradus
1362 1912 1543 1995 sunt'opera

191 2006 293 2067 martiii
318 2006 377 2078 jam
400 2006 561 2064 constituti.
587 1997 672 2062 'Non
694 2004 782 2078 igitur
804 2003 962 2073 assentior,
993 2019 1058 2060 cum
1080 2003 1138 2074 aie,
1161 2003 1224 2061 eine
1247 2005 1413 2079 cognitione
1436 2004 1540 2064 horum
1651 2032 1660 2047 ·

190 2110 385 2165 numerorum,
409 2094 459 2168 qui
481 2091 594 2151 scilicet
616 2107 634 2149 a
656 2089 795 2165 gradibus
816 2088 1004 2164 perfeetionis
1019 2096 1142 2149 naturae
1163 2089 1333 2163 formantur,
1356 2092 1541 2168 impossibiie

191 2198 273 2253 esse,
304 2180 340 2240 de
369 2182 480 2239 musica
506 2181 570 2238 sive
600 2174 748 2236 mundana
779 2176 843 2235 sive
865 2174 1010 2235 artificiali
1037 2178 1092 2235 rite
1110 2174 1253 2252 judicare.
1298 2178 1374 2237 Nam
1403 2181 1541 2240 simodo

190 2271 249 2328 sint
273 2270 395 2342 numeri,
420 2275 453 2325 ut
475 2274 569 2326 tecam
592 2265 706 2340 loquar,
729 2263 853 2335 formati,
876 2263 974 2322 verius
988 2265 1117 2324 concreti
1136 2267 1350 2341 quantitatibus
1365 2267 1542 2328 mentalibus

190 2365 220 2414 et
242 2355 454 2432 archetypicie,
477 2355 637 2413 rectissime
660 2369 696 2410 ex
718 2352 755 2410 iis
778 2351 814 2410 de
838 2352 916 2408 omni
939 2352 1053 2423 musica
1072 2350 1199 2426 judicari
1214 2361 1313 2428 potest
1334 2356 1482 2431 etiamque
1505 2355 1541 2416 de

190 2442 249 2503 illis
272 2444 343 2518 lpeis
366 2443 425 2502 tuis
446 2440 586 2517 gradihus
607 2438 817 2517 perfectionum
840 2445 972 2498 naturae.

278 2529 356 2589 iilud
379 2531 468 2589 etiam
491 2525 581 2605 paulo
604 2525 675 2585 mihi
698 2533 743 2585 eet
763 2525 952 2599 insolentius,
975 2522 1065 2603 qued,
1089 2541 1163 2600 quoe
1186 2543 1242 2602 ego
1264 2544 1400 2588 numeros
1423 2529 1541 2607 appello

188 2618 364 2689 abstractos,
388 2624 419 2675 ιιι
442 2614 607 2676 materiales
631 2622 660 2673 et
682 2613 804 2673 sensiles
827 2612 969 2689 appellas.
1015 2611 1118 2671 Omnis
1140 2630 1293 2687 uumerus,
1319 2623 1352 2673 ut
1375 2618 1414 2675 sit
1436 2634 1541 2677 trume-

187 2723 248 2777 rue,
274 2707 364 2764 menti
387 2706 485 2764 inesse
508 2703 611 2776 debet,
635 2709 667 2760 ut
690 2701 777 2760 docet
799 2700 987 2771 Aristotelem
1019 2700 1047 2755 iu
1069 2701 1204 2760 sensibus
1230 2704 1319 2778 inque
1339 2706 1463 2762 materia
1483 2721 1541 2763 nu-

188 2809 288 2852 merus
311 2809 368 2850 nou
392 2800 445 2863 est,
469 2791 519 2850 scd
544 2792 670 2848 unitates
693 2788 851 2866 dispersae.
896 2786 1013 2846 Videris
1037 2788 1124 2844 etiarn
1148 2787 1263 2847 titulum
1283 2789 1413 2848 iornralie
1428 2795 1540 2852 numeri

188 2880 367 2957 confrrndere
391 2896 457 2938 eum
472 2877 659 2937 distinctione
674 2875 726 2936 illa
741 2874 939 2947 Aristotelian,
962 2891 1028 2934 cum
1053 2873 1266 2951 Pythagoricos
1296 2877 1338 2935 ait
1362 2894 1439 2937 nunc
1458 2877 1540 2955 ioqui

188 2969 224 3027 de
249 2970 378 3026 rurmeris
401 2968 463 3025 suis
485 2974 518 3024 ut
539 2966 702 3024 numerosis
738 2979 816 3021 nunc
836 2968 871 3020 ut
893 2961 929 3020 de
951 2960 1098 3034 formatis,
1122 2970 1155 3021 ιιι
1176 2964 1206 3020 in
1230 2962 1349 3023 denario
1372 2964 1540 3026 considera·

188 3066 235 3114 tur
261 3054 307 3112 vel
329 3052 485 3112 multitudo
509 3054 654 3112 unitatum
676 3006 724 3110 vei
745 3049 850 3126 figura.

277 3141 376 3216 Negas
413 3150 442 3200 te
472 3143 532 3199 viru
564 3139 778 3198 harmoniarum
812 3144 927 3194 tuarum
963 3152 999 3194 ex
1032 3138 1159 3217 numeris
1192 3137 1348 3198 abstractis
1379 3141 1538 3218 accepisse.

185 3228 295 3304 Neque
317 3229 373 3287 hoc
395 3244 451 3305 ego
474 3227 560 3304 plene
583 3228 625 3284 ita
647 3223 722 3297 disi,
755 3223 807 3283 scd
829 3240 895 3281 eum
917 3220 1070 3285 didicisses
1092 3239 1129 3281 ex
1151 3225 1315 3307 veteribus,
1338 3228 1413 3286 inter
1435 3244 1539 3286 nume·

185 3333 236 3375 ros
263 3318 281 3375 8
307 3324 335 3375 et
359 3318 379 3373 4
402 3333 466 3375 esee
488 3316 704 3392 proportionem
727 3311 939 3380 harmonicam,
971 3326 1066 3384 neque
1096 3311 1299 3383 observasses,
1330 3311 1388 3372 iilis
1412 3317 1539 3374 unitates

187 3420 294 3463 omnes
317 3407 345 3460 in
369 3401 565 3480 applicatione
587 3400 677 3460 lubae
699 3398 840 3476 aequales
861 3396 1043 3474 longitudine
1066 3397 1247 3471 chordarum,
1272 3401 1341 3473 dixi,
1366 3408 1394 3460 te
1418 3401 1539 3463 dimissa

185 3490 371 3568 aequalitate
401 3491 598 3566 quantitative
628 3486 792 3566 applicasse
819 3500 956 3547 numeros
986 3487 1064 3559 ipsos
1089 3487 1123 3558 8,
1155 3488 1175 3543 4
1202 3503 1268 3547 oum
1290 3489 1453 3549 unitatibus
1475 3491 1537 3549 euie

184 3577 323 3655 partibus
346 3576 462 3651 mundi,
494 3593 553 3635 non
576 3575 702 3652 amplius
724 3578 798 3634 inter
820 3591 852 3633 ee
874 3571 1058 3647 aequalibus.
1102 3571 1172 3633 dam
1200 3574 1274 3633 nihil
1296 3579 1430 3647 interest,
1460 3575 1537 3636 unde

185 3674 218 3725 tu
242 3668 308 3723 eim
331 3665 376 3724 hie
397 3667 525 3724 numeris
549 3661 767 3734 conciliaveris,
796 3678 866 3719 num
889 3672 925 3719 ex
946 3676 983 3719 eo
1006 3659 1119 3734 solum,
1150 3662 1229 3737 quod
1259 3671 1328 3722 eurrt
1350 3666 1476 3736 numeri,
1505 3673 1538 3722 ut

185 3762 315 3824 veteres,
339 3769 377 3811 au
399 3770 437 3812 ex
459 3751 518 3810 illle
540 3749 679 3827 gradibus
701 3749 911 3827 perfectionum
932 3746 1127 3822 naturalium3
1150 3748 1269 3824 suffieit,
1294 3752 1477 3810 occasionem
1498 3751 1537 3810 ab

183 3843 262 3918 ipsis
285 3839 433 3899 veteribus
455 3847 484 3898 te
506 3839 626 3916 petiisse
655 3836 803 3896 deferendi
825 3836 961 3894 numeris.

277 3928 341 4003 Ego
363 3927 432 3999 tibi,
455 3928 495 3984 mi
516 3925 659 3998 Roberte,
682 3926 789 3997 fateor,
813 3940 879 3982 cum
901 3925 997 3997 agitur
1019 3920 1055 3980 de
1078 3921 1249 3982 certitudine
1271 3925 1537 4000 comprehensionis

185 4032 301 4086 rerum,
325 4014 439 4074 elotum
460 4031 508 4072 me
530 4028 587 4072 esec
609 4014 726 4070 omnino
749 4014 891 4087 opinione
913 4025 971 4068 non
992 4026 1075 4083 meo,
1105 4008 1158 4068 sed
1180 4013 1325 4070 communi
1349 4011 1537 4071 mathemati-

187 4119 289 4163 corum
314 4104 458 4173 nmuium,
487 4107 520 4158 ut
542 4116 735 4177 quaeeunque
758 4107 788 4157 tu
812 4106 920 4157 tructus
943 4095 1148 4156 mathematica
1171 4115 1250 4157 more
1272 4098 1455 4171 Hermetico,
1483 4116 1537 4157 eeu

184 4191 335 4250 strictiora
357 4206 411 4249 seu
433 4190 608 4257 remissiora,
632 4188 662 4244 in
684 4194 832 4245 contemtu
856 4185 990 4256 habeam,
1013 4182 1102 4260 idque
1125 4201 1183 4243 non
1207 4185 1275 4245 odio
1298 4205 1392 4246 rerum
1407 4188 1536 4263 ipsarum

185 4278 422 4337 Hermeticarum
452 4292 504 4336 eeu
527 4276 729 4352 mysteriorum
755 4280 893 4346 naturae,
924 4270 976 4330 sed
999 4270 1036 4328 ob
1059 4269 1089 4329 id
1116 4275 1226 4348 ipsum,
1257 4261 1328 4348 qnid
1355 4290 1410 4332 nec
1433 4289 1536 4349 capere

184 4364 396 4426 mathematica
425 4365 482 4422 nisi
511 4379 561 4440 per
590 4360 850 4421 demonstrationes
880 4357 1117 4430 mathematicas,
1149 4370 1204 4420 nec
1231 4362 1260 4418 in
1290 4361 1461 4436 ραιιιναῑια
1490 4362 1537 4418 tesi

185 4454 339 4514 Hermam
361 4454 539 4528 opocbsimo
560 4449 653 4510 narde
673 4449 891 4507 marmaricis
912 4448 1056 4522 saepem
1078 4463 1206 4521 unquam
1226 4445 1323 4507 didici.
1347 4448 1435 4507 ·Nam
1451 4453 1536 4523 post-

184 4556 279 4618 quum
301 4540 399 4596 omnia
426 4546 478 4597 tua
498 4536 571 4596 mihi
594 4552 682 4612 quam
704 4534 926 4611 diligentissime
952 4522 1073 4593 rirnetne¹
1096 4546 1160 4593 esee
1191 4534 1306 4608 videor,
1337 4552 1457 4595 somnus
1479 4534 1536 4593 oh·

184 4629 274 4705 repit,
298 4625 469 4698 obliviscor,
493 4640 567 4700 quas
589 4633 621 4682 tu
643 4624 835 4682 formalitates
859 4621 939 4680 dieas
962 4623 1106 4680 unitatum
1129 4628 1260 4693 tuarum,
1293 4639 1380 4697 qoem
1402 4623 1535 4699 spiritum

186 4713 361 4784 formalem,
388 4702 446 4788 qno
468 4710 551 4769 illum
574 4711 858 4789 ingeniiconamine
889 4724 1007 4783 exque
1036 4712 1082 4766 rei
1104 4708 1193 4767 litero
1223 4708 1391 4770 eruendum.
1437 4709 1535 4785 Quare

184 4821 236 4863 me
258 4800 432 4876 recolligens
454 4798 492 4857 ab
516 4798 571 4857 hoc
592 4813 694 4857 somno
716 4805 878 4874 temperare
900 4796 970 4854 mihi
986 4812 1044 4853 nou
1067 4811 1195 4871 possum,
1219 4798 1288 4871 quin
1316 4798 1460 4869 omnibus,
1484 4799 1535 4873 qui

186 4887 363 4954 certitudine
385 4885 514 4963 gaudent
542 4886 845 4962 comprehensionem,
859 4893 906 4944 »et
927 4881 1057 4958 linguam
1085 4891 1115 4943 et
1140 4881 1243 4944 modos
1265 4885 1536 4947 mathematicorum

243 5005 337 5060 Ksplsri
349 5004 424 5059 opera
435 5003 463 5049 V.
1337 4991 1378 5051 29
1454 5034 1460 5047 .
