3872 5846
362 359 427 419 aaa
618 388 622 395 -
772 353 814 410 ne
835 351 1101 424 consecraneorum
1122 352 1302 410 namnum.
1381 326 1390 343 ”

362 531 629 606 accommodatius,
650 534 795 611 Jactatum
818 532 914 593 febrili
935 549 1130 613 paroxysmo,
1162 535 1298 610 quamvis
1320 533 1447 595 facultas
1469 537 1585 597 animae
1607 535 1716 610 vitalis,

363 630 464 681 auctor
487 621 734 693 inflammationis,
757 640 775 682 a
798 629 904 681 conatu
927 638 981 680 suo
1004 618 1147 693 remittat,
1176 624 1284 698 quippe
1308 621 1445 682 delnnota
1469 640 1523 683 suo
1546 642 1663 684 munere
1687 633 1718 685 et

361 710 484 768 materia
506 707 599 769 febrili
618 707 672 767 >rel
695 708 855 786 colliquata
887 707 935 768 vel
958 708 1053 784 ejecta
1085 726 1121 767 ex
1145 710 1255 768 intimis
1286 709 1406 769 sedibus
1437 728 1539 770 versus
1563 714 1716 787 exteriora,

363 812 421 857 nou
445 804 542 857 tamen
566 798 665 856 statim
689 799 768 856 omni
791 795 888 855 calore
911 795 1066 871 liberatnr3
1096 795 1197 856 haeret
1226 798 1303 855 enim
1333 799 1358 855 is
1381 799 1409 855 in
1433 802 1556 859 materia
1579 802 1716 878 corporis,

363 902 465 955 carne,
490 876 621 958 ossibus,
644 887 742 945 uernis
766 882 832 958 diu,
857 882 955 960 quoad
978 885 1041 958 ipse
1064 901 1181 960 quoque
1205 892 1307 953 tractu
1322 887 1462 962 temporis
1485 889 1620 964 exspiret.

450 970 525 1032 Sunt
547 973 636 1048 igitur
658 971 714 1032 hae
737 971 908 1031 harmoniae
936 988 972 1030 ex
996 988 1095 1030 aarum
1119 989 1254 1045 numero,
1285 990 1363 1048 quas
1385 991 1474 1049 supra
1498 993 1561 1051 oap.
1588 978 1615 1033 2.
1640 974 1717 1035 dixi-

363 1074 508 1118 musnon
531 1059 684 1135 subjacere
707 1058 909 1137 providentiae
932 1058 1058 1130 liberas,
1086 1057 1139 1118 sed
1161 1062 1335 1120 necessitate
1358 1069 1490 1120 motuum
1513 1065 1626 1122 misceri
1651 1080 1716 1123 cum

362 1146 483 1231 infinitis
506 1150 552 1205 sui
573 1149 688 1223 generis
711 1149 887 1222 incongruis,
911 1147 1017 1222 quibus
1040 1145 1123 1205 Deus
1146 1154 1258 1206 mentes
1281 1146 1435 1221 ordinarit,
1459 1168 1534 1226 quae
1552 1150 1628 1224 illas,
1651 1166 1718 1210 eum

363 1233 503 1307 incidunt,
526 1243 729 1311 agnoscerent.
776 1235 867 1311 Atqui
889 1233 977 1309 longe
1000 1231 1110 1293 lelicior
1132 1242 1177 1293 est
1199 1242 1303 1293 natura
1318 1234 1484 1296 sublunaris
1507 1239 1536 1308 ip
1550 1237 1605 1312 his,
1629 1256 1717 1314 quarn

363 1339 450 1381 aures
479 1324 507 1379 in
536 1329 638 1396 cantu,
668 1320 882 1398 dignoscendis.
930 1319 1056 1380 Auditus
1084 1322 1161 1379 enirn
1183 1338 1242 1381 uon
1266 1320 1352 1381 valde
1383 1323 1545 1384 delectatur
1567 1325 1718 1392 harmonia

362 1410 498 1469 binarum
522 1425 644 1482 vocum,
677 1411 703 1468 si
726 1411 855 1487 quinque
878 1408 955 1469 aliae
984 1408 1169 1469 dissonantes
1199 1408 1385 1488 obstrepant,
1414 1420 1518 1471 natura
1540 1412 1716 1488 sublunaris,

363 1504 483 1557 assueta
506 1498 654 1574 perpetuis
678 1498 844 1572 incongruis
867 1496 1155 1572 configurationibus,
1180 1513 1230 1555 eas
1253 1514 1305 1573 pro
1322 1495 1410 1557 nullis
1433 1499 1531 1572 hahet,
1555 1502 1625 1575 quia
1647 1504 1717 1560 nori

363 1585 436 1643 nihil
458 1584 672 1658 animadvertit,
696 1585 725 1642 iu
748 1584 949 1646 harmonicum
971 1601 1041 1644 vero
1064 1582 1204 1660 angulum
1226 1584 1269 1644 sic
1284 1592 1329 1644 est
1345 1587 1465 1660 intenta,
1491 1604 1526 1646 ac
1548 1589 1573 1645 si
1595 1589 1620 1646 is
1634 1587 1717 1647 solus

364 1680 451 1734 esset.
495 1671 546 1733 Sic
569 1689 636 1732 cum
657 1675 876 1750 prognosticum
899 1670 1020 1748 aliquod
1042 1670 1149 1730 millies
1170 1678 1264 1745 errat,
1289 1672 1446 1749 negligitur
1468 1681 1564 1733 tamen
1590 1674 1661 1747 hoc,
1686 1684 1718 1735 ut

291 1806 294 1819 .
361 1763 387 1820 si
409 1760 500 1823 semel
523 1777 645 1837 scopum
667 1762 794 1837 attingit,
819 1758 875 1819 hoc
898 1762 1038 1819 memoria
1060 1758 1180 1835 dignum
1204 1767 1352 1834 censetur,
1376 1760 1433 1821 hoc
1454 1765 1583 1821 omnium
1605 1779 1717 1823 sormo-

362 1848 447 1908 uibus
471 1847 643 1921 celebratur.
682 1922 684 1931 Ι

447 1938 493 1996 Ex
514 1936 561 1996 hia
584 1938 672 2012 igitur
694 1933 816 2011 intelligi
840 1933 943 2007 datur,
967 1932 1134 1993 harmonias
1158 1936 1185 1991 in
1210 1934 1334 1993 vocibus
1357 1933 1475 2011 quidem
1503 1937 1622 1994 arbitrio
1646 1953 1719 1996 con·

363 2025 444 2083 stitui
467 2023 648 2100 corrsilioque
671 2024 879 2095 canentis,-in
902 2021 1017 2097 angulis
1042 2040 1111 2081 vero
1143 2021 1268 2081 radiosis
1299 2020 1381 2080 nullu
1405 2032 1528 2083 naturae
1551 2024 1719 2083 sublunaris

363 2110 501 2185 consilio,
524 2111 578 2173 sed
601 2128 681 2170 mera
702 2112 877 2170 necessitate
900 2110 1078 2183 geometrica
1100 2114 1233 2168 moinum
1254 2112 1418 2185 provenire.
1463 2111 1539 2171 Nam
1568 2113 1639 2186 quia
1660 2111 1718 2170 duo

363 2199 500 2276 planatae
522 2199 653 2275 separari
675 2196 783 2258 debent
804 2214 856 2274 per
879 2198 969 2257 totius
984 2194 1158 2256 semicirculi
1181 2213 1233 2255 seu
1248 2195 1392 2272 graduum
1413 2198 1473 2256 180
1496 2197 1717 2273 longitudinem,

362 2287 395 2347 fu
417 2289 600 2360 necessario,
630 2293 663 2345 ut
685 2285 745 2344 suis
769 2286 854 2344 certis
878 2286 1032 2344 momentis
1057 2286 1143 2344 etiam
1167 2282 1318 2360 particulis
1341 2284 1405 2359 ejus
1427 2283 1618 2359 harmonicis,
1651 2287 1715 2346 scil.

364 2376 415 2447 30,
440 2375 490 2447 60,
516 2375 573 2451 90,
599 2374 659 2437 120
683 2379 737 2432 etc.
760 2372 903 2449 graduum
927 2371 1044 2431 distent.
1088 2370 1193 2448 Itaque
1215 2371 1386 2431 harmoniae
1409 2382 1511 2432 cantus
1541 2382 1720 2449 quaeruntur

363 2463 442 2523 intus
465 2479 484 2521 a
506 2467 645 2532 canente,
668 2458 837 2519 harmoniae
860 2460 1006 2520 radiorum
1029 2466 1236 2535 exspectantur
1258 2456 1366 2519 deseris
1387 2477 1406 2517 a
1429 2467 1534 2519 natura
1556 2461 1718 2535 sublunari,

364 2549 557 2609 observantur
579 2565 644 2607 cum
666 2546 806 2621 incidunt,
831 2547 1041 2624 dignoscuntur
1063 2564 1082 2606 a
1104 2563 1161 2605 non
1176 2544 1353 2608 harmonicis
1375 2541 1423 2627 (et
1440 2548 1483 2607 sic
1505 2548 1543 2607 ab
1559 2547 1611 2608 illa
1632 2565 1720 2608 suum

363 2653 422 2696 esee
444 2637 605 2712 accipiunt)
628 2637 870 2712 excipiunturque
893 2643 923 2695 et
945 2632 1139 2711 applicantur.
1185 2633 1332 2693 Breviter:
1364 2633 1608 2711 configurationes
1631 2655 1720 2715 prae·

364 2725 480 2796 dnuut,
504 2730 609 2783 natura
631 2723 798 2783 sublunaris
821 2722 911 2782 saltat
933 2721 971 2781 ad
993 2720 1075 2797 leges
1098 2720 1186 2797 hujus
1209 2721 1382 2780 cantilenae.

450 2811 487 2870 V.
511 2808 651 2886 Quintum
676 2811 828 2870 discrimen
852 2819 898 2870 est
919 2807 1136 2886 quodammodo
1166 2807 1380 2867 annectendum
1402 2810 1507 2884 primo.
1552 2810 1615 2870 Nee
1638 2813 1718 2871 anim

362 2896 518 2959 latitudine
541 2905 653 2958 tantum
677 2897 812 2957 differunt
833 2897 1001 2957 harmoniae
1033 2896 1121 2972 hujus
1152 2903 1181 2954 et
1203 2893 1404 2972 praecedentis
1431 2895 1513 2965 libri,
1544 2897 1597 2958 sed
1629 2901 1719 2960 etiam

364 2987 465 3057 ordine
488 2993 672 3062 respectunm
697 2984 893 3059 diversorum,
927 2984 1033 3061 quibus
1063 2984 1174 3058 figurae
1196 2984 1390 3060 geometricae
1417 2985 1543 3059 gignunt
1566 2991 1720 3062 utrumque

364 3090 457 3150 genus
479 3073 712 3133 harmonicorum
735 3076 967 3149 proportionum,
997 3073 1082 3131 tertio
1106 3088 1233 3147 namque
1255 3070 1331 3130 libro
1362 3072 1458 3148 potior
1484 3072 1540 3131 init
1569 3082 1720 3150 respectus

319 3227 327 3238 .
362 3160 538 3236 scibilitatis,
562 3169 666 3241 quarto
689 3163 746 3220 isto
768 3162 865 3238 potior
888 3162 942 3220 erit
964 3160 1180 3235 congruentiae.
1225 3156 1285 3219 Sed
1306 3155 1342 3218 de
1364 3158 1421 3218 hoc
1437 3160 1541 3235 quinto
1556 3159 1720 3221 discrimine

361 3250 424 3326 jam
447 3267 511 3327 cap.
536 3250 565 3311 5.
589 3267 625 3308 er
648 3246 780 3326 prolesso
803 3265 941 3324 agemus,
962 3248 993 3306 in
1016 3246 1213 3323 explicatione
1234 3247 1424 3305 axiomatum.

938 3478 1079 3569 orror
1106 3479 1144 3551 v,

363 3626 412 3682 Do
435 3626 548 3683 causis
573 3624 777 3682 ollicacium
806 3623 1138 3693 configuratiouum,
1172 3640 1357 3694 earumque
1383 3640 1521 3679 numero
1539 3632 1574 3679 ct
1602 3626 1721 3681 urdine

957 3712 1126 3778 graduum.

400 3928 405 3933 ,
438 3844 647 3933 ‚Definitio
667 3856 692 3927 Ι,
729 3856 985 3932 configurationis
1004 3874 1061 3916 vox
1077 3861 1200 3918 sumitur
1222 3876 1275 3935 pro
1291 3860 1424 3919 binorum
1439 3858 1595 3932 radiorum,
1619 3860 1721 3934 cnjus·

364 3964 422 4023 qua
443 3930 467 4005 α’
483 3944 603 4023 planeta
623 3962 679 4004 suo
703 3943 922 4018 descendentis,
951 3945 1061 4021 angulo
1084 3945 1153 4019 illo,
1185 3964 1243 4022 quo
1267 3948 1377 4024 angulo
1399 3944 1474 4005 radii
1498 3945 1544 4003 hic
1574 3948 1603 4004 in
1627 3942 1721 4007 Terra

366 4029 460 4115 (quac
483 4036 583 4111 puncti
605 4034 748 4093 rationem
770 4032 874 4105 habet)
899 4037 1019 4107 eo'e‘uut3
1035 4033 1090 4106 ,rel
1114 4033 1194 4110 qnod
1217 4034 1321 4095 eodem
1336 4034 1420 4107 redit,
1443 4035 1566 4091 sumitur
1582 4050 1636 4109 pro
1651 4050 1720 4093 arcu
1761 4094 1765 4103 ,

365 4120 465 4195 circuli
487 4125 605 4199 magni,
632 4122 662 4178 in
685 4119 807 4179 zodiaco
831 4120 985 4197 descripti,
1017 4123 1068 4198 qui
1094 4140 1179 4183 arcus
1201 4140 1338 4182 mensura
1360 4124 1397 4182 sit
1427 4117 1496 4179 dieti
1519 4120 1634 4196 anguli,
1665 4137 1720 4181 sen

301 4264 306 4273 .
365 4206 452 4291 quern
476 4226 575 4269 arcum
597 4209 658 4269 bini
680 4206 816 4285 planetae
840 4224 994 4285 corporum
1016 4226 1134 4269 suorum
1159 4210 1278 4286 objectu
1301 4211 1454 4270 terminare
1477 4211 1507 4266 et
1523 4210 1609 4282 quasi
1631 4226 1719 4286 prae·

367 4294 463 4358 cidere
485 4297 571 4357 uobis
595 4295 737 4357 terricolis
760 4295 906 4356 videntur.

445 4394 608 4486 Notandum
626 4431 714 4500 primo
732 4430 767 4485 de
785 4430 906 4487 nomine:
931 4432 1104 4487 Ptolemaeus
1130 4431 1158 4486 in
1176 4429 1388 4499 quadripartito,
1412 4428 1440 4483 iu
1458 4429 1547 4497 Opere
1564 4446 1662 4498 magno
1679 4430 1720 4484 in.

365 4525 418 4581 que
432 4510 603 4564 Harmonicia
620 4526 808 4577 σχηματισμους
826 4510 960 4578 appellat,
985 4509 1057 4576 qnod
1069 4508 1174 4563 Arabes
1193 4514 1320 4577 aspectus
1339 4513 1490 4575 venerunt3
1513 4507 1592 4575 qussi
1610 4507 1721 4563 schema

365 4588 401 4643 sit
418 4586 490 4642 idem
508 4588 580 4657 quod
599 4586 698 4656 vultus,
717 4587 816 4657 faciem
840 4588 914 4658 qnod
931 4588 1126 4642 etiam‘noster
1144 4585 1336 4640 Teutonisrnus
1354 4584 1451 4653 habet,
1470 4587 1517 4653 qni
1534 4586 1631 4640 faeiem
1649 4585 1720 4640 solet

365 4676 504 4731 nominare
521 4672 572 4731 hot
594 4671 739 4748 tingunt,
755 4681 895 4743 aspectum
913 4681 941 4728 at
952 4678 1158 4742 personaturum
1171 4672 1322 4741 schemata,
1342 4673 1420 4729 faciei
1433 4673 1555 4740 obtenta,
1581 4667 1720 4743 lhtilthttr,

365 4770 436 4824 qnae
454 4754 516 4816 Itali
535 4756 683 4811 Muscaras.
720 4754 859 4809 Invenitur
875 4760 967 4807 tamen
986 4760 1013 4808 st
1030 4766 1083 4812 nux
1101 4757 1290 4821 aquosusque,
1316 4766 1386 4820 quas
1403 4766 1457 4805 non
1477 4760 1581 4807 tautum
1598 4766 1635 4805 ex
1652 4752 1719 4806 Ara·

363 4834 431 4891 hicis
449 4840 578 4905 aspectus
595 4834 741 4902 intimus,
759 4833 809 4889 sed
826 4831 994 4898 etiam-boui
1007 4835 1133 4887 auctores
1150 4831 1234 4885 latins
1251 4828 1365 4887 intuitus
1388 4838 1416 4887 et
1433 4829 1512 4899 signa
1528 4828 1664 4885 intuentia
1680 4828 1719 4884 di·
