<?xml version="1.0" encoding="UTF-8"?>
<!DOCTYPE html PUBLIC "-//W3C//DTD XHTML 1.0 Transitional//EN"
    "http://www.w3.org/TR/xhtml1/DTD/xhtml1-transitional.dtd">
<html xmlns="http://www.w3.org/1999/xhtml" xml:lang="en" lang="en">
 <head>
  <title>
</title>
<meta http-equiv="Content-Type" content="text/html;charset=utf-8" />
  <meta name='ocr-system' content='tesseract 3.04.00' />
  <meta name='ocr-capabilities' content='ocr_page ocr_carea ocr_par ocr_line ocrx_word'/>
</head>
<body>
  <div class='ocr_page' id='page_1' title='image "./joanniskepleria29frisgoog_0212.png"; bbox 0 0 3872 5846; ppageno 0'>
   <div class='ocr_carea' id='block_1_1' title="bbox 757 316 761 349">
    <p class='ocr_par' dir='ltr' id='par_1_1' title="bbox 757 316 761 349">
     <span class='ocr_line' id='line_1_1' title="bbox 757 316 761 349; baseline 0 0"><span class='ocrx_word' id='word_1_1' title='bbox 757 316 761 349; x_wconf 92' lang='lat' dir='ltr'><strong>l</strong></span> 
     </span>
    </p>
   </div>
   <div class='ocr_carea' id='block_1_2' title="bbox 572 399 1523 469">
    <p class='ocr_par' dir='ltr' id='par_1_2' title="bbox 572 399 1523 469">
     <span class='ocr_line' id='line_1_2' title="bbox 572 399 1523 469; baseline 0.012 -13"><span class='ocrx_word' id='word_1_2' title='bbox 572 399 749 456; x_wconf 86' lang='lat' dir='ltr'><strong>Harmonicis.</strong></span> <span class='ocrx_word' id='word_1_3' title='bbox 784 400 868 455; x_wconf 84' lang='lat' dir='ltr'><strong>Liber</strong></span> <span class='ocrx_word' id='word_1_4' title='bbox 884 400 934 456; x_wconf 84' lang='lat' dir='ltr'><strong>IIL</strong></span> <span class='ocrx_word' id='word_1_5' title='bbox 953 400 1042 469; x_wconf 82' lang='lat' dir='ltr'><strong>Caput</strong></span> <span class='ocrx_word' id='word_1_6' title='bbox 1058 400 1130 456; x_wconf 83' lang='lat' dir='ltr'><strong>XVI.</strong></span> <span class='ocrx_word' id='word_1_7' title='bbox 1463 409 1523 467; x_wconf 83' lang='lat'><strong>191</strong></span> 
     </span>
    </p>
   </div>
   <div class='ocr_carea' id='block_1_3' title="bbox 173 572 1527 1356">
    <p class='ocr_par' dir='ltr' id='par_1_3' title="bbox 173 572 1526 1006">
     <span class='ocr_line' id='line_1_3' title="bbox 173 572 1519 657; baseline 0 -18"><span class='ocrx_word' id='word_1_8' title='bbox 173 580 327 654; x_wconf 87' lang='lat' dir='ltr'><strong>identicas,</strong></span> <span class='ocrx_word' id='word_1_9' title='bbox 350 597 404 640; x_wconf 90' lang='lat' dir='ltr'><strong>nee</strong></span> <span class='ocrx_word' id='word_1_10' title='bbox 427 579 544 640; x_wconf 91' lang='lat' dir='ltr'><strong>easdem</strong></span> <span class='ocrx_word' id='word_1_11' title='bbox 568 578 721 657; x_wconf 77' lang='lat' dir='ltr'><strong>deinceps,</strong></span> <span class='ocrx_word' id='word_1_12' title='bbox 745 578 798 639; x_wconf 91' lang='lat' dir='ltr'><strong>sed</strong></span> <span class='ocrx_word' id='word_1_13' title='bbox 820 581 885 656; x_wconf 91' lang='lat' dir='ltr'><strong>ipsa</strong></span> <span class='ocrx_word' id='word_1_14' title='bbox 906 580 1124 637; x_wconf 78' lang='lat' dir='ltr'><strong>successionum</strong></span> <span class='ocrx_word' id='word_1_15' title='bbox 1146 572 1337 639; x_wconf 88' lang='lat' dir='ltr'><strong>alternatione</strong></span> <span class='ocrx_word' id='word_1_16' title='bbox 1359 578 1397 639; x_wconf 90' lang='lat' dir='ltr'><strong>ad</strong></span> <span class='ocrx_word' id='word_1_17' title='bbox 1420 579 1519 639; x_wconf 91' lang='lat' dir='ltr'><strong>delec-</strong></span> 
     </span>
     <span class='ocr_line' id='line_1_4' title="bbox 175 666 1525 742; baseline 0 -15"><span class='ocrx_word' id='word_1_18' title='bbox 175 670 318 729; x_wconf 72' lang='lat' dir='ltr'><strong>tationem</strong></span> <span class='ocrx_word' id='word_1_19' title='bbox 341 669 478 728; x_wconf 86' lang='lat' dir='ltr'><strong>variatas.</strong></span> <span class='ocrx_word' id='word_1_20' title='bbox 524 666 776 742; x_wconf 80' lang='lat' dir='ltr'><strong>Quemadmodum</strong></span> <span class='ocrx_word' id='word_1_21' title='bbox 803 669 880 725; x_wconf 90' lang='lat' dir='ltr'><strong>enim</strong></span> <span class='ocrx_word' id='word_1_22' title='bbox 903 675 947 725; x_wconf 87' lang='lat' dir='ltr'><strong>est</strong></span> <span class='ocrx_word' id='word_1_23' title='bbox 969 670 999 723; x_wconf 90' lang='lat' dir='ltr'><strong>in</strong></span> <span class='ocrx_word' id='word_1_24' title='bbox 1020 668 1206 742; x_wconf 82' lang='lat' dir='ltr'><strong>proportione</strong></span> <span class='ocrx_word' id='word_1_25' title='bbox 1236 670 1429 727; x_wconf 90' lang='lat' dir='ltr'><strong>consonantia</strong></span> <span class='ocrx_word' id='word_1_26' title='bbox 1451 667 1525 727; x_wconf 91' lang='lat' dir='ltr'><strong>dua-</strong></span> 
     </span>
     <span class='ocr_line' id='line_1_5' title="bbox 175 746 1526 830; baseline 0 -16"><span class='ocrx_word' id='word_1_27' title='bbox 175 773 240 814; x_wconf 91' lang='lat' dir='ltr'><strong>rum</strong></span> <span class='ocrx_word' id='word_1_28' title='bbox 262 773 369 814; x_wconf 91' lang='lat' dir='ltr'><strong>vocum</strong></span> <span class='ocrx_word' id='word_1_29' title='bbox 392 754 431 814; x_wconf 90' lang='lat' dir='ltr'><strong>sd</strong></span> <span class='ocrx_word' id='word_1_30' title='bbox 452 746 617 827; x_wconf 82' lang='lat' dir='ltr'><strong>unisonum,</strong></span> <span class='ocrx_word' id='word_1_31' title='bbox 639 758 682 813; x_wconf 91' lang='lat' dir='ltr'><strong>sic</strong></span> <span class='ocrx_word' id='word_1_32' title='bbox 705 764 750 813; x_wconf 90' lang='lat' dir='ltr'><strong>est</strong></span> <span class='ocrx_word' id='word_1_33' title='bbox 772 765 874 813; x_wconf 90' lang='lat' dir='ltr'><strong>cantus</strong></span> <span class='ocrx_word' id='word_1_34' title='bbox 891 753 1076 812; x_wconf 88' lang='lat' dir='ltr'><strong>harmonicus</strong></span> <span class='ocrx_word' id='word_1_35' title='bbox 1099 751 1137 811; x_wconf 91' lang='lat' dir='ltr'><strong>ad</strong></span> <span class='ocrx_word' id='word_1_36' title='bbox 1157 752 1320 830; x_wconf 86' lang='lat' dir='ltr'><strong>simplicem</strong></span> <span class='ocrx_word' id='word_1_37' title='bbox 1341 758 1428 814; x_wconf 91' lang='lat' dir='ltr'><strong>unius</strong></span> <span class='ocrx_word' id='word_1_38' title='bbox 1444 756 1526 814; x_wconf 91' lang='lat' dir='ltr'><strong>vocis</strong></span> 
     </span>
     <span class='ocr_line' id='line_1_6' title="bbox 175 840 1526 920; baseline 0 -19"><span class='ocrx_word' id='word_1_39' title='bbox 175 842 350 917; x_wconf 76' lang='lat' dir='ltr'><strong>melodiam,</strong></span> <span class='ocrx_word' id='word_1_40' title='bbox 374 861 393 902; x_wconf 90' lang='lat' dir='ltr'><strong>a</strong></span> <span class='ocrx_word' id='word_1_41' title='bbox 416 860 474 918; x_wconf 94' lang='lat' dir='ltr'><strong>qno</strong></span> <span class='ocrx_word' id='word_1_42' title='bbox 496 844 639 919; x_wconf 90' lang='lat' dir='ltr'><strong>principio</strong></span> <span class='ocrx_word' id='word_1_43' title='bbox 663 841 828 919; x_wconf 88' lang='lat' dir='ltr'><strong>dependent</strong></span> <span class='ocrx_word' id='word_1_44' title='bbox 850 842 948 900; x_wconf 93' lang='lat' dir='ltr'><strong>omnia</strong></span> <span class='ocrx_word' id='word_1_45' title='bbox 971 840 1146 900; x_wconf 88' lang='lat' dir='ltr'><strong>delinitionis</strong></span> <span class='ocrx_word' id='word_1_46' title='bbox 1169 842 1313 917; x_wconf 90' lang='lat' dir='ltr'><strong>membra,</strong></span> <span class='ocrx_word' id='word_1_47' title='bbox 1344 860 1419 920; x_wconf 90' lang='lat' dir='ltr'><strong>qnae</strong></span> <span class='ocrx_word' id='word_1_48' title='bbox 1442 842 1526 902; x_wconf 93' lang='lat' dir='ltr'><strong>dein-</strong></span> 
     </span>
     <span class='ocr_line' id='line_1_7' title="bbox 177 930 435 1006; baseline -0.004 -16"><span class='ocrx_word' id='word_1_49' title='bbox 177 948 247 1006; x_wconf 85' lang='lat' dir='ltr'><strong>ceps</strong></span> <span class='ocrx_word' id='word_1_50' title='bbox 271 930 435 1005; x_wconf 74' lang='lat' dir='ltr'><strong>explicabo·</strong></span> 
     </span>
    </p>

    <p class='ocr_par' dir='ltr' id='par_1_4' title="bbox 177 1014 1527 1356">
     <span class='ocr_line' id='line_1_8' title="bbox 263 1014 1525 1093; baseline 0.001 -18"><span class='ocrx_word' id='word_1_51' title='bbox 263 1017 288 1076; x_wconf 90' lang='grc' dir='ltr'><strong>Ι.</strong></span> <span class='ocrx_word' id='word_1_52' title='bbox 311 1017 441 1076; x_wconf 91' lang='lat' dir='ltr'><strong>Primum</strong></span> <span class='ocrx_word' id='word_1_53' title='bbox 464 1019 552 1093; x_wconf 83' lang='lat' dir='ltr'><strong>igitur</strong></span> <span class='ocrx_word' id='word_1_54' title='bbox 575 1017 623 1075; x_wconf 90' lang='lat' dir='ltr'><strong>bic</strong></span> <span class='ocrx_word' id='word_1_55' title='bbox 645 1015 717 1073; x_wconf 91' lang='lat' dir='ltr'><strong>illud</strong></span> <span class='ocrx_word' id='word_1_56' title='bbox 740 1018 817 1074; x_wconf 89' lang='lat' dir='ltr'><strong>eirca</strong></span> <span class='ocrx_word' id='word_1_57' title='bbox 840 1014 1037 1091; x_wconf 79' lang='lat' dir='ltr'><strong>pluralitatem</strong></span> <span class='ocrx_word' id='word_1_58' title='bbox 1053 1031 1158 1073; x_wconf 86' lang='lat' dir='ltr'><strong>vocum</strong></span> <span class='ocrx_word' id='word_1_59' title='bbox 1173 1016 1296 1074; x_wconf 88' lang='lat' dir='ltr'><strong>occurrit</strong></span> <span class='ocrx_word' id='word_1_60' title='bbox 1318 1017 1525 1090; x_wconf 88' lang='lat' dir='ltr'><strong>adnotandum,</strong></span> 
     </span>
     <span class='ocr_line' id='line_1_9' title="bbox 178 1103 1526 1180; baseline 0.003 -19"><span class='ocrx_word' id='word_1_61' title='bbox 178 1103 258 1180; x_wconf 92' lang='lat' dir='ltr'><strong>qnod</strong></span> <span class='ocrx_word' id='word_1_62' title='bbox 280 1104 405 1164; x_wconf 86' lang='lat' dir='ltr'><strong>artifices</strong></span> <span class='ocrx_word' id='word_1_63' title='bbox 437 1106 485 1164; x_wconf 86' lang='lat' dir='ltr'><strong>vel</strong></span> <span class='ocrx_word' id='word_1_64' title='bbox 516 1106 641 1163; x_wconf 90' lang='lat' dir='ltr'><strong>maxime</strong></span> <span class='ocrx_word' id='word_1_65' title='bbox 665 1113 893 1162; x_wconf 88' lang='lat' dir='ltr'><strong>consentaneum</strong></span> <span class='ocrx_word' id='word_1_66' title='bbox 914 1110 1035 1161; x_wconf 88' lang='lat' dir='ltr'><strong>naturae</strong></span> <span class='ocrx_word' id='word_1_67' title='bbox 1058 1104 1282 1174; x_wconf 88' lang='lat' dir='ltr'><strong>constituerunt,</strong></span> <span class='ocrx_word' id='word_1_68' title='bbox 1313 1112 1362 1178; x_wconf 91' lang='lat' dir='ltr'><strong>ut,</strong></span> <span class='ocrx_word' id='word_1_69' title='bbox 1392 1108 1526 1180; x_wconf 91' lang='lat' dir='ltr'><strong>quamvis</strong></span> 
     </span>
     <span class='ocr_line' id='line_1_10' title="bbox 177 1188 1527 1269; baseline -0.001 -19"><span class='ocrx_word' id='word_1_70' title='bbox 177 1209 267 1269; x_wconf 86' lang='lat' dir='ltr'><strong>saepe</strong></span> <span class='ocrx_word' id='word_1_71' title='bbox 291 1195 446 1251; x_wconf 89' lang='lat' dir='ltr'><strong>concinant</strong></span> <span class='ocrx_word' id='word_1_72' title='bbox 470 1209 556 1250; x_wconf 89' lang='lat' dir='ltr'><strong>voces</strong></span> <span class='ocrx_word' id='word_1_73' title='bbox 580 1192 654 1250; x_wconf 90' lang='lat' dir='ltr'><strong>bene</strong></span> <span class='ocrx_word' id='word_1_74' title='bbox 677 1189 800 1263; x_wconf 88' lang='lat' dir='ltr'><strong>multae,</strong></span> <span class='ocrx_word' id='word_1_75' title='bbox 831 1207 931 1247; x_wconf 89' lang='lat' dir='ltr'><strong>omnes</strong></span> <span class='ocrx_word' id='word_1_76' title='bbox 954 1199 1049 1248; x_wconf 87' lang='lat' dir='ltr'><strong>tamen</strong></span> <span class='ocrx_word' id='word_1_77' title='bbox 1073 1197 1198 1265; x_wconf 91' lang='lat' dir='ltr'><strong>quatuor</strong></span> <span class='ocrx_word' id='word_1_78' title='bbox 1226 1188 1409 1250; x_wconf 88' lang='lat' dir='ltr'><strong>solummodo</strong></span> <span class='ocrx_word' id='word_1_79' title='bbox 1431 1195 1527 1251; x_wconf 89' lang='lat' dir='ltr'><strong>nomi-</strong></span> 
     </span>
     <span class='ocr_line' id='line_1_11' title="bbox 178 1276 1525 1356; baseline 0.001 -20"><span class='ocrx_word' id='word_1_80' title='bbox 178 1281 265 1338; x_wconf 89' lang='lat' dir='ltr'><strong>nibus</strong></span> <span class='ocrx_word' id='word_1_81' title='bbox 288 1279 471 1356; x_wconf 83' lang='lat' dir='ltr'><strong>appellentur</strong></span> <span class='ocrx_word' id='word_1_82' title='bbox 504 1279 541 1338; x_wconf 95' lang='lat' dir='ltr'><strong>ad</strong></span> <span class='ocrx_word' id='word_1_83' title='bbox 564 1295 716 1337; x_wconf 89' lang='lat' dir='ltr'><strong>numerum</strong></span> <span class='ocrx_word' id='word_1_84' title='bbox 738 1278 883 1353; x_wconf 79' lang='lat' dir='ltr'><strong>perlectae</strong></span> <span class='ocrx_word' id='word_1_85' title='bbox 905 1276 1089 1335; x_wconf 83' lang='lat' dir='ltr'><strong>harmonicae</strong></span> <span class='ocrx_word' id='word_1_86' title='bbox 1114 1277 1299 1336; x_wconf 88' lang='lat' dir='ltr'><strong>mediationis</strong></span> <span class='ocrx_word' id='word_1_87' title='bbox 1324 1282 1352 1336; x_wconf 92' lang='lat' dir='ltr'><strong>in</strong></span> <span class='ocrx_word' id='word_1_88' title='bbox 1377 1296 1434 1337; x_wconf 93' lang='lat' dir='ltr'><strong>uno</strong></span> <span class='ocrx_word' id='word_1_89' title='bbox 1457 1298 1525 1355; x_wconf 88' lang='lat' dir='ltr'><strong>per-</strong></span> 
     </span>
    </p>
   </div>
   <div class='ocr_carea' id='block_1_4' title="bbox 66 1358 1527 1444">
    <p class='ocr_par' dir='ltr' id='par_1_5' title="bbox 66 1358 1527 1444">
     <span class='ocr_line' id='line_1_12' title="bbox 66 1358 1527 1444; baseline 0.001 -21"><span class='ocrx_word' id='word_1_90' title='bbox 66 1396 69 1405; x_wconf 75' lang='lat'><strong>,</strong></span> <span class='ocrx_word' id='word_1_91' title='bbox 179 1366 257 1425; x_wconf 86' lang='lat' dir='ltr'><strong>lecto</strong></span> <span class='ocrx_word' id='word_1_92' title='bbox 281 1376 440 1443; x_wconf 88' lang='lat' dir='ltr'><strong>systemate</strong></span> <span class='ocrx_word' id='word_1_93' title='bbox 464 1366 616 1444; x_wconf 84' lang='lat' dir='ltr'><strong>diapason.</strong></span> <span class='ocrx_word' id='word_1_94' title='bbox 661 1365 834 1423; x_wconf 81' lang='lat' dir='ltr'><strong>Discentnm</strong></span> <span class='ocrx_word' id='word_1_95' title='bbox 857 1364 933 1423; x_wconf 91' lang='lat' dir='ltr'><strong>enim</strong></span> <span class='ocrx_word' id='word_1_96' title='bbox 955 1366 1106 1423; x_wconf 90' lang='lat' dir='ltr'><strong>nominant</strong></span> <span class='ocrx_word' id='word_1_97' title='bbox 1129 1381 1230 1424; x_wconf 87' lang='lat' dir='ltr'><strong>vocem</strong></span> <span class='ocrx_word' id='word_1_98' title='bbox 1252 1358 1458 1439; x_wconf 71' lang='lat' dir='ltr'><strong>acutissimam,</strong></span> <span class='ocrx_word' id='word_1_99' title='bbox 1482 1366 1527 1425; x_wconf 89' lang='lat' dir='ltr'><strong>al-</strong></span> 
     </span>
    </p>
   </div>
   <div class='ocr_carea' id='block_1_5' title="bbox 165 1452 1529 2665">
    <p class='ocr_par' dir='ltr' id='par_1_6' title="bbox 165 1452 1529 2665">
     <span class='ocr_line' id='line_1_13' title="bbox 178 1452 1526 1531; baseline 0.001 -19"><span class='ocrx_word' id='word_1_100' title='bbox 178 1463 257 1526; x_wconf 90' lang='lat' dir='ltr'><strong>tum,</strong></span> <span class='ocrx_word' id='word_1_101' title='bbox 289 1472 366 1528; x_wconf 86' lang='lat' dir='ltr'><strong>quae</strong></span> <span class='ocrx_word' id='word_1_102' title='bbox 396 1454 439 1511; x_wconf 91' lang='lat' dir='ltr'><strong>illi</strong></span> <span class='ocrx_word' id='word_1_103' title='bbox 462 1456 609 1531; x_wconf 86' lang='lat' dir='ltr'><strong>proxima,</strong></span> <span class='ocrx_word' id='word_1_104' title='bbox 640 1460 769 1512; x_wconf 89' lang='lat' dir='ltr'><strong>tenorem</strong></span> <span class='ocrx_word' id='word_1_105' title='bbox 796 1470 813 1510; x_wconf 92' lang='lat' dir='ltr'><strong>e</strong></span> <span class='ocrx_word' id='word_1_106' title='bbox 844 1452 984 1527; x_wconf 79' lang='lat' dir='ltr'><strong>gravibus</strong></span> <span class='ocrx_word' id='word_1_107' title='bbox 1015 1454 1208 1527; x_wconf 89' lang='lat' dir='ltr'><strong>superiorem,</strong></span> <span class='ocrx_word' id='word_1_108' title='bbox 1243 1453 1362 1512; x_wconf 89' lang='lat' dir='ltr'><strong>bassum</strong></span> <span class='ocrx_word' id='word_1_109' title='bbox 1390 1454 1526 1513; x_wconf 86' lang='lat' dir='ltr'><strong>infimam.</strong></span> 
     </span>
     <span class='ocr_line' id='line_1_14' title="bbox 179 1538 1525 1619; baseline -0.001 -19"><span class='ocrx_word' id='word_1_110' title='bbox 179 1540 256 1600; x_wconf 89' lang='lat' dir='ltr'><strong>Nam</strong></span> <span class='ocrx_word' id='word_1_111' title='bbox 288 1545 362 1600; x_wconf 89' lang='lat' dir='ltr'><strong>inter</strong></span> <span class='ocrx_word' id='word_1_112' title='bbox 391 1541 464 1601; x_wconf 87' lang='lat' dir='ltr'><strong>duas</strong></span> <span class='ocrx_word' id='word_1_113' title='bbox 495 1540 638 1619; x_wconf 90' lang='lat' dir='ltr'><strong>diapason</strong></span> <span class='ocrx_word' id='word_1_114' title='bbox 668 1548 807 1599; x_wconf 84' lang='lat' dir='ltr'><strong>sonantes</strong></span> <span class='ocrx_word' id='word_1_115' title='bbox 835 1555 923 1598; x_wconf 88' lang='lat' dir='ltr'><strong>voces</strong></span> <span class='ocrx_word' id='word_1_116' title='bbox 955 1539 1028 1598; x_wconf 89' lang='lat' dir='ltr'><strong>duae</strong></span> <span class='ocrx_word' id='word_1_117' title='bbox 1052 1538 1146 1598; x_wconf 90' lang='lat' dir='ltr'><strong>solum</strong></span> <span class='ocrx_word' id='word_1_118' title='bbox 1176 1542 1318 1599; x_wconf 87' lang='lat' dir='ltr'><strong>intersunt</strong></span> <span class='ocrx_word' id='word_1_119' title='bbox 1347 1542 1525 1611; x_wconf 87' lang='lat' dir='ltr'><strong>medietates,</strong></span> 
     </span>
     <span class='ocr_line' id='line_1_15' title="bbox 165 1625 1527 1707; baseline 0.001 -22"><span class='ocrx_word' id='word_1_120' title='bbox 165 1627 349 1687; x_wconf 83' lang='lat' dir='ltr'><strong>barmoniae</strong></span> <span class='ocrx_word' id='word_1_121' title='bbox 371 1628 457 1688; x_wconf 90' lang='lat' dir='ltr'><strong>simul</strong></span> <span class='ocrx_word' id='word_1_122' title='bbox 481 1636 675 1688; x_wconf 88' lang='lat' dir='ltr'><strong>consonantes</strong></span> <span class='ocrx_word' id='word_1_123' title='bbox 702 1644 769 1685; x_wconf 90' lang='lat' dir='ltr'><strong>cum</strong></span> <span class='ocrx_word' id='word_1_124' title='bbox 791 1628 927 1684; x_wconf 79' lang='lat' dir='ltr'><strong>exucmis</strong></span> <span class='ocrx_word' id='word_1_125' title='bbox 949 1625 1137 1698; x_wconf 88' lang='lat' dir='ltr'><strong>identisonis,</strong></span> <span class='ocrx_word' id='word_1_126' title='bbox 1165 1634 1198 1683; x_wconf 91' lang='lat' dir='ltr'><strong>ut</strong></span> <span class='ocrx_word' id='word_1_127' title='bbox 1224 1629 1319 1704; x_wconf 90' lang='lat' dir='ltr'><strong>capite</strong></span> <span class='ocrx_word' id='word_1_128' title='bbox 1344 1630 1373 1687; x_wconf 80' lang='lat'><strong>3.</strong></span> <span class='ocrx_word' id='word_1_129' title='bbox 1398 1629 1527 1707; x_wconf 89' lang='lat' dir='ltr'><strong>explica-</strong></span> 
     </span>
     <span class='ocr_line' id='line_1_16' title="bbox 180 1711 1527 1792; baseline 0.002 -19"><span class='ocrx_word' id='word_1_130' title='bbox 180 1724 253 1774; x_wconf 91' lang='lat' dir='ltr'><strong>tum.</strong></span> <span class='ocrx_word' id='word_1_131' title='bbox 300 1714 484 1792; x_wconf 84' lang='lat' dir='ltr'><strong>Quamquam</strong></span> <span class='ocrx_word' id='word_1_132' title='bbox 508 1717 590 1791; x_wconf 84' lang='lat' dir='ltr'><strong>origo</strong></span> <span class='ocrx_word' id='word_1_133' title='bbox 614 1714 825 1774; x_wconf 87' lang='lat' dir='ltr'><strong>vocabulorum</strong></span> <span class='ocrx_word' id='word_1_134' title='bbox 846 1715 968 1773; x_wconf 89' lang='lat' dir='ltr'><strong>istorum</strong></span> <span class='ocrx_word' id='word_1_135' title='bbox 983 1712 1087 1773; x_wconf 89' lang='lat' dir='ltr'><strong>ltalica</strong></span> <span class='ocrx_word' id='word_1_136' title='bbox 1111 1711 1225 1771; x_wconf 91' lang='lat' dir='ltr'><strong>videtur</strong></span> <span class='ocrx_word' id='word_1_137' title='bbox 1246 1713 1284 1772; x_wconf 89' lang='lat' dir='ltr'><strong>ad</strong></span> <span class='ocrx_word' id='word_1_138' title='bbox 1301 1725 1430 1791; x_wconf 86' lang='lat' dir='ltr'><strong>systema</strong></span> <span class='ocrx_word' id='word_1_139' title='bbox 1446 1733 1527 1776; x_wconf 89' lang='lat' dir='ltr'><strong>com-</strong></span> 
     </span>
     <span class='ocr_line' id='line_1_17' title="bbox 179 1800 1524 1879; baseline 0.002 -19"><span class='ocrx_word' id='word_1_140' title='bbox 179 1805 309 1879; x_wconf 90' lang='lat' dir='ltr'><strong>positum</strong></span> <span class='ocrx_word' id='word_1_141' title='bbox 332 1806 424 1879; x_wconf 78' lang='lat' dir='ltr'><strong>magis</strong></span> <span class='ocrx_word' id='word_1_142' title='bbox 447 1805 606 1879; x_wconf 87' lang='lat' dir='ltr'><strong>respicere,</strong></span> <span class='ocrx_word' id='word_1_143' title='bbox 638 1811 670 1860; x_wconf 90' lang='lat' dir='ltr'><strong>ut</strong></span> <span class='ocrx_word' id='word_1_144' title='bbox 694 1805 722 1859; x_wconf 93' lang='lat' dir='ltr'><strong>in</strong></span> <span class='ocrx_word' id='word_1_145' title='bbox 746 1819 781 1861; x_wconf 90' lang='lat' dir='ltr'><strong>eo</strong></span> <span class='ocrx_word' id='word_1_146' title='bbox 803 1808 900 1877; x_wconf 91' lang='lat' dir='ltr'><strong>partes</strong></span> <span class='ocrx_word' id='word_1_147' title='bbox 923 1803 1073 1876; x_wconf 89' lang='lat' dir='ltr'><strong>oppositas</strong></span> <span class='ocrx_word' id='word_1_148' title='bbox 1101 1808 1219 1859; x_wconf 90' lang='lat' dir='ltr'><strong>teneant</strong></span> <span class='ocrx_word' id='word_1_149' title='bbox 1250 1800 1327 1860; x_wconf 88' lang='lat' dir='ltr'><strong>altus</strong></span> <span class='ocrx_word' id='word_1_150' title='bbox 1357 1812 1387 1862; x_wconf 88' lang='lat' dir='ltr'><strong>et</strong></span> <span class='ocrx_word' id='word_1_151' title='bbox 1412 1805 1524 1876; x_wconf 88' lang='lat' dir='ltr'><strong>bassus,</strong></span> 
     </span>
     <span class='ocr_line' id='line_1_18' title="bbox 180 1886 1525 1966; baseline 0.001 -19"><span class='ocrx_word' id='word_1_152' title='bbox 180 1907 238 1949; x_wconf 93' lang='lat' dir='ltr'><strong>non</strong></span> <span class='ocrx_word' id='word_1_153' title='bbox 262 1888 313 1948; x_wconf 89' lang='lat' dir='ltr'><strong>ille</strong></span> <span class='ocrx_word' id='word_1_154' title='bbox 336 1890 454 1966; x_wconf 90' lang='lat' dir='ltr'><strong>quidem</strong></span> <span class='ocrx_word' id='word_1_155' title='bbox 478 1890 637 1949; x_wconf 85' lang='lat' dir='ltr'><strong>altissimus</strong></span> <span class='ocrx_word' id='word_1_156' title='bbox 660 1891 801 1960; x_wconf 85' lang='lat' dir='ltr'><strong>existens,</strong></span> <span class='ocrx_word' id='word_1_157' title='bbox 832 1887 884 1947; x_wconf 89' lang='lat' dir='ltr'><strong>sed</strong></span> <span class='ocrx_word' id='word_1_158' title='bbox 907 1891 977 1963; x_wconf 90' lang='lat' dir='ltr'><strong>quia</strong></span> <span class='ocrx_word' id='word_1_159' title='bbox 1005 1888 1060 1946; x_wconf 91' lang='lat' dir='ltr'><strong>bac</strong></span> <span class='ocrx_word' id='word_1_160' title='bbox 1084 1886 1158 1947; x_wconf 90' lang='lat' dir='ltr'><strong>dnae</strong></span> <span class='ocrx_word' id='word_1_161' title='bbox 1188 1889 1288 1948; x_wconf 88' lang='lat' dir='ltr'><strong>erebro</strong></span> <span class='ocrx_word' id='word_1_162' title='bbox 1312 1889 1395 1965; x_wconf 89' lang='lat' dir='ltr'><strong>(licet</strong></span> <span class='ocrx_word' id='word_1_163' title='bbox 1417 1909 1474 1950; x_wconf 91' lang='lat' dir='ltr'><strong>non</strong></span> <span class='ocrx_word' id='word_1_164' title='bbox 1497 1895 1525 1949; x_wconf 91' lang='lat' dir='ltr'><strong>in</strong></span> 
     </span>
     <span class='ocr_line' id='line_1_19' title="bbox 180 1973 1525 2058; baseline 0.001 -22"><span class='ocrx_word' id='word_1_165' title='bbox 180 1973 254 2058; x_wconf 83' lang='lat' dir='ltr'><strong>tine)</strong></span> <span class='ocrx_word' id='word_1_166' title='bbox 278 1978 389 2036; x_wconf 88' lang='lat' dir='ltr'><strong>iaciunt</strong></span> <span class='ocrx_word' id='word_1_167' title='bbox 411 1979 567 2053; x_wconf 92' lang='lat' dir='ltr'><strong>diapason,</strong></span> <span class='ocrx_word' id='word_1_168' title='bbox 588 1976 640 2035; x_wconf 90' lang='lat' dir='ltr'><strong>illa</strong></span> <span class='ocrx_word' id='word_1_169' title='bbox 663 1976 781 2052; x_wconf 83' lang='lat' dir='ltr'><strong>quidem</strong></span> <span class='ocrx_word' id='word_1_170' title='bbox 802 1977 934 2051; x_wconf 85' lang='lat' dir='ltr'><strong>superior</strong></span> <span class='ocrx_word' id='word_1_171' title='bbox 956 1984 985 2034; x_wconf 89' lang='lat' dir='ltr'><strong>ct</strong></span> <span class='ocrx_word' id='word_1_172' title='bbox 1007 1977 1135 2047; x_wconf 90' lang='lat' dir='ltr'><strong>acutior,</strong></span> <span class='ocrx_word' id='word_1_173' title='bbox 1164 1975 1238 2035; x_wconf 89' lang='lat' dir='ltr'><strong>baec</strong></span> <span class='ocrx_word' id='word_1_174' title='bbox 1261 1977 1378 2037; x_wconf 82' lang='lat' dir='ltr'><strong>interior</strong></span> <span class='ocrx_word' id='word_1_175' title='bbox 1406 1986 1435 2037; x_wconf 92' lang='lat' dir='ltr'><strong>et</strong></span> <span class='ocrx_word' id='word_1_176' title='bbox 1456 1997 1525 2054; x_wconf 53' lang='lat' dir='ltr'><strong>grta</strong></span> 
     </span>
     <span class='ocr_line' id='line_1_20' title="bbox 181 2061 1525 2143; baseline 0 -20"><span class='ocrx_word' id='word_1_177' title='bbox 181 2068 254 2123; x_wconf 86' lang='lat' dir='ltr'><strong>rior.</strong></span> <span class='ocrx_word' id='word_1_178' title='bbox 299 2064 348 2125; x_wconf 86' lang='lat' dir='ltr'><strong>Sic</strong></span> <span class='ocrx_word' id='word_1_179' title='bbox 380 2069 472 2125; x_wconf 90' lang='lat' dir='ltr'><strong>tenori</strong></span> <span class='ocrx_word' id='word_1_180' title='bbox 504 2064 640 2124; x_wconf 88' lang='lat' dir='ltr'><strong>vocabuli</strong></span> <span class='ocrx_word' id='word_1_181' title='bbox 670 2066 753 2139; x_wconf 80' lang='lat' dir='ltr'><strong>origo</strong></span> <span class='ocrx_word' id='word_1_182' title='bbox 777 2062 828 2121; x_wconf 91' lang='lat' dir='ltr'><strong>dat</strong></span> <span class='ocrx_word' id='word_1_183' title='bbox 849 2062 945 2122; x_wconf 89' lang='lat' dir='ltr'><strong>ideam</strong></span> <span class='ocrx_word' id='word_1_184' title='bbox 975 2070 1004 2121; x_wconf 88' lang='lat' dir='ltr'><strong>et</strong></span> <span class='ocrx_word' id='word_1_185' title='bbox 1025 2061 1253 2122; x_wconf 89' lang='lat' dir='ltr'><strong>modulationem</strong></span> <span class='ocrx_word' id='word_1_186' title='bbox 1279 2074 1382 2125; x_wconf 88' lang='lat' dir='ltr'><strong>cautus</strong></span> <span class='ocrx_word' id='word_1_187' title='bbox 1412 2066 1525 2143; x_wconf 87' lang='lat' dir='ltr'><strong>simpli-</strong></span> 
     </span>
     <span class='ocr_line' id='line_1_21' title="bbox 180 2149 1522 2229; baseline -0.001 -17"><span class='ocrx_word' id='word_1_188' title='bbox 180 2169 251 2224; x_wconf 90' lang='lat' dir='ltr'><strong>cem,</strong></span> <span class='ocrx_word' id='word_1_189' title='bbox 275 2151 407 2212; x_wconf 91' lang='lat' dir='ltr'><strong>discanto</strong></span> <span class='ocrx_word' id='word_1_190' title='bbox 430 2170 535 2211; x_wconf 90' lang='lat' dir='ltr'><strong>nomen</strong></span> <span class='ocrx_word' id='word_1_191' title='bbox 559 2151 673 2211; x_wconf 91' lang='lat' dir='ltr'><strong>dedisse</strong></span> <span class='ocrx_word' id='word_1_192' title='bbox 697 2150 812 2209; x_wconf 88' lang='lat' dir='ltr'><strong>videtur</strong></span> <span class='ocrx_word' id='word_1_193' title='bbox 826 2158 968 2227; x_wconf 89' lang='lat' dir='ltr'><strong>perpetua</strong></span> <span class='ocrx_word' id='word_1_194' title='bbox 985 2149 1154 2208; x_wconf 88' lang='lat' dir='ltr'><strong>volubilitas</strong></span> <span class='ocrx_word' id='word_1_195' title='bbox 1177 2158 1207 2211; x_wconf 86' lang='lat' dir='ltr'><strong>ct</strong></span> <span class='ocrx_word' id='word_1_196' title='bbox 1222 2151 1373 2226; x_wconf 83' lang='lat' dir='ltr'><strong>divagatio</strong></span> <span class='ocrx_word' id='word_1_197' title='bbox 1390 2172 1408 2211; x_wconf 92' lang='lat' dir='ltr'><strong>a</strong></span> <span class='ocrx_word' id='word_1_198' title='bbox 1423 2154 1522 2229; x_wconf 83' lang='lat' dir='ltr'><strong>plaga,</strong></span> 
     </span>
     <span class='ocr_line' id='line_1_22' title="bbox 179 2236 1525 2317; baseline 0.001 -19"><span class='ocrx_word' id='word_1_199' title='bbox 179 2242 273 2298; x_wconf 90' lang='lat' dir='ltr'><strong>tenori</strong></span> <span class='ocrx_word' id='word_1_200' title='bbox 296 2256 347 2315; x_wconf 91' lang='lat' dir='ltr'><strong>per</strong></span> <span class='ocrx_word' id='word_1_201' title='bbox 368 2240 511 2316; x_wconf 87' lang='lat' dir='ltr'><strong>diapason</strong></span> <span class='ocrx_word' id='word_1_202' title='bbox 535 2236 680 2315; x_wconf 85' lang='lat' dir='ltr'><strong>opposita.</strong></span> <span class='ocrx_word' id='word_1_203' title='bbox 726 2238 830 2314; x_wconf 87' lang='lat' dir='ltr'><strong>ltaque</strong></span> <span class='ocrx_word' id='word_1_204' title='bbox 859 2241 883 2295; x_wconf 92' lang='lat' dir='ltr'><strong>si</strong></span> <span class='ocrx_word' id='word_1_205' title='bbox 907 2254 1106 2313; x_wconf 89' lang='lat' dir='ltr'><strong>comparemus</strong></span> <span class='ocrx_word' id='word_1_206' title='bbox 1137 2246 1234 2313; x_wconf 87' lang='lat' dir='ltr'><strong>partes</strong></span> <span class='ocrx_word' id='word_1_207' title='bbox 1257 2247 1359 2298; x_wconf 88' lang='lat' dir='ltr'><strong>cantus</strong></span> <span class='ocrx_word' id='word_1_208' title='bbox 1383 2258 1445 2317; x_wconf 91' lang='lat' dir='ltr'><strong>cap.</strong></span> <span class='ocrx_word' id='word_1_209' title='bbox 1478 2243 1525 2300; x_wconf 88' lang='lat'><strong>13.</strong></span> 
     </span>
     <span class='ocr_line' id='line_1_23' title="bbox 181 2325 1526 2405; baseline 0.001 -20"><span class='ocrx_word' id='word_1_210' title='bbox 181 2345 216 2386; x_wconf 85' lang='lat' dir='ltr'><strong>ex</strong></span> <span class='ocrx_word' id='word_1_211' title='bbox 239 2326 359 2386; x_wconf 77' lang='lat' dir='ltr'><strong>Euclide</strong></span> <span class='ocrx_word' id='word_1_212' title='bbox 382 2327 506 2399; x_wconf 86' lang='lat' dir='ltr'><strong>allatas,</strong></span> <span class='ocrx_word' id='word_1_213' title='bbox 530 2329 585 2385; x_wconf 88' lang='lat' dir='ltr'><strong>etsi</strong></span> <span class='ocrx_word' id='word_1_214' title='bbox 608 2343 707 2384; x_wconf 91' lang='lat' dir='ltr'><strong>omnes</strong></span> <span class='ocrx_word' id='word_1_215' title='bbox 731 2325 798 2384; x_wconf 88' lang='lat' dir='ltr'><strong>illac</strong></span> <span class='ocrx_word' id='word_1_216' title='bbox 819 2332 887 2383; x_wconf 87' lang='lat' dir='ltr'><strong>sunt</strong></span> <span class='ocrx_word' id='word_1_217' title='bbox 911 2342 1016 2384; x_wconf 90' lang='lat' dir='ltr'><strong>vocum</strong></span> <span class='ocrx_word' id='word_1_218' title='bbox 1039 2327 1183 2399; x_wconf 90' lang='lat' dir='ltr'><strong>omnium,</strong></span> <span class='ocrx_word' id='word_1_219' title='bbox 1207 2336 1290 2385; x_wconf 92' lang='lat' dir='ltr'><strong>tenor</strong></span> <span class='ocrx_word' id='word_1_220' title='bbox 1312 2334 1408 2387; x_wconf 76' lang='lat' dir='ltr'><strong>tamm</strong></span> <span class='ocrx_word' id='word_1_221' title='bbox 1431 2331 1526 2405; x_wconf 85' lang='lat' dir='ltr'><strong>potis·</strong></span> 
     </span>
     <span class='ocr_line' id='line_1_24' title="bbox 181 2411 1528 2495; baseline 0.001 -22"><span class='ocrx_word' id='word_1_222' title='bbox 181 2416 286 2473; x_wconf 89' lang='lat' dir='ltr'><strong>simum</strong></span> <span class='ocrx_word' id='word_1_223' title='bbox 308 2417 337 2471; x_wconf 91' lang='lat' dir='ltr'><strong>in</strong></span> <span class='ocrx_word' id='word_1_224' title='bbox 361 2411 452 2495; x_wconf 67' lang='lat' dir='ltr'><strong>‹iynqu</strong></span> <span class='ocrx_word' id='word_1_225' title='bbox 475 2423 643 2490; x_wconf 90' lang='lat' dir='ltr'><strong>occupatur,</strong></span> <span class='ocrx_word' id='word_1_226' title='bbox 667 2413 815 2472; x_wconf 89' lang='lat' dir='ltr'><strong>discantus</strong></span> <span class='ocrx_word' id='word_1_227' title='bbox 839 2414 868 2469; x_wconf 93' lang='lat' dir='ltr'><strong>in</strong></span> <span class='ocrx_word' id='word_1_228' title='bbox 890 2415 990 2492; x_wconf 76' lang='lat' dir='ltr'><strong>nioaq,</strong></span> <span class='ocrx_word' id='word_1_229' title='bbox 1014 2411 1091 2471; x_wconf 88' lang='lat' dir='ltr'><strong>altus</strong></span> <span class='ocrx_word' id='word_1_230' title='bbox 1114 2416 1143 2469; x_wconf 94' lang='lat' dir='ltr'><strong>in</strong></span> <span class='ocrx_word' id='word_1_231' title='bbox 1165 2436 1247 2492; x_wconf 75' lang='lat' dir='ltr'><strong>rovq,</strong></span> <span class='ocrx_word' id='word_1_232' title='bbox 1273 2414 1376 2474; x_wconf 88' lang='lat' dir='ltr'><strong>bassus</strong></span> <span class='ocrx_word' id='word_1_233' title='bbox 1399 2418 1427 2473; x_wconf 92' lang='lat' dir='ltr'><strong>in</strong></span> <span class='ocrx_word' id='word_1_234' title='bbox 1451 2416 1528 2475; x_wconf 89' lang='lat' dir='ltr'><strong>saltu</strong></span> 
     </span>
     <span class='ocr_line' id='line_1_25' title="bbox 181 2501 1529 2577; baseline 0.004 -20"><span class='ocrx_word' id='word_1_235' title='bbox 181 2518 232 2577; x_wconf 87' lang='lat' dir='ltr'><strong>per</strong></span> <span class='ocrx_word' id='word_1_236' title='bbox 260 2501 416 2561; x_wconf 89' lang='lat' dir='ltr'><strong>intervalia</strong></span> <span class='ocrx_word' id='word_1_237' title='bbox 443 2501 630 2575; x_wconf 86' lang='lat' dir='ltr'><strong>harmonica;</strong></span> <span class='ocrx_word' id='word_1_238' title='bbox 659 2503 789 2559; x_wconf 91' lang='lat' dir='ltr'><strong>omnium</strong></span> <span class='ocrx_word' id='word_1_239' title='bbox 820 2517 888 2559; x_wconf 88' lang='lat' dir='ltr'><strong>vero</strong></span> <span class='ocrx_word' id='word_1_240' title='bbox 912 2511 1038 2575; x_wconf 90' lang='lat' dir='ltr'><strong>quatuor</strong></span> <span class='ocrx_word' id='word_1_241' title='bbox 1061 2503 1221 2559; x_wconf 83' lang='lat' dir='ltr'><strong>communis</strong></span> <span class='ocrx_word' id='word_1_242' title='bbox 1243 2511 1288 2560; x_wconf 90' lang='lat' dir='ltr'><strong>est</strong></span> <span class='ocrx_word' id='word_1_243' title='bbox 1320 2524 1449 2575; x_wconf 74' lang='lat' dir='ltr'><strong>amasso,</strong></span> <span class='ocrx_word' id='word_1_244' title='bbox 1482 2506 1529 2563; x_wconf 91' lang='lat' dir='ltr'><strong>in·</strong></span> 
     </span>
     <span class='ocr_line' id='line_1_26' title="bbox 184 2580 578 2665; baseline 0.003 -18"><span class='ocrx_word' id='word_1_245' title='bbox 184 2591 295 2665; x_wconf 83' lang='lat' dir='ltr'><strong>signior</strong></span> <span class='ocrx_word' id='word_1_246' title='bbox 317 2596 414 2648; x_wconf 70' lang='lat' dir='ltr'><strong>mmen</strong></span> <span class='ocrx_word' id='word_1_247' title='bbox 437 2590 467 2646; x_wconf 94' lang='lat' dir='ltr'><strong>in</strong></span> <span class='ocrx_word' id='word_1_248' title='bbox 490 2580 578 2648; x_wconf 72' lang='lat' dir='ltr'><strong>ulto.v</strong></span> 
     </span>
    </p>
   </div>
   <div class='ocr_carea' id='block_1_6' title="bbox 184 2675 1529 2927">
    <p class='ocr_par' dir='ltr' id='par_1_7' title="bbox 184 2675 1529 2927">
     <span class='ocr_line' id='line_1_27' title="bbox 269 2675 1527 2752; baseline 0.001 -16"><span class='ocrx_word' id='word_1_249' title='bbox 269 2676 336 2736; x_wconf 87' lang='lat' dir='ltr'><strong>Hae</strong></span> <span class='ocrx_word' id='word_1_250' title='bbox 358 2679 550 2752; x_wconf 84' lang='lat' dir='ltr'><strong>proprietates</strong></span> <span class='ocrx_word' id='word_1_251' title='bbox 578 2682 703 2751; x_wconf 89' lang='lat' dir='ltr'><strong>quatuor</strong></span> <span class='ocrx_word' id='word_1_252' title='bbox 725 2690 830 2733; x_wconf 89' lang='lat' dir='ltr'><strong>vocum</strong></span> <span class='ocrx_word' id='word_1_253' title='bbox 859 2693 894 2733; x_wconf 81' lang='lat' dir='ltr'><strong>ex</strong></span> <span class='ocrx_word' id='word_1_254' title='bbox 924 2675 989 2750; x_wconf 89' lang='lat' dir='ltr'><strong>ipsa</strong></span> <span class='ocrx_word' id='word_1_255' title='bbox 1016 2692 1110 2734; x_wconf 88' lang='lat' dir='ltr'><strong>rerum</strong></span> <span class='ocrx_word' id='word_1_256' title='bbox 1140 2684 1245 2734; x_wconf 89' lang='lat' dir='ltr'><strong>natura</strong></span> <span class='ocrx_word' id='word_1_257' title='bbox 1276 2676 1425 2736; x_wconf 90' lang='lat' dir='ltr'><strong>desumtae</strong></span> <span class='ocrx_word' id='word_1_258' title='bbox 1451 2686 1527 2737; x_wconf 88' lang='lat' dir='ltr'><strong>sunt.</strong></span> 
     </span>
     <span class='ocr_line' id='line_1_28' title="bbox 184 2761 1527 2840; baseline 0.001 -18"><span class='ocrx_word' id='word_1_259' title='bbox 184 2763 259 2823; x_wconf 89' lang='lat' dir='ltr'><strong>Nam</strong></span> <span class='ocrx_word' id='word_1_260' title='bbox 282 2766 352 2839; x_wconf 91' lang='lat' dir='ltr'><strong>qnia</strong></span> <span class='ocrx_word' id='word_1_261' title='bbox 374 2782 426 2840; x_wconf 89' lang='lat' dir='ltr'><strong>per</strong></span> <span class='ocrx_word' id='word_1_262' title='bbox 449 2764 645 2823; x_wconf 89' lang='lat' dir='ltr'><strong>definitionem</strong></span> <span class='ocrx_word' id='word_1_263' title='bbox 668 2761 804 2819; x_wconf 88' lang='lat' dir='ltr'><strong>traditam</strong></span> <span class='ocrx_word' id='word_1_264' title='bbox 828 2771 984 2821; x_wconf 88' lang='lat' dir='ltr'><strong>concentus</strong></span> <span class='ocrx_word' id='word_1_265' title='bbox 1007 2771 1148 2837; x_wconf 90' lang='lat' dir='ltr'><strong>perpetuo</strong></span> <span class='ocrx_word' id='word_1_266' title='bbox 1170 2763 1327 2822; x_wconf 88' lang='lat' dir='ltr'><strong>mutandus</strong></span> <span class='ocrx_word' id='word_1_267' title='bbox 1350 2772 1394 2822; x_wconf 87' lang='lat' dir='ltr'><strong>cst</strong></span> <span class='ocrx_word' id='word_1_268' title='bbox 1418 2781 1453 2822; x_wconf 89' lang='lat' dir='ltr'><strong>ex</strong></span> <span class='ocrx_word' id='word_1_269' title='bbox 1469 2764 1527 2824; x_wconf 92' lang='lat' dir='ltr'><strong>alio</strong></span> 
     </span>
     <span class='ocr_line' id='line_1_29' title="bbox 185 2847 1529 2927; baseline 0.001 -20"><span class='ocrx_word' id='word_1_270' title='bbox 185 2853 214 2908; x_wconf 93' lang='lat' dir='ltr'><strong>in</strong></span> <span class='ocrx_word' id='word_1_271' title='bbox 237 2850 342 2922; x_wconf 88' lang='lat' dir='ltr'><strong>alium,</strong></span> <span class='ocrx_word' id='word_1_272' title='bbox 374 2866 493 2911; x_wconf 92' lang='lat' dir='ltr'><strong>necesse</strong></span> <span class='ocrx_word' id='word_1_273' title='bbox 515 2851 570 2909; x_wconf 87' lang='lat' dir='ltr'><strong>luit</strong></span> <span class='ocrx_word' id='word_1_274' title='bbox 595 2849 627 2907; x_wconf 91' lang='lat' dir='ltr'><strong>id</strong></span> <span class='ocrx_word' id='word_1_275' title='bbox 650 2847 712 2907; x_wconf 89' lang='lat' dir='ltr'><strong>fieri</strong></span> <span class='ocrx_word' id='word_1_276' title='bbox 735 2850 791 2921; x_wconf 88' lang='lat' dir='ltr'><strong>sio,</strong></span> <span class='ocrx_word' id='word_1_277' title='bbox 822 2859 855 2907; x_wconf 90' lang='lat' dir='ltr'><strong>ut</strong></span> <span class='ocrx_word' id='word_1_278' title='bbox 883 2848 1117 2909; x_wconf 90' lang='lat' dir='ltr'><strong>intermediarum</strong></span> <span class='ocrx_word' id='word_1_279' title='bbox 1144 2866 1217 2922; x_wconf 91' lang='lat' dir='ltr'><strong>una,</strong></span> <span class='ocrx_word' id='word_1_280' title='bbox 1251 2853 1468 2927; x_wconf 88' lang='lat' dir='ltr'><strong>comparatione</strong></span> <span class='ocrx_word' id='word_1_281' title='bbox 1491 2851 1529 2910; x_wconf 88' lang='lat' dir='ltr'><strong>ad</strong></span> 
     </span>
    </p>
   </div>
   <div class='ocr_carea' id='block_1_7' title="bbox 162 2936 1624 4935">
    <p class='ocr_par' dir='ltr' id='par_1_8' title="bbox 162 2936 1624 4846">
     <span class='ocr_line' id='line_1_30' title="bbox 185 2936 1528 3015; baseline -0.001 -17"><span class='ocrx_word' id='word_1_282' title='bbox 185 2946 305 3012; x_wconf 88' lang='lat' dir='ltr'><strong>ceteras,</strong></span> <span class='ocrx_word' id='word_1_283' title='bbox 329 2939 358 2995; x_wconf 90' lang='lat' dir='ltr'><strong>in</strong></span> <span class='ocrx_word' id='word_1_284' title='bbox 380 2946 507 3013; x_wconf 80' lang='lat' dir='ltr'><strong>angusto</strong></span> <span class='ocrx_word' id='word_1_285' title='bbox 529 2939 695 3015; x_wconf 87' lang='lat' dir='ltr'><strong>systematis</strong></span> <span class='ocrx_word' id='word_1_286' title='bbox 723 2938 824 3011; x_wconf 62' lang='lat' dir='ltr'><strong>spatio„</strong></span> <span class='ocrx_word' id='word_1_287' title='bbox 842 2936 1052 2995; x_wconf 86' lang='lat' dir='ltr'><strong>obversaretur.</strong></span> <span class='ocrx_word' id='word_1_288' title='bbox 1084 2936 1172 2995; x_wconf 80' lang='lat' dir='ltr'><strong>=Nam</strong></span> <span class='ocrx_word' id='word_1_289' title='bbox 1199 2942 1223 2996; x_wconf 91' lang='lat' dir='ltr'><strong>si</strong></span> <span class='ocrx_word' id='word_1_290' title='bbox 1247 2939 1380 2996; x_wconf 89' lang='lat' dir='ltr'><strong>omnibus</strong></span> <span class='ocrx_word' id='word_1_291' title='bbox 1401 2938 1471 2997; x_wconf 91' lang='lat' dir='ltr'><strong>laxa</strong></span> <span class='ocrx_word' id='word_1_292' title='bbox 1494 2956 1528 2997; x_wconf 90' lang='lat' dir='ltr'><strong>ex</strong></span> 
     </span>
     <span class='ocr_line' id='line_1_31' title="bbox 186 3023 1528 3103; baseline 0 -19"><span class='ocrx_word' id='word_1_293' title='bbox 186 3043 282 3101; x_wconf 87' lang='lat' dir='ltr'><strong>aequo</strong></span> <span class='ocrx_word' id='word_1_294' title='bbox 305 3026 343 3084; x_wconf 91' lang='lat' dir='ltr'><strong>sit</strong></span> <span class='ocrx_word' id='word_1_295' title='bbox 366 3024 506 3103; x_wconf 87' lang='lat' dir='ltr'><strong>libertas,</strong></span> <span class='ocrx_word' id='word_1_296' title='bbox 528 3042 647 3084; x_wconf 89' lang='lat' dir='ltr'><strong>necesse</strong></span> <span class='ocrx_word' id='word_1_297' title='bbox 669 3030 714 3083; x_wconf 89' lang='lat' dir='ltr'><strong>est</strong></span> <span class='ocrx_word' id='word_1_298' title='bbox 737 3023 766 3081; x_wconf 91' lang='lat' dir='ltr'><strong>id</strong></span> <span class='ocrx_word' id='word_1_299' title='bbox 789 3027 944 3099; x_wconf 89' lang='lat' dir='ltr'><strong>consequi,</strong></span> <span class='ocrx_word' id='word_1_300' title='bbox 977 3033 1010 3082; x_wconf 87' lang='lat' dir='ltr'><strong>ut</strong></span> <span class='ocrx_word' id='word_1_301' title='bbox 1031 3023 1148 3083; x_wconf 90' lang='lat' dir='ltr'><strong>inlerior</strong></span> <span class='ocrx_word' id='word_1_302' title='bbox 1170 3025 1270 3083; x_wconf 91' lang='lat' dir='ltr'><strong>crebro</strong></span> <span class='ocrx_word' id='word_1_303' title='bbox 1293 3028 1450 3101; x_wconf 87' lang='lat' dir='ltr'><strong>superioris</strong></span> <span class='ocrx_word' id='word_1_304' title='bbox 1474 3028 1528 3084; x_wconf 94' lang='lat' dir='ltr'><strong>ob-</strong></span> 
     </span>
     <span class='ocr_line' id='line_1_32' title="bbox 187 3109 1529 3189; baseline 0 -17"><span class='ocrx_word' id='word_1_305' title='bbox 187 3121 262 3172; x_wconf 89' lang='lat' dir='ltr'><strong>erret</strong></span> <span class='ocrx_word' id='word_1_306' title='bbox 282 3114 411 3189; x_wconf 89' lang='lat' dir='ltr'><strong>spatium</strong></span> <span class='ocrx_word' id='word_1_307' title='bbox 434 3121 464 3172; x_wconf 88' lang='lat' dir='ltr'><strong>et</strong></span> <span class='ocrx_word' id='word_1_308' title='bbox 486 3114 629 3184; x_wconf 88' lang='lat' dir='ltr'><strong>vicissim,</strong></span> <span class='ocrx_word' id='word_1_309' title='bbox 660 3109 767 3187; x_wconf 87' lang='lat' dir='ltr'><strong>fietque</strong></span> <span class='ocrx_word' id='word_1_310' title='bbox 791 3113 893 3169; x_wconf 89' lang='lat' dir='ltr'><strong>insana</strong></span> <span class='ocrx_word' id='word_1_311' title='bbox 915 3111 1046 3171; x_wconf 88' lang='lat' dir='ltr'><strong>conlusio</strong></span> <span class='ocrx_word' id='word_1_312' title='bbox 1069 3121 1098 3170; x_wconf 92' lang='lat' dir='ltr'><strong>et</strong></span> <span class='ocrx_word' id='word_1_313' title='bbox 1120 3114 1201 3170; x_wconf 88' lang='lat' dir='ltr'><strong>irrita</strong></span> <span class='ocrx_word' id='word_1_314' title='bbox 1222 3113 1358 3172; x_wconf 88' lang='lat' dir='ltr'><strong>reddetur</strong></span> <span class='ocrx_word' id='word_1_315' title='bbox 1381 3114 1529 3173; x_wconf 89' lang='lat' dir='ltr'><strong>distinctio</strong></span> 
     </span>
     <span class='ocr_line' id='line_1_33' title="bbox 188 3197 1529 3276; baseline 0.002 -19"><span class='ocrx_word' id='word_1_316' title='bbox 188 3218 293 3260; x_wconf 87' lang='lat' dir='ltr'><strong>roeum</strong></span> <span class='ocrx_word' id='word_1_317' title='bbox 320 3208 454 3275; x_wconf 88' lang='lat' dir='ltr'><strong>quatuor.</strong></span> <span class='ocrx_word' id='word_1_318' title='bbox 498 3199 561 3258; x_wconf 86' lang='lat' dir='ltr'><strong>Has</strong></span> <span class='ocrx_word' id='word_1_319' title='bbox 589 3215 658 3257; x_wconf 90' lang='lat' dir='ltr'><strong>vero</strong></span> <span class='ocrx_word' id='word_1_320' title='bbox 688 3198 840 3272; x_wconf 81' lang='lat' dir='ltr'><strong>angustias</strong></span> <span class='ocrx_word' id='word_1_321' title='bbox 871 3197 1031 3258; x_wconf 89' lang='lat' dir='ltr'><strong>mediarum</strong></span> <span class='ocrx_word' id='word_1_322' title='bbox 1054 3201 1152 3273; x_wconf 90' lang='lat' dir='ltr'><strong>potius</strong></span> <span class='ocrx_word' id='word_1_323' title='bbox 1181 3217 1238 3259; x_wconf 89' lang='lat' dir='ltr'><strong>nna</strong></span> <span class='ocrx_word' id='word_1_324' title='bbox 1261 3200 1362 3260; x_wconf 89' lang='lat' dir='ltr'><strong>debuit</strong></span> <span class='ocrx_word' id='word_1_325' title='bbox 1385 3218 1529 3276; x_wconf 88' lang='lat' dir='ltr'><strong>occupare</strong></span> 
     </span>
     <span class='ocr_line' id='line_1_34' title="bbox 187 3281 1529 3369; baseline 0.001 -22"><span class='ocrx_word' id='word_1_326' title='bbox 187 3284 281 3369; x_wconf 84' lang='lat' dir='ltr'><strong>(altus</strong></span> <span class='ocrx_word' id='word_1_327' title='bbox 303 3297 334 3346; x_wconf 90' lang='lat' dir='ltr'><strong>ct</strong></span> <span class='ocrx_word' id='word_1_328' title='bbox 355 3284 468 3368; x_wconf 86' lang='lat' dir='ltr'><strong>tenor),</strong></span> <span class='ocrx_word' id='word_1_329' title='bbox 499 3304 587 3362; x_wconf 92' lang='lat' dir='ltr'><strong>quam</strong></span> <span class='ocrx_word' id='word_1_330' title='bbox 615 3296 760 3346; x_wconf 76' lang='lat' dir='ltr'><strong>exuemus</strong></span> <span class='ocrx_word' id='word_1_331' title='bbox 783 3281 949 3365; x_wconf 80' lang='lat' dir='ltr'><strong>(discantus</strong></span> <span class='ocrx_word' id='word_1_332' title='bbox 973 3286 1020 3345; x_wconf 88' lang='lat' dir='ltr'><strong>vel</strong></span> <span class='ocrx_word' id='word_1_333' title='bbox 1042 3282 1173 3367; x_wconf 85' lang='lat' dir='ltr'><strong>bassus).</strong></span> <span class='ocrx_word' id='word_1_334' title='bbox 1217 3287 1294 3347; x_wconf 89' lang='lat' dir='ltr'><strong>Nam</strong></span> <span class='ocrx_word' id='word_1_335' title='bbox 1322 3290 1347 3346; x_wconf 92' lang='lat' dir='ltr'><strong>si</strong></span> <span class='ocrx_word' id='word_1_336' title='bbox 1369 3287 1428 3348; x_wconf 89' lang='lat' dir='ltr'><strong>talc</strong></span> <span class='ocrx_word' id='word_1_337' title='bbox 1459 3289 1529 3364; x_wconf 91' lang='lat' dir='ltr'><strong>qnid</strong></span> 
     </span>
     <span class='ocr_line' id='line_1_35' title="bbox 187 3371 1529 3452; baseline 0.002 -19"><span class='ocrx_word' id='word_1_338' title='bbox 187 3378 216 3433; x_wconf 90' lang='lat' dir='ltr'><strong>in</strong></span> <span class='ocrx_word' id='word_1_339' title='bbox 238 3377 374 3434; x_wconf 87' lang='lat' dir='ltr'><strong>extremis</strong></span> <span class='ocrx_word' id='word_1_340' title='bbox 397 3377 506 3435; x_wconf 86' lang='lat' dir='ltr'><strong>iactum</strong></span> <span class='ocrx_word' id='word_1_341' title='bbox 529 3382 614 3445; x_wconf 87' lang='lat' dir='ltr'><strong>esset,</strong></span> <span class='ocrx_word' id='word_1_342' title='bbox 640 3374 732 3431; x_wconf 89' lang='lat' dir='ltr'><strong>omnis</strong></span> <span class='ocrx_word' id='word_1_343' title='bbox 755 3371 972 3432; x_wconf 84' lang='lat' dir='ltr'><strong>intervallorum</strong></span> <span class='ocrx_word' id='word_1_344' title='bbox 994 3375 1119 3433; x_wconf 86' lang='lat' dir='ltr'><strong>variatio</strong></span> <span class='ocrx_word' id='word_1_345' title='bbox 1143 3378 1171 3430; x_wconf 91' lang='lat' dir='ltr'><strong>in</strong></span> <span class='ocrx_word' id='word_1_346' title='bbox 1194 3392 1280 3433; x_wconf 91' lang='lat' dir='ltr'><strong>unam</strong></span> <span class='ocrx_word' id='word_1_347' title='bbox 1295 3375 1389 3434; x_wconf 89' lang='lat' dir='ltr'><strong>solam</strong></span> <span class='ocrx_word' id='word_1_348' title='bbox 1411 3375 1529 3452; x_wconf 86' lang='lat' dir='ltr'><strong>plagam</strong></span> 
     </span>
     <span class='ocr_line' id='line_1_36' title="bbox 189 3454 1624 3545; baseline 0.001 -25"><span class='ocrx_word' id='word_1_349' title='bbox 189 3480 308 3521; x_wconf 86' lang='lat' dir='ltr'><strong>rcrsnra</strong></span> <span class='ocrx_word' id='word_1_350' title='bbox 329 3463 392 3534; x_wconf 88' lang='lat' dir='ltr'><strong>luit,</strong></span> <span class='ocrx_word' id='word_1_351' title='bbox 415 3470 487 3539; x_wconf 90' lang='lat' dir='ltr'><strong>puta</strong></span> <span class='ocrx_word' id='word_1_352' title='bbox 512 3461 557 3521; x_wconf 89' lang='lat' dir='ltr'><strong>val</strong></span> <span class='ocrx_word' id='word_1_353' title='bbox 581 3463 608 3517; x_wconf 93' lang='lat' dir='ltr'><strong>in</strong></span> <span class='ocrx_word' id='word_1_354' title='bbox 632 3470 748 3519; x_wconf 84' lang='lat' dir='ltr'><strong>acatunr</strong></span> <span class='ocrx_word' id='word_1_355' title='bbox 771 3460 819 3519; x_wconf 92' lang='lat' dir='ltr'><strong>vel</strong></span> <span class='ocrx_word' id='word_1_356' title='bbox 843 3463 870 3516; x_wconf 90' lang='lat' dir='ltr'><strong>in</strong></span> <span class='ocrx_word' id='word_1_357' title='bbox 893 3478 992 3536; x_wconf 84' lang='lat' dir='ltr'><strong>grave.</strong></span> <span class='ocrx_word' id='word_1_358' title='bbox 1037 3460 1144 3520; x_wconf 86' lang='lat' dir='ltr'><strong>Melius</strong></span> <span class='ocrx_word' id='word_1_359' title='bbox 1160 3454 1250 3536; x_wconf 84' lang='lat' dir='ltr'><strong>igitur</strong></span> <span class='ocrx_word' id='word_1_360' title='bbox 1264 3475 1334 3535; x_wconf 89' lang='lat' dir='ltr'><strong>erat,</strong></span> <span class='ocrx_word' id='word_1_361' title='bbox 1358 3475 1529 3524; x_wconf 88' lang='lat' dir='ltr'><strong>concentum</strong></span> <span class='ocrx_word' id='word_1_362' title='bbox 1617 3532 1624 3545; x_wconf 33' lang='grc' dir='ltr'>Ι</span> 
     </span>
     <span class='ocr_line' id='line_1_37' title="bbox 188 3548 1529 3627; baseline -0.001 -18"><span class='ocrx_word' id='word_1_363' title='bbox 188 3568 224 3609; x_wconf 84' lang='lat' dir='ltr'><strong>ex</strong></span> <span class='ocrx_word' id='word_1_364' title='bbox 246 3549 348 3624; x_wconf 88' lang='lat' dir='ltr'><strong>aliqua</strong></span> <span class='ocrx_word' id='word_1_365' title='bbox 370 3548 540 3610; x_wconf 90' lang='lat' dir='ltr'><strong>intermedia</strong></span> <span class='ocrx_word' id='word_1_366' title='bbox 564 3565 644 3620; x_wconf 88' lang='lat' dir='ltr'><strong>voca,</strong></span> <span class='ocrx_word' id='word_1_367' title='bbox 669 3548 749 3607; x_wconf 88' lang='lat' dir='ltr'><strong>velut</strong></span> <span class='ocrx_word' id='word_1_368' title='bbox 772 3564 829 3607; x_wconf 91' lang='lat' dir='ltr'><strong>nno</strong></span> <span class='ocrx_word' id='word_1_369' title='bbox 852 3549 978 3623; x_wconf 89' lang='lat' dir='ltr'><strong>partium</strong></span> <span class='ocrx_word' id='word_1_370' title='bbox 1000 3551 1246 3624; x_wconf 83' lang='lat' dir='ltr'><strong>ipsiustermino,</strong></span> <span class='ocrx_word' id='word_1_371' title='bbox 1270 3553 1299 3608; x_wconf 92' lang='lat' dir='ltr'><strong>in</strong></span> <span class='ocrx_word' id='word_1_372' title='bbox 1322 3562 1446 3627; x_wconf 82' lang='lat' dir='ltr'><strong>angusto</strong></span> <span class='ocrx_word' id='word_1_373' title='bbox 1464 3553 1529 3610; x_wconf 92' lang='lat' dir='ltr'><strong>locn</strong></span> 
     </span>
     <span class='ocr_line' id='line_1_38' title="bbox 188 3630 1531 3716; baseline 0.003 -22"><span class='ocrx_word' id='word_1_374' title='bbox 188 3638 237 3713; x_wconf 80' lang='lat' dir='ltr'><strong>ligi</strong></span> <span class='ocrx_word' id='word_1_375' title='bbox 260 3655 313 3696; x_wconf 92' lang='lat' dir='ltr'><strong>sen</strong></span> <span class='ocrx_word' id='word_1_376' title='bbox 335 3636 457 3712; x_wconf 83' lang='lat' dir='ltr'><strong>alligari,</strong></span> <span class='ocrx_word' id='word_1_377' title='bbox 483 3639 674 3695; x_wconf 89' lang='lat' dir='ltr'><strong>variationem</strong></span> <span class='ocrx_word' id='word_1_378' title='bbox 700 3652 766 3693; x_wconf 87' lang='lat' dir='ltr'><strong>vero</strong></span> <span class='ocrx_word' id='word_1_379' title='bbox 790 3630 1007 3695; x_wconf 81' lang='lat' dir='ltr'><strong>intervallorum</strong></span> <span class='ocrx_word' id='word_1_380' title='bbox 1027 3636 1068 3694; x_wconf 87' lang='lat' dir='ltr'><strong>ab</strong></span> <span class='ocrx_word' id='word_1_381' title='bbox 1091 3653 1126 3694; x_wconf 92' lang='lat' dir='ltr'><strong>ea</strong></span> <span class='ocrx_word' id='word_1_382' title='bbox 1148 3641 1253 3712; x_wconf 87' lang='lat' dir='ltr'><strong>partim</strong></span> <span class='ocrx_word' id='word_1_383' title='bbox 1274 3655 1388 3696; x_wconf 87' lang='lat' dir='ltr'><strong>sursum</strong></span> <span class='ocrx_word' id='word_1_384' title='bbox 1403 3638 1531 3716; x_wconf 88' lang='lat' dir='ltr'><strong>tendere,</strong></span> 
     </span>
     <span class='ocr_line' id='line_1_39' title="bbox 189 3723 1532 3800; baseline 0.001 -17"><span class='ocrx_word' id='word_1_385' title='bbox 189 3727 294 3800; x_wconf 87' lang='lat' dir='ltr'><strong>partim</strong></span> <span class='ocrx_word' id='word_1_386' title='bbox 317 3724 460 3783; x_wconf 87' lang='lat' dir='ltr'><strong>deorsum.</strong></span> <span class='ocrx_word' id='word_1_387' title='bbox 504 3723 569 3782; x_wconf 88' lang='lat' dir='ltr'><strong>Non</strong></span> <span class='ocrx_word' id='word_1_388' title='bbox 594 3723 695 3782; x_wconf 90' lang='lat' dir='ltr'><strong>debuit</strong></span> <span class='ocrx_word' id='word_1_389' title='bbox 718 3738 785 3781; x_wconf 90' lang='lat' dir='ltr'><strong>vero</strong></span> <span class='ocrx_word' id='word_1_390' title='bbox 808 3723 967 3782; x_wconf 89' lang='lat' dir='ltr'><strong>mediarum</strong></span> <span class='ocrx_word' id='word_1_391' title='bbox 996 3740 1117 3797; x_wconf 90' lang='lat' dir='ltr'><strong>vocum,</strong></span> <span class='ocrx_word' id='word_1_392' title='bbox 1149 3733 1291 3799; x_wconf 90' lang='lat' dir='ltr'><strong>quaeest</strong></span> <span class='ocrx_word' id='word_1_393' title='bbox 1316 3725 1445 3797; x_wconf 84' lang='lat' dir='ltr'><strong>inferior,</strong></span> <span class='ocrx_word' id='word_1_394' title='bbox 1479 3743 1532 3785; x_wconf 90' lang='lat' dir='ltr'><strong>co-</strong></span> 
     </span>
     <span class='ocr_line' id='line_1_40' title="bbox 188 3810 1532 3888; baseline 0.001 -18"><span class='ocrx_word' id='word_1_395' title='bbox 188 3812 308 3886; x_wconf 72' lang='lat' dir='ltr'><strong>arctari,</strong></span> <span class='ocrx_word' id='word_1_396' title='bbox 334 3813 403 3887; x_wconf 89' lang='lat' dir='ltr'><strong>qnia</strong></span> <span class='ocrx_word' id='word_1_397' title='bbox 424 3810 493 3871; x_wconf 90' lang='lat' dir='ltr'><strong>idea</strong></span> <span class='ocrx_word' id='word_1_398' title='bbox 515 3819 617 3870; x_wconf 86' lang='lat' dir='ltr'><strong>cantus</strong></span> <span class='ocrx_word' id='word_1_399' title='bbox 640 3812 747 3882; x_wconf 87' lang='lat' dir='ltr'><strong>tenori,</strong></span> <span class='ocrx_word' id='word_1_400' title='bbox 771 3810 929 3869; x_wconf 89' lang='lat' dir='ltr'><strong>mediarum</strong></span> <span class='ocrx_word' id='word_1_401' title='bbox 951 3812 1095 3885; x_wconf 79' lang='lat' dir='ltr'><strong>inferiori,</strong></span> <span class='ocrx_word' id='word_1_402' title='bbox 1117 3810 1265 3888; x_wconf 88' lang='lat' dir='ltr'><strong>adscripta</strong></span> <span class='ocrx_word' id='word_1_403' title='bbox 1286 3811 1372 3872; x_wconf 90' lang='lat' dir='ltr'><strong>debet</strong></span> <span class='ocrx_word' id='word_1_404' title='bbox 1395 3824 1425 3873; x_wconf 89' lang='lat' dir='ltr'><strong>et</strong></span> <span class='ocrx_word' id='word_1_405' title='bbox 1439 3814 1532 3872; x_wconf 92' lang='lat' dir='ltr'><strong>libera</strong></span> 
     </span>
     <span class='ocr_line' id='line_1_41' title="bbox 162 3897 1531 3976; baseline 0.001 -18"><span class='ocrx_word' id='word_1_406' title='bbox 162 3936 165 3947; x_wconf 88' lang='lat'>·</span> <span class='ocrx_word' id='word_1_407' title='bbox 190 3916 271 3972; x_wconf 89' lang='lat' dir='ltr'><strong>esse,</strong></span> <span class='ocrx_word' id='word_1_408' title='bbox 302 3906 331 3957; x_wconf 88' lang='lat' dir='ltr'><strong>et</strong></span> <span class='ocrx_word' id='word_1_409' title='bbox 358 3917 407 3976; x_wconf 87' lang='lat' dir='ltr'><strong>per</strong></span> <span class='ocrx_word' id='word_1_410' title='bbox 429 3897 556 3957; x_wconf 90' lang='lat' dir='ltr'><strong>mediam</strong></span> <span class='ocrx_word' id='word_1_411' title='bbox 585 3900 674 3957; x_wconf 90' lang='lat' dir='ltr'><strong>totius</strong></span> <span class='ocrx_word' id='word_1_412' title='bbox 703 3900 870 3974; x_wconf 84' lang='lat' dir='ltr'><strong>systematis</strong></span> <span class='ocrx_word' id='word_1_413' title='bbox 899 3900 1091 3974; x_wconf 88' lang='lat' dir='ltr'><strong>quantitatem</strong></span> <span class='ocrx_word' id='word_1_414' title='bbox 1121 3899 1271 3973; x_wconf 89' lang='lat' dir='ltr'><strong>incedere,</strong></span> <span class='ocrx_word' id='word_1_415' title='bbox 1303 3907 1336 3958; x_wconf 91' lang='lat' dir='ltr'><strong>ut</strong></span> <span class='ocrx_word' id='word_1_416' title='bbox 1357 3903 1415 3959; x_wconf 93' lang='lat' dir='ltr'><strong>sint</strong></span> <span class='ocrx_word' id='word_1_417' title='bbox 1444 3918 1531 3961; x_wconf 89' lang='lat' dir='ltr'><strong>voces</strong></span> 
     </span>
     <span class='ocr_line' id='line_1_42' title="bbox 191 3984 1530 4060; baseline 0.002 -17"><span class='ocrx_word' id='word_1_418' title='bbox 191 3988 408 4045; x_wconf 88' lang='lat' dir='ltr'><strong>circumstantes</strong></span> <span class='ocrx_word' id='word_1_419' title='bbox 440 3984 512 4044; x_wconf 89' lang='lat' dir='ltr'><strong>nihil</strong></span> <span class='ocrx_word' id='word_1_420' title='bbox 540 3984 621 4045; x_wconf 90' lang='lat' dir='ltr'><strong>aliud</strong></span> <span class='ocrx_word' id='word_1_421' title='bbox 651 4002 738 4060; x_wconf 89' lang='lat' dir='ltr'><strong>qnam</strong></span> <span class='ocrx_word' id='word_1_422' title='bbox 767 3984 845 4044; x_wconf 93' lang='lat' dir='ltr'><strong>illius</strong></span> <span class='ocrx_word' id='word_1_423' title='bbox 874 3986 986 4045; x_wconf 91' lang='lat' dir='ltr'><strong>colores</strong></span> <span class='ocrx_word' id='word_1_424' title='bbox 1016 3995 1045 4044; x_wconf 92' lang='lat' dir='ltr'><strong>et</strong></span> <span class='ocrx_word' id='word_1_425' title='bbox 1073 3996 1243 4045; x_wconf 91' lang='lat' dir='ltr'><strong>ornamenta</strong></span> <span class='ocrx_word' id='word_1_426' title='bbox 1269 4005 1322 4046; x_wconf 90' lang='lat' dir='ltr'><strong>scu</strong></span> <span class='ocrx_word' id='word_1_427' title='bbox 1346 3987 1530 4048; x_wconf 89' lang='lat' dir='ltr'><strong>emblemata.</strong></span> 
     </span>
     <span class='ocr_line' id='line_1_43' title="bbox 190 4071 1532 4149; baseline 0.002 -19"><span class='ocrx_word' id='word_1_428' title='bbox 190 4073 330 4132; x_wconf 87' lang='lat' dir='ltr'><strong>lnieriora</strong></span> <span class='ocrx_word' id='word_1_429' title='bbox 352 4090 421 4132; x_wconf 90' lang='lat' dir='ltr'><strong>vero</strong></span> <span class='ocrx_word' id='word_1_430' title='bbox 444 4071 600 4132; x_wconf 84' lang='lat' dir='ltr'><strong>intervalla</strong></span> <span class='ocrx_word' id='word_1_431' title='bbox 622 4090 735 4148; x_wconf 89' lang='lat' dir='ltr'><strong>semper</strong></span> <span class='ocrx_word' id='word_1_432' title='bbox 756 4072 869 4147; x_wconf 88' lang='lat' dir='ltr'><strong>majora</strong></span> <span class='ocrx_word' id='word_1_433' title='bbox 891 4082 959 4131; x_wconf 90' lang='lat' dir='ltr'><strong>sunt</strong></span> <span class='ocrx_word' id='word_1_434' title='bbox 988 4074 1185 4148; x_wconf 90' lang='lat' dir='ltr'><strong>superioribus</strong></span> <span class='ocrx_word' id='word_1_435' title='bbox 1217 4076 1446 4149; x_wconf 80' lang='lat' dir='ltr'><strong>cognominibus.</strong></span> <span class='ocrx_word' id='word_1_436' title='bbox 1494 4075 1532 4145; x_wconf 86' lang='lat' dir='ltr'><strong>Ut</strong></span> 
     </span>
     <span class='ocr_line' id='line_1_44' title="bbox 191 4158 1532 4236; baseline 0.004 -20"><span class='ocrx_word' id='word_1_437' title='bbox 191 4163 278 4235; x_wconf 79' lang='lat' dir='ltr'><strong>igitur</strong></span> <span class='ocrx_word' id='word_1_438' title='bbox 300 4169 382 4219; x_wconf 90' lang='lat' dir='ltr'><strong>tenor</strong></span> <span class='ocrx_word' id='word_1_439' title='bbox 405 4160 531 4219; x_wconf 88' lang='lat' dir='ltr'><strong>medinm</strong></span> <span class='ocrx_word' id='word_1_440' title='bbox 555 4161 725 4235; x_wconf 87' lang='lat' dir='ltr'><strong>quantitatis</strong></span> <span class='ocrx_word' id='word_1_441' title='bbox 748 4158 843 4217; x_wconf 90' lang='lat' dir='ltr'><strong>locum</strong></span> <span class='ocrx_word' id='word_1_442' title='bbox 865 4159 1000 4233; x_wconf 89' lang='lat' dir='ltr'><strong>haberet,</strong></span> <span class='ocrx_word' id='word_1_443' title='bbox 1028 4164 1156 4236; x_wconf 86' lang='lat' dir='ltr'><strong>oportuit</strong></span> <span class='ocrx_word' id='word_1_444' title='bbox 1177 4161 1260 4220; x_wconf 87' lang='lat' dir='ltr'><strong>illum</strong></span> <span class='ocrx_word' id='word_1_445' title='bbox 1282 4180 1346 4221; x_wconf 87' lang='lat' dir='ltr'><strong>esse</strong></span> <span class='ocrx_word' id='word_1_446' title='bbox 1369 4164 1532 4221; x_wconf 79' lang='lat' dir='ltr'><strong>inferiorern</strong></span> 
     </span>
     <span class='ocr_line' id='line_1_45' title="bbox 191 4246 1533 4325; baseline 0.001 -19"><span class='ocrx_word' id='word_1_447' title='bbox 191 4265 227 4306; x_wconf 88' lang='lat' dir='ltr'><strong>ex</strong></span> <span class='ocrx_word' id='word_1_448' title='bbox 248 4246 352 4306; x_wconf 91' lang='lat' dir='ltr'><strong>mediis</strong></span> <span class='ocrx_word' id='word_1_449' title='bbox 374 4254 463 4322; x_wconf 87' lang='lat' dir='ltr'><strong>atquc</strong></span> <span class='ocrx_word' id='word_1_450' title='bbox 486 4249 528 4306; x_wconf 89' lang='lat' dir='ltr'><strong>sic</strong></span> <span class='ocrx_word' id='word_1_451' title='bbox 551 4247 643 4305; x_wconf 89' lang='lat' dir='ltr'><strong>altum</strong></span> <span class='ocrx_word' id='word_1_452' title='bbox 664 4247 693 4303; x_wconf 93' lang='lat' dir='ltr'><strong>in</strong></span> <span class='ocrx_word' id='word_1_453' title='bbox 709 4254 865 4321; x_wconf 85' lang='lat' dir='ltr'><strong>angustum</strong></span> <span class='ocrx_word' id='word_1_454' title='bbox 880 4248 1122 4325; x_wconf 83' lang='lat' dir='ltr'><strong>oportuit&#39;redigi,</strong></span> <span class='ocrx_word' id='word_1_455' title='bbox 1146 4266 1203 4308; x_wconf 92' lang='lat' dir='ltr'><strong>non</strong></span> <span class='ocrx_word' id='word_1_456' title='bbox 1225 4256 1364 4319; x_wconf 87' lang='lat' dir='ltr'><strong>tenorem,</strong></span> <span class='ocrx_word' id='word_1_457' title='bbox 1409 4250 1533 4310; x_wconf 85' lang='lat' dir='ltr'><strong>Restant</strong></span> 
     </span>
     <span class='ocr_line' id='line_1_46' title="bbox 192 4334 1531 4412; baseline 0.004 -21"><span class='ocrx_word' id='word_1_458' title='bbox 192 4337 280 4410; x_wconf 82' lang='lat' dir='ltr'><strong>igitur</strong></span> <span class='ocrx_word' id='word_1_459' title='bbox 301 4351 354 4410; x_wconf 92' lang='lat' dir='ltr'><strong>pro</strong></span> <span class='ocrx_word' id='word_1_460' title='bbox 378 4334 509 4393; x_wconf 90' lang='lat' dir='ltr'><strong>discanto</strong></span> <span class='ocrx_word' id='word_1_461' title='bbox 532 4342 562 4393; x_wconf 90' lang='lat' dir='ltr'><strong>et</strong></span> <span class='ocrx_word' id='word_1_462' title='bbox 585 4334 671 4392; x_wconf 90' lang='lat' dir='ltr'><strong>basso</strong></span> <span class='ocrx_word' id='word_1_463' title='bbox 694 4334 891 4407; x_wconf 82' lang='lat' dir='ltr'><strong>evagationes,</strong></span> <span class='ocrx_word' id='word_1_464' title='bbox 915 4334 967 4394; x_wconf 92' lang='lat' dir='ltr'><strong>sed</strong></span> <span class='ocrx_word' id='word_1_465' title='bbox 990 4351 1055 4394; x_wconf 90' lang='lat' dir='ltr'><strong>cum</strong></span> <span class='ocrx_word' id='word_1_466' title='bbox 1078 4335 1135 4395; x_wconf 92' lang='lat' dir='ltr'><strong>boc</strong></span> <span class='ocrx_word' id='word_1_467' title='bbox 1158 4335 1331 4410; x_wconf 90' lang='lat' dir='ltr'><strong>discrimine,</strong></span> <span class='ocrx_word' id='word_1_468' title='bbox 1359 4337 1438 4412; x_wconf 91' lang='lat' dir='ltr'><strong>quod</strong></span> <span class='ocrx_word' id='word_1_469' title='bbox 1461 4339 1531 4397; x_wconf 90' lang='lat' dir='ltr'><strong>bas-</strong></span> 
     </span>
     <span class='ocr_line' id='line_1_47' title="bbox 189 4422 1531 4499; baseline 0.003 -19"><span class='ocrx_word' id='word_1_470' title='bbox 189 4439 247 4493; x_wconf 87' lang='lat' dir='ltr'><strong>sus,</strong></span> <span class='ocrx_word' id='word_1_471' title='bbox 271 4424 323 4497; x_wconf 90' lang='lat' dir='ltr'><strong>qni</strong></span> <span class='ocrx_word' id='word_1_472' title='bbox 344 4438 434 4496; x_wconf 80' lang='lat' dir='ltr'><strong>grave</strong></span> <span class='ocrx_word' id='word_1_473' title='bbox 457 4430 544 4480; x_wconf 89' lang='lat' dir='ltr'><strong>sonat</strong></span> <span class='ocrx_word' id='word_1_474' title='bbox 566 4437 729 4497; x_wconf 83' lang='lat' dir='ltr'><strong>magnoque</strong></span> <span class='ocrx_word' id='word_1_475' title='bbox 746 4429 826 4478; x_wconf 90' lang='lat' dir='ltr'><strong>motu</strong></span> <span class='ocrx_word' id='word_1_476' title='bbox 848 4430 878 4480; x_wconf 92' lang='lat' dir='ltr'><strong>et</strong></span> <span class='ocrx_word' id='word_1_477' title='bbox 891 4422 986 4498; x_wconf 82' lang='lat' dir='ltr'><strong>longis</strong></span> <span class='ocrx_word' id='word_1_478' title='bbox 1001 4422 1117 4481; x_wconf 86' lang='lat' dir='ltr'><strong>chordis</strong></span> <span class='ocrx_word' id='word_1_479' title='bbox 1131 4426 1310 4499; x_wconf 83' lang='lat' dir='ltr'><strong>exprimitur,</strong></span> <span class='ocrx_word' id='word_1_480' title='bbox 1338 4423 1428 4483; x_wconf 87' lang='lat' dir='ltr'><strong>tardis</strong></span> <span class='ocrx_word' id='word_1_481' title='bbox 1444 4429 1531 4485; x_wconf 91' lang='lat' dir='ltr'><strong>etiam</strong></span> 
     </span>
     <span class='ocr_line' id='line_1_48' title="bbox 190 4508 1532 4590; baseline 0.004 -24"><span class='ocrx_word' id='word_1_482' title='bbox 190 4510 331 4568; x_wconf 91' lang='lat' dir='ltr'><strong>mensuris</strong></span> <span class='ocrx_word' id='word_1_483' title='bbox 355 4516 385 4568; x_wconf 91' lang='lat' dir='ltr'><strong>et</strong></span> <span class='ocrx_word' id='word_1_484' title='bbox 406 4513 520 4584; x_wconf 79' lang='lat' dir='ltr'><strong>magnis</strong></span> <span class='ocrx_word' id='word_1_485' title='bbox 542 4525 636 4584; x_wconf 87' lang='lat' dir='ltr'><strong>eoque</strong></span> <span class='ocrx_word' id='word_1_486' title='bbox 659 4508 833 4566; x_wconf 88' lang='lat' dir='ltr'><strong>harmonicis</strong></span> <span class='ocrx_word' id='word_1_487' title='bbox 855 4508 1016 4568; x_wconf 88' lang='lat' dir='ltr'><strong>intervallis</strong></span> <span class='ocrx_word' id='word_1_488' title='bbox 1041 4518 1175 4585; x_wconf 79' lang='lat' dir='ltr'><strong>vagetur,</strong></span> <span class='ocrx_word' id='word_1_489' title='bbox 1203 4511 1361 4590; x_wconf 86' lang='lat' dir='ltr'><strong>discantus,</strong></span> <span class='ocrx_word' id='word_1_490' title='bbox 1385 4514 1434 4587; x_wconf 89' lang='lat' dir='ltr'><strong>qni</strong></span> <span class='ocrx_word' id='word_1_491' title='bbox 1458 4531 1532 4572; x_wconf 90' lang='lat' dir='ltr'><strong>acu·</strong></span> 
     </span>
     <span class='ocr_line' id='line_1_49' title="bbox 191 4594 1532 4675; baseline 0.003 -21"><span class='ocrx_word' id='word_1_492' title='bbox 191 4605 251 4654; x_wconf 88' lang='lat' dir='ltr'><strong>tum</strong></span> <span class='ocrx_word' id='word_1_493' title='bbox 275 4603 361 4655; x_wconf 88' lang='lat' dir='ltr'><strong>sonat</strong></span> <span class='ocrx_word' id='word_1_494' title='bbox 382 4595 632 4672; x_wconf 90' lang='lat' dir='ltr'><strong>supervolitatquc</strong></span> <span class='ocrx_word' id='word_1_495' title='bbox 655 4603 684 4654; x_wconf 88' lang='lat' dir='ltr'><strong>ct</strong></span> <span class='ocrx_word' id='word_1_496' title='bbox 706 4596 843 4655; x_wconf 89' lang='lat' dir='ltr'><strong>brevibus</strong></span> <span class='ocrx_word' id='word_1_497' title='bbox 867 4596 982 4655; x_wconf 89' lang='lat' dir='ltr'><strong>chordis</strong></span> <span class='ocrx_word' id='word_1_498' title='bbox 1004 4594 1149 4672; x_wconf 90' lang='lat' dir='ltr'><strong>celerique</strong></span> <span class='ocrx_word' id='word_1_499' title='bbox 1171 4604 1200 4655; x_wconf 89' lang='lat' dir='ltr'><strong>et</strong></span> <span class='ocrx_word' id='word_1_500' title='bbox 1214 4600 1332 4673; x_wconf 80' lang='lat' dir='ltr'><strong>augusti</strong></span> <span class='ocrx_word' id='word_1_501' title='bbox 1347 4602 1435 4675; x_wconf 90' lang='lat' dir='ltr'><strong>spatii</strong></span> <span class='ocrx_word' id='word_1_502' title='bbox 1449 4609 1532 4661; x_wconf 88' lang='lat' dir='ltr'><strong>motu</strong></span> 
     </span>
     <span class='ocr_line' id='line_1_50' title="bbox 190 4682 1530 4760; baseline 0.001 -17"><span class='ocrx_word' id='word_1_503' title='bbox 190 4682 314 4760; x_wconf 89' lang='lat' dir='ltr'><strong>elicitur,</strong></span> <span class='ocrx_word' id='word_1_504' title='bbox 336 4683 475 4742; x_wconf 89' lang='lat' dir='ltr'><strong>brevibus</strong></span> <span class='ocrx_word' id='word_1_505' title='bbox 498 4685 586 4743; x_wconf 90' lang='lat' dir='ltr'><strong>etiam</strong></span> <span class='ocrx_word' id='word_1_506' title='bbox 610 4699 703 4758; x_wconf 89' lang='lat' dir='ltr'><strong>eoque</strong></span> <span class='ocrx_word' id='word_1_507' title='bbox 726 4684 916 4744; x_wconf 90' lang='lat' dir='ltr'><strong>crebrioribus</strong></span> <span class='ocrx_word' id='word_1_508' title='bbox 937 4685 1079 4743; x_wconf 90' lang='lat' dir='ltr'><strong>mensuris</strong></span> <span class='ocrx_word' id='word_1_509' title='bbox 1106 4685 1290 4760; x_wconf 89' lang='lat' dir='ltr'><strong>minimisque</strong></span> <span class='ocrx_word' id='word_1_510' title='bbox 1313 4688 1461 4746; x_wconf 88' lang='lat' dir='ltr'><strong>concinnis</strong></span> <span class='ocrx_word' id='word_1_511' title='bbox 1484 4690 1530 4744; x_wconf 90' lang='lat' dir='ltr'><strong>in-</strong></span> 
     </span>
     <span class='ocr_line' id='line_1_51' title="bbox 192 4769 1531 4846; baseline 0.006 -18"><span class='ocrx_word' id='word_1_512' title='bbox 192 4770 322 4829; x_wconf 89' lang='lat' dir='ltr'><strong>tervallis</strong></span> <span class='ocrx_word' id='word_1_513' title='bbox 345 4772 444 4828; x_wconf 91' lang='lat' dir='ltr'><strong>omnia</strong></span> <span class='ocrx_word' id='word_1_514' title='bbox 465 4778 649 4846; x_wconf 82' lang='lat' dir='ltr'><strong>pervagetur.</strong></span> <span class='ocrx_word' id='word_1_515' title='bbox 694 4769 779 4830; x_wconf 87' lang='lat' dir='ltr'><strong>Haec</strong></span> <span class='ocrx_word' id='word_1_516' title='bbox 801 4771 889 4846; x_wconf 83' lang='lat' dir='ltr'><strong>igitur</strong></span> <span class='ocrx_word' id='word_1_517' title='bbox 911 4787 1018 4830; x_wconf 89' lang='lat' dir='ltr'><strong>vocum</strong></span> <span class='ocrx_word' id='word_1_518' title='bbox 1044 4774 1205 4846; x_wconf 91' lang='lat' dir='ltr'><strong>proprietas</strong></span> <span class='ocrx_word' id='word_1_519' title='bbox 1227 4780 1280 4834; x_wconf 92' lang='lat' dir='ltr'><strong>est.</strong></span> <span class='ocrx_word' id='word_1_520' title='bbox 1325 4775 1409 4834; x_wconf 92' lang='lat' dir='ltr'><strong>Nunc</strong></span> <span class='ocrx_word' id='word_1_521' title='bbox 1432 4781 1463 4832; x_wconf 92' lang='lat' dir='ltr'><strong>et</strong></span> <span class='ocrx_word' id='word_1_522' title='bbox 1484 4792 1531 4836; x_wconf 87' lang='lat' dir='ltr'><strong>re·</strong></span> 
     </span>
    </p>

    <p class='ocr_par' dir='ltr' id='par_1_9' title="bbox 192 4855 1588 4935">
     <span class='ocr_line' id='line_1_52' title="bbox 192 4855 1588 4935; baseline 0.001 -20"><span class='ocrx_word' id='word_1_523' title='bbox 192 4855 288 4932; x_wconf 88' lang='lat' dir='ltr'><strong>liquas</strong></span> <span class='ocrx_word' id='word_1_524' title='bbox 310 4855 487 4919; x_wconf 89' lang='lat' dir='ltr'><strong>delinitionis</strong></span> <span class='ocrx_word' id='word_1_525' title='bbox 508 4856 852 4935; x_wconf 61' lang='lat' dir='ltr'><strong>particulasrdeclarabo.</strong></span> <span class='ocrx_word' id='word_1_526' title='bbox 1584 4872 1588 4879; x_wconf 63' lang='lat'>‘</span> 
     </span>
    </p>
   </div>
   <div class='ocr_carea' id='block_1_8' title="bbox 0 0 1960 5846">
    <p class='ocr_par' dir='ltr' id='par_1_10' title="bbox 0 0 1960 5846">
     <span class='ocr_line' id='line_1_53' title="bbox 0 0 1960 5846; baseline 0 0"><span class='ocrx_word' id='word_1_527' title='bbox 0 0 1960 5846; x_wconf 95' lang='lat' dir='ltr'><strong> </strong></span> 
     </span>
    </p>
   </div>
  </div>
 </body>
</html>
