3882 5862
714 410 796 468 Liber
812 411 861 469 111
881 387 972 483 uapor
988 413 1037 469 lx,
1141 444 1144 453 ·
1489 420 1552 482 ata

192 584 301 641 mmmm
318 584 404 656 ipsias
422 586 552 657 diapason
577 587 734 658 descripsit5
760 586 790 655 1)
809 586 883 657 qnod
901 586 1047 644 divisiones
1072 586 1247 644 harmonicae
1268 591 1459 666 monochordi,
1484 613 1554 667 qaas

192 662 268 719 libro
292 680 353 720 meo
370 665 421 720 111.
445 681 504 736 cap.
523 668 551 724 2.
574 683 609 722 ex
626 667 776 736 geometria
797 665 995 735 demonstrari,
1023 666 1059 741 ad
1083 664 1267 736 septenariam
1291 685 1380 740 usque
1403 677 1552 734 sectionem

192 741 415 812 progrediuntur,
433 743 480 799 ubi
493 746 614 801 nascitur
632 744 995 816 disdiapason-epidiapeute
1012 754 1041 801 et
1059 754 1138 801 sexta
1155 744 1254 809 mollis,
1273 764 1354 817 qnam
1371 752 1474 810 frum
1488 756 1552 813 Ρω.

192 821 319 876 lentaeue
336 822 365 875 in
383 836 556 879 nummorum
573 823 684 893 politiae
701 824 817 894 gratiam
836 822 958 879 excludit
976 823 1011 879 ab
1028 824 1185 892 harmoniis,
1204 842 1265 881 cum
1282 842 1371 897 auree,
1390 832 1477 902 ipsios
1488 835 1552 892 Pto·

187 896 290 954 lemaei
314 898 452 968 sunmgiis
474 917 525 972 pro
552 902 691 971 jndicibus
710 902 875 959 constitutae
896 911 925 958 et
950 919 1012 957 cum
1031 902 1065 957 iis
1092 902 1179 957 omnis
1197 902 1330 961 hodierna
1352 908 1423 965 ratio
1448 914 1552 970 munim

192 978 313 1049 ipsaque
331 995 421 1035 rernm
438 990 536 1038 natura
560 984 611 1039 hac
629 984 787 1039 exclusione
805 981 975 1049 indiruptum
1003 984 1029 1049 5)
1048 983 1113 1052 quio
1136 982 1190 1037 inre
1213 981 1294 1039 datru
1317 984 1438 1043 infinitas
1456 1006 1551 1048 muso-

152 1058 156 1065 '
189 1057 359 1137 manarum,
388 1058 518 1128 diapason
533 1061 783 1131 multiplicantium,
811 1061 933 1117 maures
951 1063 1029 1130 sequi
1047 1060 1224 1131 percipiendo
1249 1072 1374 1130 possent,
1400 1068 1473 1136 quod
1490 1069 1551 1139 ipsc

190 1135 369 1193 Ptolemaeus
392 1138 502 1193 fatetur.
537 1139 592 1195 Sed
617 1154 667 1195 nec
690 1142 717 1194 in
743 1140 855 1196 zodiaco
877 1138 1016 1195 sufficiant
1034 1149 1128 1196 ternae
1146 1141 1295 1209 sectionem
1321 1144 1408 1209 probo
1435 1146 1550 1213 primum

189 1231 226 1269 ex
247 1217 333 1285 ipsius
351 1215 500 1273 Pmlemaei
519 1217 668 1287 principiis.
703 1217 773 1273 Nam
790 1216 898 1273 sextilis
916 1226 1046 1287 aspectus
1064 1216 1222 1272 Ptolemaeo
1241 1218 1285 1274 bic
1304 1234 1338 1274 ex
1351 1222 1438 1280 tribus
1455 1226 1550 1296 prioris

189 1296 288 1352 circuli
307 1296 472 1353 semionibus
492 1313 545 1351 uon
564 1298 618 1352 alio
632 1299 696 1365 jure
709 1297 833 1365 resultat,
851 1313 933 1365 quam
946 1296 1105 1366 duodecills,
1125 1305 1239 1366 uterque
1253 1297 1358 1356 scilicet
1368 1318 1423 1357 uun
1435 1305 1550 1374 aprime

190 1375 334 1430 divisionis
356 1375 448 1444 initio,
473 1377 522 1432 sed
548 1378 575 1432 in
600 1378 660 1432 aliia
683 1376 775 1431 circuli
798 1374 922 1446 partibus
946 1377 1096 1432 ordinatur.
1132 1376 1170 1431 Et
1194 1383 1283 1433 umen
1309 1380 1434 1437 sextilem
1451 1384 1550 1452 probat

192 1455 383 1521 Ptolomaeus,
403 1456 573 1512 duodecilem
588 1457 684 1525 rejicit.
721 1457 817 1525 Itaque
842 1470 893 1524 pro
911 1454 1004 1509 sextili
1021 1470 1050 1507 re
1068 1454 1130 1523 ipsa
1147 1455 1296 1513 introducit
1321 1461 1403 1515 etiam
1424 1469 1551 1531 quartum

190 1533 357 1589 divisionem
375 1535 403 1589 in
422 1550 471 1590 sen
488 1537 523 1591 ab
536 1535 631 1591 eodem
643 1534 785 1604 principio.
823 1530 911 1590 Probo
925 1534 1045 1589 secundo
1063 1532 1098 1588 ab
1111 1534 1281 1602 experientia
1296 1545 1469 1607 aspectuum:
1488 1557 1550 1598 nam

188 1621 220 1668 et
240 1611 389 1669 duodecrlis
408 1612 579 1667 cateridem
598 1628 647 1667 seu
666 1612 840 1680 rembertus,
859 1618 888 1665 et
904 1612 1026 1683 quintilis
1046 1620 1074 1668 ct
1092 1612 1251 1684 biquiutilis,
1271 1617 1297 1670 in
1312 1618 1469 1686 suspicione
1486 1637 1550 1679 sero

189 1696 258 1745 sunt
277 1689 384 1761 docilis,
403 1692 546 1761 tridecilis,
565 1693 715 1761 quincunx,
739 1699 766 1746 et
784 1693 922 1747 remotiori
941 1692 969 1746 iu
987 1692 1074 1761 gradu
1093 1691 1198 1762 oculis,
1224 1695 1349 1751 trioetilis
1369 1712 1419 1752 seu
1437 1713 1549 1770 sesqua-

187 1769 267 1826 drus.
302 1770 372 1826 Vide
389 1773 441 1827 mei
459 1772 520 1827 libri
538 1771 584 1826 IV.
604 1789 664 1841 cap.
683 1773 708 1827 5.
745 1773 786 1826 De
805 1778 905 1839 cetero,
925 1771 997 1840 qood
1016 1769 1119 1825 circulo
1138 1786 1188 1840 per
1200 1774 1385 1830 trisectioncm
1398 1785 1426 1831 et
1440 1779 1549 1847 quadri·

190 1848 341 1905 scctioaem
360 1850 388 1905 in
407 1848 548 1906 duodecim
566 1848 652 1905 diviso
671 1850 745 1904 sane
761 1848 868 1917 quaerit
883 1847 1076 1918 proportiones
1093 1849 1165 1904 inter
1183 1857 1289 1920 partes,
1307 1852 1334 1907 id
1353 1853 1420 1909 iacit
1437 1856 1549 1925 quidem

189 1929 228 1984 ad
246 1929 378 1998 majorem
395 1926 617 1997 probabilitatem
634 1927 844 1997 comparationis
861 1927 947 1997 ipsias
965 1943 1016 1996 per
1028 1943 1058 1983 se
1075 1927 1178 1998 audac,
1196 1929 1232 1983 ad
1244 1927 1381 1988 causalem
1393 1949 1458 1990 sero
1477 1951 1549 1993 eom·
1613 1982 1619 2003 ,

189 2008 372 2076 parationem,
389 2006 497 2076 qualem
516 2021 567 2075 ego
585 2005 677 2073 uado,
694 2004 771 2061 nulla
788 2005 829 2062 vis
847 2014 891 2063 eet
907 2007 934 2063 io
952 2005 1097 2076 multiplici
1115 2007 1250 2063 redonum
1267 2012 1451 2080 expressione.
1486 2015 1549 2073 Non

189 2086 266 2141 eninr
283 2085 402 2151 chordae
419 2082 604 2153 proportionis
621 2082 720 2153 triplae
737 2091 891 2141 consonam
909 2084 945 2140 ob
963 2084 1035 2140 hauc
1052 2083 1208 2163 generalem
1225 2101 1349 2159 causam,
1374 2091 1438 2160 quia
1457 2093 1487 2149 iu
1503 2111 1548 2150 ac·

191 2163 274 2219 diaco
291 2163 468 2219 inueniuntur
485 2169 577 2232 partes
594 2161 647 2218 bac
665 2174 736 2218 usae
747 2162 925 2233 proportione
943 2164 1112 2232 signoruni)
1130 2163 1165 2218 ad
1177 2163 1345 2234 signasstsio
1357 2184 1454 2240 nempe
1466 2172 1548 2228 utiam
1576 2208 1579 2217 ,
1654 2210 1658 2219 .

189 2242 312 2300 chordae
335 2241 519 2314 proportionis
543 2240 688 2312 septuplos
709 2249 905 2309 consonarent,
931 2242 995 2310 quia
1011 2248 1077 2297 sunt
1094 2241 1122 2297 in
1139 2241 1242 2300 circum
1259 2250 1369 2313 partes,
1393 2263 1449 2303 una
1466 2250 1548 2306 onius

191 2320 272 2391 sirm,
291 2320 379 2377 altera
396 2323 412 2376 7
431 2321 592 2391 signorum),
615 2321 664 2376 sed
682 2326 789 2377 tautum
807 2320 884 2391 ideo,
909 2319 975 2388 qnia
991 2319 1019 2375 in
1038 2317 1141 2375 circulo
1159 2327 1219 2376 toto
1236 2323 1376 2391 signorum
1396 2324 1431 2381 12
1448 2326 1549 2387 inveni·
1608 2340 1611 2347 '

189 2408 238 2456 tur
256 2402 420 2470 geometrice
438 2400 587 2455 constituta
604 2414 669 2469 pars
686 2398 782 2466 tertia,
801 2400 941 2466 signorum
959 2398 984 2452 1.
1019 2396 1092 2466 Quin
1112 2398 1193 2455 etiam
1217 2399 1365 2471 pleraeque
1383 2404 1547 2475 barmoniae,

192 2496 263 2550 quas
281 2480 383 2550 primm
401 2479 594 2536 consonantias
612 2478 742 2549 appellat,
761 2484 829 2547 puta
846 2475 1016 2532 diatessaron
1029 2483 1057 2531 et
1069 2474 1206 2547 diapente,
1224 2477 1306 2548 plane
1318 2497 1373 2537 non
1386 2491 1450 2540 sunt
1460 2486 1547 2555 priano

189 2559 226 2615 ab
246 2557 299 2615 hae
316 2559 397 2616 unica
420 2564 449 2614 et
465 2557 589 2615 solitaria
606 2557 687 2613 unius
705 2554 800 2612 cuculi
818 2554 961 2626 divisione,
985 2555 1043 2611 siue
1061 2556 1116 2611 duo
1142 2557 1201 2625 qus
1220 2559 1288 2613 secti
1311 2569 1465 2632 segmenta,
1491 2564 1548 2621 sive

86 2668 89 2673 ·
189 2637 273 2693 etiam
297 2643 373 2693 totus
396 2654 458 2694 cum
481 2647 558 2709 parte
580 2637 713 2693 radonem
738 2633 922 2691 harmonicam
941 2633 1119 2691 constituunt,
1156 2635 1217 2691 Non
1242 2636 1314 2691 enim
1335 2640 1398 2695 ideo
1420 2641 1547 2720 chordae,

192 2731 265 2786 quae
283 2722 349 2772 sunt
366 2717 394 2771 in
412 2717 588 2786 proportione
606 2718 794 2787 sesquitertia,
819 2721 983 2779 consonant,
1009 2714 1074 2783 quia
1090 2714 1117 2770 in
1136 2716 1239 2771 cuculo
1257 2716 1296 2773 sic
1314 2716 1399 2773 diviso
1422 2727 1465 2777 eet
1481 2739 1547 2791 pars

189 2810 289 2852 uorem
307 2795 459 2866 signorum,
483 2810 554 2864 quae
571 2812 633 2852 cum
650 2802 709 2852 toto
728 2795 761 2850 12
780 2795 918 2863 signorum
937 2792 1127 2862 complectitur
1145 2795 1346 2864 sesquitertiam
1364 2797 1414 2865 (sic
1431 2799 1502 2855 eninr
1519 2810 1548 2858 et

178 2889 255 2947 pars
272 2875 305 2929 11
331 2874 469 2941 signorum
493 2890 555 2930 cum
579 2883 637 2931 toto
661 2874 695 2929 12
713 2874 852 2944 signorum
876 2872 1020 2931 constituit
1041 2871 1160 2941 aliquam
1183 2873 1387 2944 proportionem
1411 2882 1439 2933 et
1455 2884 1548 2936 maren

138 2950 143 2963 “
188 2951 317 3024 chordae,
336 2967 407 3022 quae
425 2952 539 3008 eandem
557 2955 736 3020 consutuunt,
755 2952 827 3007 inter
846 2966 876 3007 se
894 2967 951 3006 aon
971 2953 1140 3020 consonent),
1159 2950 1207 3006 sed
1227 2950 1262 3005 ob
1280 2949 1309 3006 id
1326 2952 1444 3010 chordae
1462 2957 1545 3015 ratio·

188 3033 233 3088 nis
251 3031 442 3101 sesquitertiae
454 3038 614 3101 consonant,
632 3032 697 3101 qais
708 3030 827 3087 chordae
840 3030 1024 3101 proportionis
1038 3029 1207 3100 quadruplae
1221 3030 1414 3101 identicorum,
1432 3049 1547 3105 quaram

188 3126 254 3167 eum
271 3109 359 3165 minor
375 3112 390 3165 1
410 3126 472 3166 cum
490 3110 533 3166 soi
550 3110 633 3180 triplo
651 3113 667 3166 3
686 3119 825 3177 consonat,
843 3117 874 3167 ut
892 3111 968 3180 prins
986 3124 1020 3165 ex
1034 3106 1128 3164 cuculi
1140 3111 1305 3178 geometrica
1316 3110 1437 3168 secdoue
1449 3127 1546 3185 seque-

189 3191 281 3261 batur,
298 3190 361 3245 ideo
379 3196 407 3245 et
423 3191 637 3248 identisonarum
655 3189 741 3246 altera
758 3190 879 3259 maiori
898 3206 960 3246 cuns
978 3189 1052 3245 illius
1076 3188 1157 3258 triplo
1177 3191 1192 3245 3
1211 3195 1343 3247 consonet
1364 3205 1478 3251 necesse
1496 3202 1546 3252 est.

190 3270 268 3327 Haec
286 3286 304 3325 a
321 3283 364 3324 me
382 3268 525 3338 diligenter
543 3276 607 3325 sunt
625 3272 743 3323 tractata
759 3267 830 3324 libro
847 3268 894 3323 IV.
914 3284 974 3339 cap.
993 3272 1017 3324 5.
1038 3273 1066 3322 et
1083 3270 1107 3323 d.

279 3347 322 3403 Ex
340 3346 392 3401 hac
410 3352 505 3403 coutra
521 3346 702 3402 Ptolemaicas
720 3348 855 3403 rationum
874 3347 1083 3405 constitutiones
1101 3347 1262 3417 exceptione
1280 3347 1360 3404 facile
1378 3358 1462 3420 patet,
1482 3351 1547 3421 qaid

186 3422 245 3496 jem
267 3425 295 3481 iu
317 3426 498 3496 applicatione
522 3425 760 3482 consonantiarum
785 3423 820 3481 ad
847 3430 974 3495 aspectus
1003 3422 1162 3480 desiderem.
1198 3426 1268 3482 Nem
1295 3425 1424 3498 diapente
1450 3445 1546 3486 conso-

188 3502 284 3560 nantia
301 3520 354 3559 non
374 3512 416 3560 eet
432 3505 587 3562 immediate
605 3501 769 3575 applicanda
785 3502 917 3572 trigonico
936 3502 1074 3574 aspectui,
1093 3503 1223 3575 competit
1242 3504 1314 3560 eninr
1331 3506 1396 3563 huic
1411 3507 1500 3578 primo
1519 3516 1547 3564 et

189 3583 344 3641 immediate
363 3584 692 3654 diapason-epidiapente;
711 3588 743 3638 ot
759 3596 823 3638 vero
841 3582 929 3638 eidem
947 3589 975 3636 et
994 3581 1122 3653 diapente
1140 3590 1290 3654 competat,
1313 3599 1426 3641 necesse
1444 3593 1488 3642 est
1506 3585 1545 3644 iu·

189 3661 334 3719 tercedere
351 3670 379 3717 et
396 3662 503 3718 amoma
520 3662 582 3730 boc,
601 3664 674 3732 qaod
692 3661 823 3731 diapason
842 3661 879 3716 sit
895 3659 1014 3717 identica
1032 3668 1060 3716 et
1078 3660 1151 3729 quod
1168 3660 1347 3718 identicorum
1362 3664 1468 3720 minore
1481 3681 1545 3723 ean·

189 3747 305 3797 sonante
322 3757 383 3797 eam
401 3741 444 3797 sui
460 3740 552 3811 triplo,
570 3741 651 3796 edam
670 3740 783 3797 alterum
801 3740 897 3809 majas,
917 3739 1029 3811 duplum
1046 3739 1128 3808 illius,
1147 3753 1209 3794 cunr
1227 3738 1288 3808 eina
1300 3740 1383 3811 triplo
1401 3749 1542 3800 consonet.

192 3819 267 3875 Idem
287 3818 321 3874 de
337 3819 508 3877 mammaea
522 3819 580 3889 iam
599 3834 682 3889 supra
700 3819 752 3875 dici
775 3827 902 3888 coeptum
925 3819 971 3876 bic
990 3825 1151 3877 resumatur.
1188 3818 1249 3874 Etsi
1271 3819 1343 3875 enim
1366 3827 1395 3874 et
1413 3819 1544 3878 diatessn

189 3913 239 3952 ron
259 3898 345 3954 antur
361 3918 379 3956 a
396 3899 484 3969 ligura
501 3898 634 3969 quadrata
652 3898 752 3956 circulo
771 3898 909 3968 insumpta,
928 3914 998 3968 qaae
1017 3899 1098 3956 etiam
1117 3902 1258 3967 aspectum
1269 3897 1357 3968 gignit
1373 3898 1544 3970 quadratum,

189 3984 281 4034 umen
304 3978 358 4050 ipsi
382 3978 503 4049 aspectui
527 3977 659 4047 quadrato
682 3978 769 4047 primo
794 3978 936 4047 respoudit
962 3979 1137 4048 disdiapason
1161 3977 1346 4047 proportionis
1365 3978 1543 4049 quadruplae,

190 4071 261 4126 quae
280 4066 322 4112 est
339 4058 423 4113 tutius
439 4055 534 4123 circuli
551 4055 586 4111 ad
606 4064 729 4124 quartam
748 4062 867 4126 partem,
888 4062 986 4124 postca
1009 4064 1100 4112 tamen
1124 4063 1153 4111 et
1170 4055 1332 4111 secundario
1355 4056 1500 4111 comitatur
1516 4064 1545 4113 et

190 4133 321 4205 adhaeret
337 4135 377 4190 illi
396 4135 578 4205 damnarer,
602 4134 786 4205 proportionis
805 4134 943 4207 epitritae,
970 4152 1019 4207 per
1035 4135 1259 4192 intercessionem
1277 4133 1380 4191 seilicet
1398 4135 1543 4193 mmmmm

190 4215 272 4269 etiam
290 4228 374 4283 supra
391 4213 524 4284 usurpati,
542 4220 571 4268 et
588 4226 642 4267 non
659 4219 773 4282 propter
789 4212 928 4271 maldrum
945 4215 1054 4285 cheud,
1073 4222 1129 4271 tres
1148 4220 1276 4284 quartas3
1293 4212 1362 4270 alias
1382 4229 1541 4284 cogeremur

191 4290 314 4349 omnibns
332 4292 448 4349 residuis
470 4290 565 4348 areoli
589 4306 654 4347 suas
676 4292 704 4347 in
723 4293 885 4350 numericis
908 4293 1058 4350 concedere
1081 4292 1273 4348 consonantias
1296 4298 1392 4348 comm
1409 4290 1544 4361 judicium

190 4387 305 4429 auruum.

279 4468 305 4523 E
322 4470 459 4526 contrario
477 4485 542 4527 voro
560 4475 690 4537 aspectus
707 4468 760 4540 ipsi
779 4467 813 4524 ab
832 4468 874 4524 his
892 4469 1006 4525 residuis
1025 4467 1120 4524 meoli
1138 4483 1192 4524 non
1210 4468 1343 4537 pendent,
1362 4480 1413 4523 nec
1429 4475 1546 4536 possunt

193 4545 326 4616 applicari
343 4548 418 4604 dicta
434 4550 572 4605 axiomata
589 4547 700 4605 ursulo.
730 4549 793 4604 lion
811 4547 932 4618 pendent
948 4563 966 4602 a
982 4546 1108 4617 residuis,
1126 4546 1199 4616 qnia,
1218 4543 1320 4601 circulo
1337 4543 1366 4600 iu
1383 4544 1419 4601 20
1435 4559 1542 4615 geome-

191 4627 257 4681 trice
281 4625 367 4682 diviso
394 4630 423 4681 et
440 4629 538 4682 sumtu
562 4643 597 4682 ex
619 4642 676 4683 uua
697 4633 776 4698 parte
794 4628 810 4682 9
828 4625 1010 4696 parionibus,
1035 4624 1072 4680 ut'
1087 4641 1122 4680 ex
1145 4624 1232 4681 altera
1255 4623 1365 4680 residua
1385 4630 1460 4680 stent
1482 4640 1544 4695 por·

191 4705 278 4761 boues
301 4707 344 4776 11,
372 4705 417 4761 hie
434 4706 572 4762 residuum
590 4707 642 4761 hoc
660 4704 824 4777 geometrice
842 4706 1020 4761 coustitutum
1038 4705 1133 4773 aequit
1151 4705 1263 4775 praere
1280 4710 1433 4776 aspectum,
1451 4704 1544 4763 nullas

191 4784 263 4842 enlm
281 4785 395 4842 effectos
413 4785 546 4855 sequitur,-
566 4801 606 4841 sc.
625 4787 690 4855 quia
707 4787 743 4842 ad
761 4800 854 4841 arcura
872 4783 1055 4854 apertorum
1074 4783 1218 4839 rescissum
1237 4783 1327 4839 nudus
1345 4783 1475 4853 seqnitur.
1506 4784 1545 4841 ht

190 4864 282 4925 hercle
304 4863 401 4921 sumas
425 4863 444 4919 8
465 4863 637 4933 portionibus
660 4864 689 4918 io
708 4880 790 4922 noum
819 4877 911 4923 monus
934 4870 963 4925 et
985 4863 1020 4921 12
1043 4864 1072 4921 iu
1093 4861 1245 4937 residuum,
1273 4861 1387 4925 ctiectas
1411 4861 1543 4937 sequitur,
