3882 5862
750 446 834 503 Liber
850 444 901 502 111.
922 445 1011 517 Oaput
1027 446 1101 502 xiv,
1540 448 1603 518 889

246 624 334 680 minor
350 628 379 679 et
395 623 576 691 semitonium,
595 628 623 680 et
640 623 680 679 sic
697 622 756 678 toni
774 621 828 691 duo
846 620 928 677 semis
946 637 1001 678 nea
1020 624 1160 686 amunte,
1180 616 1228 675 sed
1246 618 1345 675 saltem
1362 617 1554 689 nuncupative,
1573 625 1605 675 ut

248 703 422 757 Ptolemaeus
439 702 499 771 ipae
517 700 718 757 demonstrarit
746 700 815 756 Teni
832 701 904 754 euim
922 715 972 755 seu
990 700 1174 770 proportionis
1192 698 1400 767 sesquioctavae
1418 698 1538 753 semissis
1556 714 1603 753 ex·

246 787 309 835 acta
325 786 368 835 est
384 776 519 834 ineffabile
537 779 685 850 quippiam
1151 805 1158 818 ·
1427 839 1435 869 Ι

332 874 405 929 Nota
421 874 482 928 llll.
519 874 659 930 Hactenus
677 874 760 944 igitur
776 873 847 930 tales
858 875 1074 944 comparationes
1094 873 1193 943 attulit,
1212 890 1283 945 quse
1300 875 1425 945 planetas
1444 890 1537 930 omnes
1555 882 1604 931 aut

246 962 319 1010 certe
334 951 465 1021 majorem
483 968 575 1008 eorum
593 964 697 1022 partem
716 956 894 1009 communitor
911 955 1072 1010 attinebant.
1091 955 1153 1008 Jem
1172 969 1202 1009 se
1220 955 1365 1025 accingens
1383 956 1418 1011 ad
1437 953 1602 1023 singulorum

247 1032 325 1088 erbss
344 1039 372 1086 et
389 1039 480 1085 metus
499 1047 560 1086 cum
578 1033 661 1087 rebus
679 1034 789 1089 musicis
807 1033 1004 1102 comparandos
1031 1034 1058 1088 in
1077 1034 1137 1104 ipso
1156 1042 1255 1090 conatu
1273 1033 1389 1105 deiecit,
1416 1035 1518 1091 relictis
1537 1034 1602 1088 iem-

247 1111 364 1167 matibus
383 1111 502 1180 capitum
521 1111 579 1166 sine
596 1112 768 1167 tractatione.

331 1207 404 1262 Nota
420 1206 497 1261 xl11.
533 1204 676 1283 Praefatur
687 1213 785 1273 entem,
805 1221 834 1260 se
846 1222 958 1261 usurum
972 1209 1157 1277 experientiae
1169 1209 1333 1274 testimonie,
1352 1224 1401 1264 seu
1414 1208 1602 1264 observatione

248 1302 357 1341 «eorum
375 1300 445 1355 qnae
463 1285 533 1339 fiunt
550 1286 592 1338 vel
611 1285 686 1340 iacta
704 1293 794 1340 sunt».
829 1285 874 1340 Sic
891 1287 961 1341 enim
981 1294 1024 1342 est
1041 1286 1217 1358 intelligenda
1234 1303 1287 1341 vox
1305 1287 1417 1355 ultima,
1435 1286 1488 1342 nisi
1506 1304 1602 1344 manca

247 1375 275 1421 et
291 1365 451 1435 imperfecte
469 1364 505 1420 sit
523 1372 550 1419 et
568 1364 685 1433 abrupta
703 1364 824 1434 scriptio.
862 1366 946 1433 Cujus
964 1368 1004 1421 rei
1023 1365 1204 1437 suspicionem
1223 1365 1392 1443 praebetis,
1421 1367 1467 1434 qui
1486 1382 1602 1437 sequen·

244 1445 285 1499 tia
301 1443 354 1500 tria
372 1446 463 1514 capita
489 1444 672 1511 concinnavit,
699 1461 731 1499 eo
759 1442 832 1514 qued
859 1445 928 1499 haec
953 1448 1036 1502 verba
1054 1462 1088 1500 ex
1105 1444 1160 1500 fine
1178 1444 1259 1513 huJus
1278 1445 1376 1513 capitis
1394 1445 1422 1500 in
1439 1445 1620 1516 principium

245 1525 385 1593 sequentis
404 1524 520 1580 contulit
538 1530 643 1578 etcum
661 1524 720 1579 aliis
746 1523 835 1579 verbis
854 1540 908 1580 nna
930 1524 1132 1581 construeh‘ene
1159 1522 1314 1579 connexuit
1350 1524 1484 1580 Existimo
1502 1532 1600 1595 autem,

244 1602 307 1656 ideo
326 1600 476 1672 pollicitum
504 1617 565 1656 esse
582 1601 768 1659 Ptolemaeum
796 1602 1014 1659 observationum
1039 1625 1087 1657 eos
1104 1623 1246 1671 ymnavos
1274 1600 1356 1668 (forte
1374 1603 1600 1673 phaenomenen),

245 1681 311 1749 quia
328 1688 393 1735 sunt
410 1687 501 1735 certae
520 1681 740 1741 observationes.
759 1682 859 1751 quibus
876 1681 1047 1751 planetarum
1065 1681 1208 1738 aliaeelio
1227 1679 1360 1747 probatur
1377 1681 1461 1736 altior
1479 1696 1553 1737 essa:
1573 1690 1601 1738 et

245 1773 309 1813 vero
327 1758 493 1828 comparatio
521 1761 682 1815 musicarum
709 1777 801 1815 rerum
827 1777 889 1816 cum
914 1760 1028 1830 singulis
1046 1761 1171 1831 sphaeris
1188 1760 1252 1816 huic
1278 1759 1448 1831 planetarum
1466 1762 1555 1817 ordini
1571 1763 1600 1817 in

246 1836 389 1893 altitudine
407 1835 502 1894 debuit
518 1838 606 1894 inniti.
1081 1876 1092 1905 s

782 2008 923 2131 elren
951 2048 1059 2131 mne
1167 2102 1171 2119 .

243 2222 346 2277 iux-ta
363 2238 444 2291 qnos
462 2221 589 2292 primes
608 2237 766 2277 numeros
780 2223 813 2290 1¹)
832 2224 1020 2292 comparari
1038 2222 1172 2292 possint
1190 2221 1334 2278 stabiles
1352 2222 1426 2277 soni
1444 2238 1482 2276 ex
1495 2230 1600 2294 syste-

261 2314 347 2363 mate
364 2307 520 2377 perfecte
539 2307 657 2377 primis
676 2307 821 2364 orbibus
839 2326 952 2364 eorum
965 2309 1133 2380 (siderum)
1146 2325 1230 2377 quaa
1248 2310 1282 2365 in
1299 2308 1421 2366 munde
1441 2311 1580 2380 suntffl).

332 2459 487 2535 Quomodo
510 2464 600 2538 igitur
630 2461 812 2539 planetarum
840 2466 868 2522 in
899 2480 1007 2540 genere
1029 2471 1191 2522 snmtorum
1224 2461 1276 2521 alii
1308 2478 1373 2521 cum
1396 2462 1464 2522 aliis
1487 2465 1599 2524 eonsti-

246 2554 330 2607 tuaut
353 2556 447 2607 certas
476 2549 620 2626 quasdem
642 2549 835 2627 eidcacesquc
859 2550 1117 2626 configurationes,
1148 2548 1357 2627 respondentes
1381 2551 1514 2625 singulas
1536 2554 1598 2612 sin·

245 2634 324 2707 pelis
346 2636 375 2692 iu
397 2634 567 2695 harmonica
589 2637 729 2696 facultate
752 2641 965 2714 consonantiis,
996 2637 1105 2698 dictum
1129 2645 1174 2697 est
1196 2636 1347 2697 hactenus.
1393 2636 1444 2697 Sol
1468 2641 1546 2697 enim
1569 2648 1598 2701 et

245 2723 366 2782 comites
390 2723 464 2799 ejus.
489 2724 589 2783 Venus
613 2724 835 2802 Mercuriusque
859 2743 925 2785 cnm
948 2724 1067 2802 reliquie
1089 2733 1225 2807 quatuor,
1249 2732 1331 2783 motu
1355 2725 1490 2784 omnibus
1514 2742 1597 2786 com·

244 2812 324 2868 muni
347 2826 399 2886 per
420 2810 572 2870 zodiacum
597 2827 697 2871 omnes
721 2811 882 2890 explicatas
905 2810 1149 2888 configurationes
1172 2812 1298 2871 subeunt
1312 2806 1373 2892 1l).
1402 2810 1475 2871 Cum
1498 2819 1597 2875 autem

244 2912 302 2955 nen
335 2902 449 2956 tacitum
478 2915 660 2977 communem
683 2899 813 2958 habeant
834 2910 944 2958 rnotum
968 2917 1018 2978 per
1041 2898 1212 2969 zodiacum,
1246 2898 1298 2957 sed
1328 2898 1480 2958 distinctas
1507 2902 1595 2959 etiam

244 2983 353 3059 singuli
375 2986 546 3060 possideant
569 2987 723 3062 sphaeras,
757 2989 864 3063 quibes
889 2996 1056 3059 vectantur,
1087 2988 1154 3062 jure
1177 2985 1342 3046 allubescat
1365 2985 1476 3049 homini
1497 2986 1595 3063 philo-

244 3070 339 3148 sopho
363 3070 479 3146 videre,
512 3090 582 3132 num
606 3076 694 3133 etiam
715 3091 767 3149 per
789 3075 919 3147 siticulos
942 3075 1076 3150 planetas
1105 3072 1244 3133 suecedet
1265 3072 1386 3131 ulterior
1407 3071 1509 3148 aliqua
1530 3090 1595 3133 cum

246 3158 424 3218 harmonicis
447 3164 638 3237 comparatio.
683 3160 813 3219 Primum
836 3164 926 3238 igiter
942 3179 1126 3237 quaeramus,
1150 3158 1220 3236 quid
1242 3176 1337 3218 rerum
1361 3158 1595 3221 harmonicaram

245 3263 311 3305 cum
333 3246 468 3323 sphaeris
490 3248 670 3323 singulorum
700 3247 892 3324 probabiliter
923 3250 1045 3307 conierri
1078 3249 1180 3327 possit
1226 3244 1338 3322 Opinor
1368 3254 1483 3321 autem,
1510 3251 1595 3325 sequi

245 3350 361 3392 summa
382 3335 498 3393 ratione
521 3334 559 3393 ad
582 3353 626 3407 ea,
650 3352 726 3412 quae
749 3334 891 3395 hactenus
913 3337 1137 3413 usurpavimus,
1159 3341 1193 3393 nt
1214 3335 1291 3394 sicut
1314 3350 1333 3391 a
1355 3334 1595 3410 configurationi-

243 3422 316 3494 bus,
340 3419 507 3497 dequibus
529 3422 680 3494 hactenus,
704 3425 860 3482 transimus
883 3422 920 3482 ad
944 3425 1010 3501 ipsa
1032 3439 1167 3499 corpora,
1191 3438 1268 3498 qnae
1291 3419 1518 3497 configurantur,
1541 3439 1595 3483 eo·

243 3524 366 3584 rumque
388 3510 490 3582 orbes,
522 3511 564 3568 sic
594 3513 682 3570 etiam
716 3530 734 3569 a
765 3513 978 3583 consonantiis,
1014 3524 1095 3587 qnae*
1119 3510 1283 3566 invenimus
1315 3508 1490 3585 respondere
1523 3527 1596 3570 cen-

217 3590 481 3671 ‘liquratienibum
513 3613 591 3656 nuuc
624 3606 805 3657 transeamus
837 3597 874 3658 ad
897 3601 978 3673 ipsos
1000 3603 1195 3656 consonantes
1217 3611 1307 3655 sones
1340 3613 1499 3673 eorumque
1532 3598 1596 3657 eili-

243 3685 341 3755 ciens,
373 3682 496 3743 chordas
525 3684 645 3761 perlecti
678 3686 861 3763 systematis,
894 3696 983 3760 atqua
1016 3686 1059 3743 sic
1089 3683 1273 3760 planetarum
1304 3682 1486 3759 singulorum
1511 3686 1596 3746 orbes

244 3787 311 3829 oum
333 3770 456 3846 singulis
479 3770 611 3844 chordis,
643 3775 722 3830 sonis
745 3789 797 3832 seu
821 3772 894 3831 iocis
916 3772 1084 3849 systematis
1107 3786 1309 3846 comparemus
1335 3767 1372 3849 V).
1413 3771 1496 3831 Sicut
1518 3775 1595 3833 enim

245 3860 454 3918 consonantiae
487 3858 707 3918 considerantur
729 3859 882 3934 absolute,
916 3861 979 3918 sine
1006 3866 1140 3934 respectu
1168 3857 1333 3916 altitudinis
1364 3859 1392 3915 iu
1422 3866 1593 3935 systemate,

244 3961 310 4004 cum
333 3944 434 4005 eadem
466 3946 657 4005 consonantia
689 3948 783 4022 possit
812 3963 877 4006 ease
898 3953 959 4005 tam
982 3947 1055 4004 inter
1083 3946 1234 4021 graviores
1261 3935 1374 4017 sonos,
1400 3962 1490 4021 quam
1518 3950 1593 4007 inter

243 4033 403 4105 acutiores,
434 4034 477 4091 sic
500 4034 589 4092 etiam
611 4033 856 4108 configurationes
878 4040 907 4092 et
930 4040 1066 4111 aspectus
1088 4039 1156 4091 eunt
1185 4034 1349 4107 promiscue
1374 4035 1502 4091 omnium
1525 4034 1593 4111 pla·

242 4128 394 4191 netarum,
416 4137 469 4180 seu
491 4121 659 4180 interiorum
682 4138 734 4181 sen
756 4123 946 4198 superiorum.
989 4119 1027 4179 Et
1050 4120 1179 4178 vicissim
1202 4121 1278 4178 sicut
1299 4122 1365 4177 soni
1387 4120 1510 4181 stabiles
1530 4120 1594 4197 jam

242 4224 298 4266 sua
319 4206 431 4267 habeut
450 4211 601 4283 assignata
623 4217 702 4267 certa
725 4207 791 4268 loca
820 4210 848 4265 in
878 4214 1054 4285 systemate,
1086 4207 1129 4266 sic
1158 4207 1295 4283 planetae
1326 4204 1435 4282 singuli
1462 4200 1638 4285 singulas',

242 4293 384 4373 sphaeras
406 4296 436 4351 in
458 4295 565 4354 munde
582 4292 634 4374 VI).

329 4380 419 4439 Porro
443 4398 509 4442 cum
530 4400 591 4441 non
614 4392 726 4441 tantum
751 4383 837 4441 unius
859 4379 996 4457 planetae
1018 4380 1118 4457 plnres
1139 4381 1199 4439 siut
1220 4380 1316 4453 orbes,
1339 4379 1391 4439 sed
1414 4383 1503 4441 etiam
1524 4400 1593 4459 per-

243 4469 311 4527 lecti
326 4471 502 4545 systematis,
527 4470 606 4546 quod
623 4478 714 4528 tetam
730 4468 916 4528 harmonicae
926 4469 1209 4545 *contemperationis
1221 4468 1424 4544 complectitur
1446 4470 1591 4543 naturam,

242 4555 340 4632 plures
363 4556 498 4629 chordae,
522 4576 610 4633 quam
633 4560 661 4615 in
685 4555 797 4615 mundo
817 4552 1032 4633 planetaelflit
1057 4555 1186 4615 delectus
1210 4563 1254 4615 est
1276 4561 1425 4631 utcunque
1447 4556 1593 4617 adhiben-

243 4642 298 4701 dus
319 4645 384 4716 iste,
408 4652 441 4702 ut
462 4643 523 4703 illic
545 4647 652 4722 primas
676 4661 807 4721 quasque
822 4642 972 4720 sphaeras,
996 4661 1073 4718 quae
1088 4641 1215 4718 reliquas
1238 4643 1286 4700 uni
1310 4641 1445 4721 planetae
1468 4645 1593 4704 tributas
1653 4664 1655 4673 ³

242 4731 370 4789 exterius
393 4731 571 4808 complexae,
594 4740 676 4790 motu
700 4731 843 4809 cujusque
867 4732 983 4809 proprio
1007 4738 1036 4788 et
1059 4729 1208 4806 aequabili
1231 4730 1308 4788 circa
1330 4729 1438 4790 Terrae
1461 4737 1592 4791 canuam

244 4824 375 4891 acuant,
408 4824 437 4878 et
459 4817 506 4876 hic
529 4820 680 4894 primarias
703 4819 825 4881 chordas
848 4835 901 4877 seu
924 4833 1013 4876 sones
1036 4816 1172 4887 stabiles,
1202 4818 1253 4892 qui
1275 4833 1327 4894 per
1350 4817 1466 4877 diversa
1489 4828 1592 4879 cantus

243 4920 350 4980 genera
373 4915 516 4981 tonosque
541 4922 641 4965 omues
673 4905 759 4966 iidem
782 4922 897 4983 semper
918 4912 1104 4980 permanant,
1138 4919 1194 4963 nec
1224 4911 1256 4963 ut
1285 4907 1371 4966 ceteri
1404 4905 1592 4967 intenduntur
