<?xml version="1.0" encoding="UTF-8"?>
<!DOCTYPE html PUBLIC "-//W3C//DTD XHTML 1.0 Transitional//EN"
    "http://www.w3.org/TR/xhtml1/DTD/xhtml1-transitional.dtd">
<html xmlns="http://www.w3.org/1999/xhtml" xml:lang="en" lang="en">
 <head>
  <title>
</title>
<meta http-equiv="Content-Type" content="text/html;charset=utf-8" />
  <meta name='ocr-system' content='tesseract 3.04.00' />
  <meta name='ocr-capabilities' content='ocr_page ocr_carea ocr_par ocr_line ocrx_word'/>
</head>
<body>
  <div class='ocr_page' id='page_1' title='image "./joanniskepleria29frisgoog_0159.png"; bbox 0 0 3792 5860; ppageno 0'>
   <div class='ocr_carea' id='block_1_1' title="bbox 353 378 1175 478">
    <p class='ocr_par' dir='ltr' id='par_1_1' title="bbox 353 378 1175 478">
     <span class='ocr_line' id='line_1_1' title="bbox 353 378 1175 478; baseline -0.007 -11"><span class='ocrx_word' id='word_1_1' title='bbox 353 378 420 467; x_wconf 71' lang='lat' dir='ltr'>uus</span> <span class='ocrx_word' id='word_1_2' title='bbox 893 405 936 462; x_wconf 85' lang='lat' dir='ltr'>De</span> <span class='ocrx_word' id='word_1_3' title='bbox 950 404 1175 478; x_wconf 73' lang='lat' dir='ltr'>chportiouibns</span> 
     </span>
    </p>
   </div>
   <div class='ocr_carea' id='block_1_2' title="bbox 273 574 1710 4857">
    <p class='ocr_par' dir='ltr' id='par_1_2' title="bbox 273 574 1710 3641">
     <span class='ocr_line' id='line_1_2' title="bbox 354 574 1710 662; baseline -0.001 -24"><span class='ocrx_word' id='word_1_4' title='bbox 354 579 452 641; x_wconf 84' lang='lat' dir='ltr'>iacere</span> <span class='ocrx_word' id='word_1_5' title='bbox 473 585 614 658; x_wconf 88' lang='lat' dir='ltr'>poiuisse,</span> <span class='ocrx_word' id='word_1_6' title='bbox 637 599 703 643; x_wconf 88' lang='lat' dir='ltr'>eum</span> <span class='ocrx_word' id='word_1_7' title='bbox 725 583 970 661; x_wconf 78' lang='lat' dir='ltr'>profundissimae</span> <span class='ocrx_word' id='word_1_8' title='bbox 992 584 1139 662; x_wconf 82' lang='lat' dir='ltr'>indaginis</span> <span class='ocrx_word' id='word_1_9' title='bbox 1158 582 1352 662; x_wconf 87' lang='lat' dir='ltr'>philosophus</span> <span class='ocrx_word' id='word_1_10' title='bbox 1373 582 1427 653; x_wconf 88' lang='lat' dir='ltr'>sit,</span> <span class='ocrx_word' id='word_1_11' title='bbox 1449 574 1505 638; x_wconf 89' lang='lat' dir='ltr'>nisi</span> <span class='ocrx_word' id='word_1_12' title='bbox 1528 576 1608 656; x_wconf 87' lang='lat' dir='ltr'>quod</span> <span class='ocrx_word' id='word_1_13' title='bbox 1630 578 1710 639; x_wconf 85' lang='lat' dir='ltr'>reri·</span> 
     </span>
     <span class='ocr_line' id='line_1_3' title="bbox 355 667 1709 748; baseline -0.002 -22"><span class='ocrx_word' id='word_1_14' title='bbox 355 667 460 741; x_wconf 70' lang='lat' dir='ltr'>umbe,</span> <span class='ocrx_word' id='word_1_15' title='bbox 483 669 654 731; x_wconf 84' lang='lat' dir='ltr'>difficultate</span> <span class='ocrx_word' id='word_1_16' title='bbox 677 672 888 748; x_wconf 75' lang='lat' dir='ltr'>perquirendae</span> <span class='ocrx_word' id='word_1_17' title='bbox 911 691 1018 734; x_wconf 71' lang='lat' dir='ltr'>musae</span> <span class='ocrx_word' id='word_1_18' title='bbox 1049 672 1210 733; x_wconf 89' lang='lat' dir='ltr'>cohibitum</span> <span class='ocrx_word' id='word_1_19' title='bbox 1230 672 1337 744; x_wconf 78' lang='lat' dir='ltr'>fuisse,</span> <span class='ocrx_word' id='word_1_20' title='bbox 1368 684 1426 746; x_wconf 90' lang='lat' dir='ltr'>quo</span> <span class='ocrx_word' id='word_1_21' title='bbox 1448 668 1545 726; x_wconf 90' lang='lat' dir='ltr'>minus</span> <span class='ocrx_word' id='word_1_22' title='bbox 1567 673 1709 743; x_wconf 86' lang='lat' dir='ltr'>quantum</span> 
     </span>
     <span class='ocr_line' id='line_1_4' title="bbox 358 755 1709 842; baseline 0.001 -28"><span class='ocrx_word' id='word_1_23' title='bbox 358 755 449 816; x_wconf 83' lang='lat' dir='ltr'>redet</span> <span class='ocrx_word' id='word_1_24' title='bbox 470 766 651 834; x_wconf 88' lang='lat' dir='ltr'>penetraret,</span> <span class='ocrx_word' id='word_1_25' title='bbox 681 761 833 837; x_wconf 86' lang='lat' dir='ltr'>satiusque</span> <span class='ocrx_word' id='word_1_26' title='bbox 855 762 1024 842; x_wconf 84' lang='lat' dir='ltr'>putavisse,</span> <span class='ocrx_word' id='word_1_27' title='bbox 1051 759 1163 837; x_wconf 86' lang='lat' dir='ltr'>aliquid</span> <span class='ocrx_word' id='word_1_28' title='bbox 1184 758 1323 837; x_wconf 90' lang='lat' dir='ltr'>predere,</span> <span class='ocrx_word' id='word_1_29' title='bbox 1354 773 1442 835; x_wconf 90' lang='lat' dir='ltr'>quam</span> <span class='ocrx_word' id='word_1_30' title='bbox 1464 756 1580 832; x_wconf 90' lang='lat' dir='ltr'>penitus</span> <span class='ocrx_word' id='word_1_31' title='bbox 1602 762 1709 828; x_wconf 88' lang='lat' dir='ltr'>tacere,</span> 
     </span>
     <span class='ocr_line' id='line_1_5' title="bbox 356 841 1709 925; baseline -0.002 -23"><span class='ocrx_word' id='word_1_32' title='bbox 356 842 436 918; x_wconf 88' lang='lat' dir='ltr'>quod</span> <span class='ocrx_word' id='word_1_33' title='bbox 458 853 541 921; x_wconf 81' lang='lat' dir='ltr'>turpe</span> <span class='ocrx_word' id='word_1_34' title='bbox 564 845 740 923; x_wconf 88' lang='lat' dir='ltr'>philosopho</span> <span class='ocrx_word' id='word_1_35' title='bbox 763 864 828 907; x_wconf 88' lang='lat' dir='ltr'>esse</span> <span class='ocrx_word' id='word_1_36' title='bbox 857 847 1000 911; x_wconf 88' lang='lat' dir='ltr'>dictitant.</span> <span class='ocrx_word' id='word_1_37' title='bbox 1044 848 1122 925; x_wconf 67' lang='lat' dir='ltr'>Nam</span> <span class='ocrx_word' id='word_1_38' title='bbox 1144 864 1220 924; x_wconf 88' lang='lat' dir='ltr'>quae</span> <span class='ocrx_word' id='word_1_39' title='bbox 1248 863 1360 924; x_wconf 86' lang='lat' dir='ltr'>quaeso</span> <span class='ocrx_word' id='word_1_40' title='bbox 1387 843 1538 922; x_wconf 90' lang='lat' dir='ltr'>proportio</span> <span class='ocrx_word' id='word_1_41' title='bbox 1559 841 1709 901; x_wconf 87' lang='lat' dir='ltr'>titillatio-</span> 
     </span>
     <span class='ocr_line' id='line_1_6' title="bbox 353 928 1708 1010; baseline 0.001 -24"><span class='ocrx_word' id='word_1_42' title='bbox 353 931 401 987; x_wconf 87' lang='lat' dir='ltr'>nia</span> <span class='ocrx_word' id='word_1_43' title='bbox 423 931 549 1005; x_wconf 87' lang='lat' dir='ltr'>auditus,</span> <span class='ocrx_word' id='word_1_44' title='bbox 573 934 613 992; x_wconf 91' lang='lat' dir='ltr'>rei</span> <span class='ocrx_word' id='word_1_45' title='bbox 642 949 816 1010; x_wconf 86' lang='lat' dir='ltr'>corporeae,</span> <span class='ocrx_word' id='word_1_46' title='bbox 850 935 888 995; x_wconf 88' lang='lat' dir='ltr'>ad</span> <span class='ocrx_word' id='word_1_47' title='bbox 909 934 1110 997; x_wconf 74' lang='lat' dir='ltr'>incredibilem</span> <span class='ocrx_word' id='word_1_48' title='bbox 1138 935 1220 994; x_wconf 87' lang='lat' dir='ltr'>illam</span> <span class='ocrx_word' id='word_1_49' title='bbox 1243 934 1439 1010; x_wconf 86' lang='lat' dir='ltr'>voluptatem,</span> <span class='ocrx_word' id='word_1_50' title='bbox 1469 947 1558 1006; x_wconf 87' lang='lat' dir='ltr'>quam</span> <span class='ocrx_word' id='word_1_51' title='bbox 1580 946 1617 989; x_wconf 80' lang='lat' dir='ltr'>ex</span> <span class='ocrx_word' id='word_1_52' title='bbox 1638 928 1708 988; x_wconf 87' lang='lat' dir='ltr'>bar·</span> 
     </span>
     <span class='ocr_line' id='line_1_7' title="bbox 356 1016 1708 1101; baseline 0 -27"><span class='ocrx_word' id='word_1_53' title='bbox 356 1020 478 1076; x_wconf 88' lang='lat' dir='ltr'>moniois</span> <span class='ocrx_word' id='word_1_54' title='bbox 501 1023 698 1081; x_wconf 81' lang='lat' dir='ltr'>consonantiis</span> <span class='ocrx_word' id='word_1_55' title='bbox 726 1023 804 1081; x_wconf 90' lang='lat' dir='ltr'>intus</span> <span class='ocrx_word' id='word_1_56' title='bbox 827 1022 855 1081; x_wconf 93' lang='lat' dir='ltr'>in</span> <span class='ocrx_word' id='word_1_57' title='bbox 878 1027 977 1085; x_wconf 88' lang='lat' dir='ltr'>animo</span> <span class='ocrx_word' id='word_1_58' title='bbox 1003 1025 1184 1101; x_wconf 77' lang='lat' dir='ltr'>penitissime</span> <span class='ocrx_word' id='word_1_59' title='bbox 1212 1018 1409 1099; x_wconf 76' lang='lat' dir='ltr'>percipimus?</span> <span class='ocrx_word' id='word_1_60' title='bbox 1453 1016 1570 1090; x_wconf 83' lang='lat' dir='ltr'>Nonne,</span> <span class='ocrx_word' id='word_1_61' title='bbox 1601 1017 1625 1076; x_wconf 96' lang='lat' dir='ltr'>si</span> <span class='ocrx_word' id='word_1_62' title='bbox 1648 1033 1708 1092; x_wconf 88' lang='lat' dir='ltr'>qua</span> 
     </span>
     <span class='ocr_line' id='line_1_8' title="bbox 358 1103 1707 1189; baseline 0.001 -28"><span class='ocrx_word' id='word_1_63' title='bbox 358 1104 499 1181; x_wconf 81' lang='lat' dir='ltr'>uoluptas</span> <span class='ocrx_word' id='word_1_64' title='bbox 527 1117 630 1167; x_wconf 84' lang='lat' dir='ltr'>estex</span> <span class='ocrx_word' id='word_1_65' title='bbox 653 1107 837 1189; x_wconf 89' lang='lat' dir='ltr'>titillatione,</span> <span class='ocrx_word' id='word_1_66' title='bbox 868 1110 905 1171; x_wconf 89' lang='lat' dir='ltr'>do</span> <span class='ocrx_word' id='word_1_67' title='bbox 934 1129 970 1172; x_wconf 87' lang='lat' dir='ltr'>eu</span> <span class='ocrx_word' id='word_1_68' title='bbox 1000 1109 1153 1188; x_wconf 83' lang='lat' dir='ltr'>voluptate</span> <span class='ocrx_word' id='word_1_69' title='bbox 1181 1110 1289 1187; x_wconf 87' lang='lat' dir='ltr'>primas</span> <span class='ocrx_word' id='word_1_70' title='bbox 1316 1116 1397 1168; x_wconf 87' lang='lat' dir='ltr'>tenet</span> <span class='ocrx_word' id='word_1_71' title='bbox 1423 1104 1598 1177; x_wconf 88' lang='lat' dir='ltr'>membrum,</span> <span class='ocrx_word' id='word_1_72' title='bbox 1629 1103 1707 1180; x_wconf 90' lang='lat' dir='ltr'>quod</span> 
     </span>
     <span class='ocr_line' id='line_1_9' title="bbox 356 1190 1708 1259; baseline -0.001 -10"><span class='ocrx_word' id='word_1_73' title='bbox 356 1190 552 1253; x_wconf 78' lang='lat' dir='ltr'>titillationem</span> <span class='ocrx_word' id='word_1_74' title='bbox 575 1195 722 1255; x_wconf 82' lang='lat' dir='ltr'>sustineri</span> <span class='ocrx_word' id='word_1_75' title='bbox 766 1195 816 1257; x_wconf 90' lang='lat' dir='ltr'>Sic</span> <span class='ocrx_word' id='word_1_76' title='bbox 844 1200 921 1259; x_wconf 90' lang='lat' dir='ltr'>enim</span> <span class='ocrx_word' id='word_1_77' title='bbox 944 1196 1125 1259; x_wconf 84' lang='lat' dir='ltr'>definiendus</span> <span class='ocrx_word' id='word_1_78' title='bbox 1154 1197 1226 1257; x_wconf 92' lang='lat' dir='ltr'>mihi</span> <span class='ocrx_word' id='word_1_79' title='bbox 1254 1197 1336 1257; x_wconf 83' lang='lat' dir='ltr'>risus</span> <span class='ocrx_word' id='word_1_80' title='bbox 1359 1202 1405 1255; x_wconf 88' lang='lat' dir='ltr'>esi</span> <span class='ocrx_word' id='word_1_81' title='bbox 1434 1208 1537 1253; x_wconf 88' lang='lat' dir='ltr'>sensus</span> <span class='ocrx_word' id='word_1_82' title='bbox 1560 1195 1654 1251; x_wconf 86' lang='lat' dir='ltr'>omnis</span> <span class='ocrx_word' id='word_1_83' title='bbox 1677 1193 1708 1248; x_wconf 88' lang='lat' dir='ltr'>in</span> 
     </span>
     <span class='ocr_line' id='line_1_10' title="bbox 355 1277 1707 1359; baseline 0.001 -23"><span class='ocrx_word' id='word_1_84' title='bbox 355 1277 515 1354; x_wconf 88' lang='lat' dir='ltr'>Dioptricis</span> <span class='ocrx_word' id='word_1_85' title='bbox 538 1290 581 1352; x_wconf 80' lang='grc' dir='ltr'>(Η.</span> <span class='ocrx_word' id='word_1_86' title='bbox 600 1303 625 1352; x_wconf 86' lang='lat' dir='ltr'>p.</span> <span class='ocrx_word' id='word_1_87' title='bbox 646 1287 724 1356; x_wconf 79' lang='lat'><strong>539),</strong></span> <span class='ocrx_word' id='word_1_88' title='bbox 757 1282 836 1359; x_wconf 88' lang='lat' dir='ltr'>quod</span> <span class='ocrx_word' id='word_1_89' title='bbox 860 1284 1034 1346; x_wconf 79' lang='lat' dir='ltr'>eudemum</span> <span class='ocrx_word' id='word_1_90' title='bbox 1067 1287 1106 1344; x_wconf 92' lang='lat' dir='ltr'>sit</span> <span class='ocrx_word' id='word_1_91' title='bbox 1135 1284 1272 1345; x_wconf 91' lang='lat' dir='ltr'>absoluta</span> <span class='ocrx_word' id='word_1_92' title='bbox 1304 1284 1415 1354; x_wconf 89' lang='lat' dir='ltr'>sensio,</span> <span class='ocrx_word' id='word_1_93' title='bbox 1446 1278 1628 1356; x_wconf 84' lang='lat' dir='ltr'>voluptatem</span> <span class='ocrx_word' id='word_1_94' title='bbox 1656 1286 1707 1338; x_wconf 88' lang='lat' dir='ltr'>aut</span> 
     </span>
     <span class='ocr_line' id='line_1_11' title="bbox 355 1364 1705 1448; baseline 0.001 -25"><span class='ocrx_word' id='word_1_95' title='bbox 355 1364 488 1426; x_wconf 88' lang='lat' dir='ltr'>dolorem</span> <span class='ocrx_word' id='word_1_96' title='bbox 509 1370 635 1443; x_wconf 86' lang='lat' dir='ltr'>pariens,</span> <span class='ocrx_word' id='word_1_97' title='bbox 659 1386 725 1428; x_wconf 89' lang='lat' dir='ltr'>cum</span> <span class='ocrx_word' id='word_1_98' title='bbox 746 1372 860 1448; x_wconf 90' lang='lat' dir='ltr'>species</span> <span class='ocrx_word' id='word_1_99' title='bbox 881 1375 1003 1434; x_wconf 88' lang='lat' dir='ltr'>membri</span> <span class='ocrx_word' id='word_1_100' title='bbox 1025 1373 1155 1432; x_wconf 89' lang='lat' dir='ltr'>sensieni</span> <span class='ocrx_word' id='word_1_101' title='bbox 1178 1372 1325 1444; x_wconf 88' lang='lat' dir='ltr'>destinati,</span> <span class='ocrx_word' id='word_1_102' title='bbox 1347 1376 1380 1428; x_wconf 90' lang='lat' dir='ltr'>ut</span> <span class='ocrx_word' id='word_1_103' title='bbox 1397 1367 1488 1429; x_wconf 90' lang='lat' dir='ltr'>idest</span> <span class='ocrx_word' id='word_1_104' title='bbox 1510 1367 1646 1427; x_wconf 78' lang='lat' dir='ltr'>affectum</span> <span class='ocrx_word' id='word_1_105' title='bbox 1668 1366 1705 1425; x_wconf 89' lang='lat' dir='ltr'>ab</span> 
     </span>
     <span class='ocr_line' id='line_1_12' title="bbox 355 1456 1704 1541; baseline -0.001 -29"><span class='ocrx_word' id='word_1_106' title='bbox 355 1461 475 1513; x_wconf 74' lang='lat' dir='ltr'>autema</span> <span class='ocrx_word' id='word_1_107' title='bbox 496 1472 536 1529; x_wconf 93' lang='lat' dir='ltr'>re,</span> <span class='ocrx_word' id='word_1_108' title='bbox 560 1459 641 1516; x_wconf 88' lang='lat' dir='ltr'>venit</span> <span class='ocrx_word' id='word_1_109' title='bbox 661 1459 818 1518; x_wconf 89' lang='lat' dir='ltr'>introrsum</span> <span class='ocrx_word' id='word_1_110' title='bbox 840 1459 878 1519; x_wconf 87' lang='lat' dir='ltr'>ad</span> <span class='ocrx_word' id='word_1_111' title='bbox 901 1477 1004 1522; x_wconf 87' lang='lat' dir='ltr'>seusus</span> <span class='ocrx_word' id='word_1_112' title='bbox 1027 1461 1190 1520; x_wconf 89' lang='lat' dir='ltr'>communis</span> <span class='ocrx_word' id='word_1_113' title='bbox 1212 1457 1339 1521; x_wconf 88' lang='lat' dir='ltr'>tribuual</span> <span class='ocrx_word' id='word_1_114' title='bbox 1362 1460 1526 1541; x_wconf 82' lang='lat' dir='ltr'>commeatu</span> <span class='ocrx_word' id='word_1_115' title='bbox 1540 1456 1704 1531; x_wconf 89' lang='lat' dir='ltr'>spirituum.</span> 
     </span>
     <span class='ocr_line' id='line_1_13' title="bbox 355 1537 1706 1620; baseline 0.001 -21"><span class='ocrx_word' id='word_1_116' title='bbox 355 1537 426 1599; x_wconf 82' lang='lat' dir='ltr'>lum</span> <span class='ocrx_word' id='word_1_117' title='bbox 449 1559 519 1602; x_wconf 88' lang='lat' dir='ltr'>vero</span> <span class='ocrx_word' id='word_1_118' title='bbox 541 1545 571 1600; x_wconf 90' lang='lat' dir='ltr'>in</span> <span class='ocrx_word' id='word_1_119' title='bbox 594 1542 745 1605; x_wconf 80' lang='lat' dir='ltr'>auditione</span> <span class='ocrx_word' id='word_1_120' title='bbox 768 1550 991 1608; x_wconf 87' lang='lat' dir='ltr'>consonantium</span> <span class='ocrx_word' id='word_1_121' title='bbox 1013 1564 1120 1607; x_wconf 85' lang='lat' dir='ltr'>rocam</span> <span class='ocrx_word' id='word_1_122' title='bbox 1141 1546 1190 1607; x_wconf 90' lang='lat' dir='ltr'>rel</span> <span class='ocrx_word' id='word_1_123' title='bbox 1212 1562 1349 1607; x_wconf 88' lang='lat' dir='ltr'>senorum</span> <span class='ocrx_word' id='word_1_124' title='bbox 1378 1560 1454 1620; x_wconf 85' lang='lat' dir='ltr'>quae</span> <span class='ocrx_word' id='word_1_125' title='bbox 1476 1558 1587 1619; x_wconf 90' lang='lat' dir='ltr'>quaeso</span> <span class='ocrx_word' id='word_1_126' title='bbox 1609 1550 1706 1617; x_wconf 87' lang='lat' dir='ltr'>partes</span> 
     </span>
     <span class='ocr_line' id='line_1_14' title="bbox 356 1627 1705 1705; baseline 0.001 -21"><span class='ocrx_word' id='word_1_127' title='bbox 356 1627 517 1705; x_wconf 82' lang='lat' dir='ltr'>uoluptatis</span> <span class='ocrx_word' id='word_1_128' title='bbox 548 1633 576 1687; x_wconf 91' lang='lat' dir='ltr'>in</span> <span class='ocrx_word' id='word_1_129' title='bbox 605 1632 725 1692; x_wconf 87' lang='lat' dir='ltr'>auribus</span> <span class='ocrx_word' id='word_1_130' title='bbox 754 1632 901 1694; x_wconf 82' lang='lat' dir='ltr'>haerenti</span> <span class='ocrx_word' id='word_1_131' title='bbox 944 1635 1049 1695; x_wconf 85' lang='lat' dir='ltr'>Nonne</span> <span class='ocrx_word' id='word_1_132' title='bbox 1077 1634 1209 1694; x_wconf 86' lang='lat' dir='ltr'>dolemus</span> <span class='ocrx_word' id='word_1_133' title='bbox 1237 1632 1381 1694; x_wconf 90' lang='lat' dir='ltr'>interdum</span> <span class='ocrx_word' id='word_1_134' title='bbox 1408 1631 1446 1690; x_wconf 87' lang='lat' dir='ltr'>ab</span> <span class='ocrx_word' id='word_1_135' title='bbox 1469 1630 1606 1702; x_wconf 87' lang='lat' dir='ltr'>auribus,</span> <span class='ocrx_word' id='word_1_136' title='bbox 1637 1627 1705 1688; x_wconf 90' lang='lat' dir='ltr'>dum</span> 
     </span>
     <span class='ocr_line' id='line_1_15' title="bbox 354 1714 1705 1799; baseline 0.001 -26"><span class='ocrx_word' id='word_1_137' title='bbox 354 1714 500 1776; x_wconf 84' lang='lat' dir='ltr'>inhiamus</span> <span class='ocrx_word' id='word_1_138' title='bbox 522 1716 591 1777; x_wconf 91' lang='lat' dir='ltr'>huic</span> <span class='ocrx_word' id='word_1_139' title='bbox 613 1718 765 1795; x_wconf 86' lang='lat' dir='ltr'>auditioni,</span> <span class='ocrx_word' id='word_1_140' title='bbox 789 1728 818 1781; x_wconf 89' lang='lat' dir='ltr'>et</span> <span class='ocrx_word' id='word_1_141' title='bbox 839 1738 960 1781; x_wconf 90' lang='lat' dir='ltr'>manum</span> <span class='ocrx_word' id='word_1_142' title='bbox 975 1723 1151 1799; x_wconf 90' lang='lat' dir='ltr'>opponimus</span> <span class='ocrx_word' id='word_1_143' title='bbox 1164 1721 1351 1799; x_wconf 82' lang='lat' dir='ltr'>clangoribus</span> <span class='ocrx_word' id='word_1_144' title='bbox 1365 1719 1471 1790; x_wconf 91' lang='lat' dir='ltr'>nimiis,</span> <span class='ocrx_word' id='word_1_145' title='bbox 1493 1715 1586 1775; x_wconf 87' lang='lat' dir='ltr'>nihilo</span> <span class='ocrx_word' id='word_1_146' title='bbox 1606 1723 1705 1775; x_wconf 90' lang='lat' dir='ltr'>tamen</span> 
     </span>
     <span class='ocr_line' id='line_1_16' title="bbox 353 1802 1705 1886; baseline 0.001 -25"><span class='ocrx_word' id='word_1_147' title='bbox 353 1804 450 1862; x_wconf 89' lang='lat' dir='ltr'>miuus</span> <span class='ocrx_word' id='word_1_148' title='bbox 472 1808 621 1881; x_wconf 82' lang='lat' dir='ltr'>pergimus</span> <span class='ocrx_word' id='word_1_149' title='bbox 643 1806 681 1866; x_wconf 88' lang='lat' dir='ltr'>ad</span> <span class='ocrx_word' id='word_1_150' title='bbox 702 1808 904 1886; x_wconf 89' lang='lat' dir='ltr'>percipiendas</span> <span class='ocrx_word' id='word_1_151' title='bbox 927 1811 1135 1870; x_wconf 79' lang='lat' dir='ltr'>consonantias</span> <span class='ocrx_word' id='word_1_152' title='bbox 1163 1815 1193 1869; x_wconf 93' lang='lat' dir='ltr'>et</span> <span class='ocrx_word' id='word_1_153' title='bbox 1220 1825 1270 1868; x_wconf 92' lang='lat' dir='ltr'>cor</span> <span class='ocrx_word' id='word_1_154' title='bbox 1292 1807 1377 1867; x_wconf 90' lang='lat' dir='ltr'>nohis</span> <span class='ocrx_word' id='word_1_155' title='bbox 1406 1803 1576 1865; x_wconf 78' lang='lat' dir='ltr'>subsultet?</span> <span class='ocrx_word' id='word_1_156' title='bbox 1621 1802 1705 1863; x_wconf 77' lang='lat' dir='ltr'>Adde</span> 
     </span>
     <span class='ocr_line' id='line_1_17' title="bbox 355 1890 1704 1974; baseline 0.002 -27"><span class='ocrx_word' id='word_1_157' title='bbox 355 1890 435 1964; x_wconf 89' lang='lat' dir='ltr'>quod</span> <span class='ocrx_word' id='word_1_158' title='bbox 458 1890 532 1951; x_wconf 89' lang='lat' dir='ltr'>lraec</span> <span class='ocrx_word' id='word_1_159' title='bbox 553 1895 628 1952; x_wconf 91' lang='lat' dir='ltr'>ratio</span> <span class='ocrx_word' id='word_1_160' title='bbox 651 1911 669 1952; x_wconf 89' lang='lat' dir='ltr'>a</span> <span class='ocrx_word' id='word_1_161' title='bbox 691 1902 772 1954; x_wconf 93' lang='lat' dir='ltr'>motu</span> <span class='ocrx_word' id='word_1_162' title='bbox 796 1895 923 1956; x_wconf 78' lang='lat' dir='ltr'>deducta</span> <span class='ocrx_word' id='word_1_163' title='bbox 944 1898 1099 1974; x_wconf 89' lang='lat' dir='ltr'>potissima</span> <span class='ocrx_word' id='word_1_164' title='bbox 1121 1903 1167 1956; x_wconf 92' lang='lat' dir='ltr'>est</span> <span class='ocrx_word' id='word_1_165' title='bbox 1189 1898 1217 1953; x_wconf 93' lang='lat' dir='ltr'>in</span> <span class='ocrx_word' id='word_1_166' title='bbox 1235 1897 1376 1967; x_wconf 91' lang='lat' dir='ltr'>unisono,</span> <span class='ocrx_word' id='word_1_167' title='bbox 1400 1893 1533 1951; x_wconf 80' lang='lat' dir='ltr'>suavitas</span> <span class='ocrx_word' id='word_1_168' title='bbox 1553 1907 1623 1950; x_wconf 85' lang='lat' dir='ltr'>vere</span> <span class='ocrx_word' id='word_1_169' title='bbox 1646 1908 1704 1950; x_wconf 86' lang='lat' dir='ltr'>non</span> 
     </span>
     <span class='ocr_line' id='line_1_18' title="bbox 353 1977 1705 2060; baseline 0.003 -26"><span class='ocrx_word' id='word_1_170' title='bbox 353 1980 513 2055; x_wconf 85' lang='lat' dir='ltr'>praecipua</span> <span class='ocrx_word' id='word_1_171' title='bbox 533 1982 562 2037; x_wconf 90' lang='lat' dir='ltr'>iu</span> <span class='ocrx_word' id='word_1_172' title='bbox 587 1983 721 2054; x_wconf 90' lang='lat' dir='ltr'>unisono,</span> <span class='ocrx_word' id='word_1_173' title='bbox 744 1982 796 2042; x_wconf 95' lang='lat' dir='ltr'>sed</span> <span class='ocrx_word' id='word_1_174' title='bbox 819 1986 848 2042; x_wconf 93' lang='lat' dir='ltr'>in</span> <span class='ocrx_word' id='word_1_175' title='bbox 871 1984 939 2044; x_wconf 90' lang='lat' dir='ltr'>aliis</span> <span class='ocrx_word' id='word_1_176' title='bbox 953 1986 1153 2044; x_wconf 80' lang='lat' dir='ltr'>consonantiis</span> <span class='ocrx_word' id='word_1_177' title='bbox 1175 1998 1334 2060; x_wconf 89' lang='lat' dir='ltr'>earumque</span> <span class='ocrx_word' id='word_1_178' title='bbox 1354 1981 1574 2054; x_wconf 85' lang='lat' dir='ltr'>compositione.</span> <span class='ocrx_word' id='word_1_179' title='bbox 1609 1977 1705 2038; x_wconf 85' lang='lat' dir='ltr'>Multa</span> 
     </span>
     <span class='ocr_line' id='line_1_19' title="bbox 353 2067 1703 2139; baseline 0 -16"><span class='ocrx_word' id='word_1_180' title='bbox 353 2074 474 2139; x_wconf 82' lang='lat' dir='ltr'>possent</span> <span class='ocrx_word' id='word_1_181' title='bbox 494 2067 588 2128; x_wconf 81' lang='lat' dir='ltr'>afferri</span> <span class='ocrx_word' id='word_1_182' title='bbox 612 2068 650 2127; x_wconf 91' lang='lat' dir='ltr'>ad</span> <span class='ocrx_word' id='word_1_183' title='bbox 670 2068 878 2131; x_wconf 86' lang='lat' dir='ltr'>destruendam</span> <span class='ocrx_word' id='word_1_184' title='bbox 900 2071 977 2132; x_wconf 86' lang='lat' dir='ltr'>hanc</span> <span class='ocrx_word' id='word_1_185' title='bbox 998 2071 1120 2131; x_wconf 90' lang='lat' dir='ltr'>allatam</span> <span class='ocrx_word' id='word_1_186' title='bbox 1142 2074 1284 2131; x_wconf 87' lang='lat' dir='ltr'>rationem</span> <span class='ocrx_word' id='word_1_187' title='bbox 1306 2069 1462 2129; x_wconf 63' lang='lat' dir='ltr'>suanutis</span> <span class='ocrx_word' id='word_1_188' title='bbox 1485 2082 1521 2125; x_wconf 88' lang='lat' dir='ltr'>ex</span> <span class='ocrx_word' id='word_1_189' title='bbox 1537 2081 1703 2125; x_wconf 85' lang='lat' dir='ltr'>consonan-</span> 
     </span>
     <span class='ocr_line' id='line_1_20' title="bbox 353 2152 1701 2237; baseline 0.002 -28"><span class='ocrx_word' id='word_1_190' title='bbox 353 2152 412 2225; x_wconf 89' lang='lat' dir='ltr'>tiis,</span> <span class='ocrx_word' id='word_1_191' title='bbox 434 2170 511 2229; x_wconf 85' lang='lat' dir='ltr'>quae</span> <span class='ocrx_word' id='word_1_192' title='bbox 528 2157 616 2237; x_wconf 19' lang='lat' dir='ltr'>urnitto</span> <span class='ocrx_word' id='word_1_193' title='bbox 639 2159 668 2214; x_wconf 90' lang='lat' dir='ltr'>in</span> <span class='ocrx_word' id='word_1_194' title='bbox 690 2174 829 2233; x_wconf 84' lang='lat' dir='ltr'>praesens</span> <span class='ocrx_word' id='word_1_195' title='bbox 852 2161 994 2219; x_wconf 88' lang='lat' dir='ltr'>curiosius</span> <span class='ocrx_word' id='word_1_196' title='bbox 1016 2160 1213 2235; x_wconf 63' lang='lat' dir='ltr'>conscribere</span> <span class='ocrx_word' id='word_1_197' title='bbox 1235 2156 1309 2216; x_wconf 92' lang='lat' dir='ltr'>illud</span> <span class='ocrx_word' id='word_1_198' title='bbox 1332 2158 1449 2216; x_wconf 90' lang='lat' dir='ltr'>unicum</span> <span class='ocrx_word' id='word_1_199' title='bbox 1464 2152 1588 2225; x_wconf 91' lang='lat' dir='ltr'>inculco,</span> <span class='ocrx_word' id='word_1_200' title='bbox 1613 2152 1701 2230; x_wconf 89' lang='lat' dir='ltr'>qnod,</span> 
     </span>
     <span class='ocr_line' id='line_1_21' title="bbox 350 2238 1702 2323; baseline 0.001 -25"><span class='ocrx_word' id='word_1_201' title='bbox 350 2238 413 2315; x_wconf 86' lang='lat' dir='ltr'>jam</span> <span class='ocrx_word' id='word_1_202' title='bbox 434 2258 525 2318; x_wconf 89' lang='lat' dir='ltr'>supra</span> <span class='ocrx_word' id='word_1_203' title='bbox 547 2249 657 2302; x_wconf 85' lang='lat' dir='ltr'>tactum</span> <span class='ocrx_word' id='word_1_204' title='bbox 680 2262 698 2303; x_wconf 91' lang='lat' dir='ltr'>a</span> <span class='ocrx_word' id='word_1_205' title='bbox 721 2262 776 2319; x_wconf 89' lang='lat' dir='ltr'>mc,</span> <span class='ocrx_word' id='word_1_206' title='bbox 799 2249 894 2323; x_wconf 88' lang='lat' dir='ltr'>possit</span> <span class='ocrx_word' id='word_1_207' title='bbox 917 2264 982 2307; x_wconf 92' lang='lat' dir='ltr'>esse</span> <span class='ocrx_word' id='word_1_208' title='bbox 1005 2246 1071 2307; x_wconf 92' lang='lat' dir='ltr'>loco</span> <span class='ocrx_word' id='word_1_209' title='bbox 1094 2249 1233 2319; x_wconf 89' lang='lat' dir='ltr'>omnium,</span> <span class='ocrx_word' id='word_1_210' title='bbox 1257 2243 1337 2322; x_wconf 89' lang='lat' dir='ltr'>quod</span> <span class='ocrx_word' id='word_1_211' title='bbox 1352 2259 1442 2322; x_wconf 88' lang='lat' dir='ltr'>opera</span> <span class='ocrx_word' id='word_1_212' title='bbox 1457 2249 1613 2318; x_wconf 89' lang='lat' dir='ltr'>motusque</span> <span class='ocrx_word' id='word_1_213' title='bbox 1636 2257 1702 2301; x_wconf 90' lang='lat' dir='ltr'>cor·</span> 
     </span>
     <span class='ocr_line' id='line_1_22' title="bbox 352 2328 1703 2408; baseline 0.001 -22"><span class='ocrx_word' id='word_1_214' title='bbox 352 2343 471 2402; x_wconf 89' lang='lat' dir='ltr'>porum,</span> <span class='ocrx_word' id='word_1_215' title='bbox 503 2328 610 2388; x_wconf 87' lang='lat' dir='ltr'>aemuli</span> <span class='ocrx_word' id='word_1_216' title='bbox 637 2333 858 2407; x_wconf 88' lang='lat' dir='ltr'>proportionum</span> <span class='ocrx_word' id='word_1_217' title='bbox 887 2334 1135 2408; x_wconf 83' lang='lat' dir='ltr'>harmonicorum,</span> <span class='ocrx_word' id='word_1_218' title='bbox 1164 2335 1202 2394; x_wconf 85' lang='lat' dir='ltr'>ab</span> <span class='ocrx_word' id='word_1_219' title='bbox 1232 2334 1347 2392; x_wconf 87' lang='lat' dir='ltr'>animae</span> <span class='ocrx_word' id='word_1_220' title='bbox 1377 2331 1540 2405; x_wconf 71' lang='lat' dir='ltr'>menmqns</span> <span class='ocrx_word' id='word_1_221' title='bbox 1570 2330 1703 2404; x_wconf 86' lang='lat' dir='ltr'>partibus</span> 
     </span>
     <span class='ocr_line' id='line_1_23' title="bbox 350 2415 1704 2496; baseline 0.003 -24"><span class='ocrx_word' id='word_1_222' title='bbox 350 2420 438 2489; x_wconf 85' lang='lat' dir='ltr'>stent,</span> <span class='ocrx_word' id='word_1_223' title='bbox 462 2417 498 2475; x_wconf 90' lang='lat' dir='ltr'>iis</span> <span class='ocrx_word' id='word_1_224' title='bbox 520 2432 639 2476; x_wconf 73' lang='lat' dir='ltr'>musam</span> <span class='ocrx_word' id='word_1_225' title='bbox 663 2421 855 2496; x_wconf 76' lang='lat' dir='ltr'>assignantes,</span> <span class='ocrx_word' id='word_1_226' title='bbox 879 2437 931 2481; x_wconf 90' lang='lat' dir='ltr'>cur</span> <span class='ocrx_word' id='word_1_227' title='bbox 952 2424 1162 2482; x_wconf 86' lang='lat' dir='ltr'>consonantiae</span> <span class='ocrx_word' id='word_1_228' title='bbox 1189 2421 1342 2481; x_wconf 85' lang='lat' dir='ltr'>delectent</span> <span class='ocrx_word' id='word_1_229' title='bbox 1386 2417 1448 2477; x_wconf 84' lang='lat' dir='ltr'>Nec</span> <span class='ocrx_word' id='word_1_230' title='bbox 1470 2415 1607 2477; x_wconf 87' lang='lat' dir='ltr'>abhorret</span> <span class='ocrx_word' id='word_1_231' title='bbox 1629 2434 1704 2476; x_wconf 89' lang='lat' dir='ltr'>auc·</span> 
     </span>
     <span class='ocr_line' id='line_1_24' title="bbox 353 2503 1701 2583; baseline 0.002 -25"><span class='ocrx_word' id='word_1_232' title='bbox 353 2503 455 2561; x_wconf 88' lang='lat' dir='ltr'>toritas</span> <span class='ocrx_word' id='word_1_233' title='bbox 477 2512 627 2577; x_wconf 86' lang='lat' dir='ltr'>veterum,</span> <span class='ocrx_word' id='word_1_234' title='bbox 650 2508 701 2582; x_wconf 88' lang='lat' dir='ltr'>qui</span> <span class='ocrx_word' id='word_1_235' title='bbox 725 2510 852 2568; x_wconf 89' lang='lat' dir='ltr'>animam</span> <span class='ocrx_word' id='word_1_236' title='bbox 874 2524 952 2568; x_wconf 89' lang='lat' dir='ltr'>nuuc</span> <span class='ocrx_word' id='word_1_237' title='bbox 972 2516 1100 2583; x_wconf 91' lang='lat' dir='ltr'>motum,</span> <span class='ocrx_word' id='word_1_238' title='bbox 1130 2525 1208 2569; x_wconf 92' lang='lat' dir='ltr'>nnnc</span> <span class='ocrx_word' id='word_1_239' title='bbox 1229 2507 1409 2567; x_wconf 86' lang='lat' dir='ltr'>harmoniam</span> <span class='ocrx_word' id='word_1_240' title='bbox 1433 2503 1620 2577; x_wconf 83' lang='lat' dir='ltr'>definientes,</span> <span class='ocrx_word' id='word_1_241' title='bbox 1642 2520 1701 2564; x_wconf 93' lang='lat' dir='ltr'>non</span> 
     </span>
     <span class='ocr_line' id='line_1_25' title="bbox 353 2589 1703 2674; baseline 0.001 -27"><span class='ocrx_word' id='word_1_242' title='bbox 353 2596 414 2647; x_wconf 77' lang='lat' dir='ltr'>tam</span> <span class='ocrx_word' id='word_1_243' title='bbox 435 2590 563 2653; x_wconf 87' lang='lat' dir='ltr'>absurde</span> <span class='ocrx_word' id='word_1_244' title='bbox 585 2591 675 2653; x_wconf 87' lang='lat' dir='ltr'>locuti</span> <span class='ocrx_word' id='word_1_245' title='bbox 698 2602 775 2668; x_wconf 88' lang='lat' dir='ltr'>snut,</span> <span class='ocrx_word' id='word_1_246' title='bbox 799 2612 887 2672; x_wconf 88' lang='lat' dir='ltr'>quam</span> <span class='ocrx_word' id='word_1_247' title='bbox 910 2599 1008 2674; x_wconf 89' lang='lat' dir='ltr'>inepte</span> <span class='ocrx_word' id='word_1_248' title='bbox 1032 2591 1160 2674; x_wconf 83' lang='lat' dir='ltr'>excepti,</span> <span class='ocrx_word' id='word_1_249' title='bbox 1190 2613 1256 2656; x_wconf 89' lang='lat' dir='ltr'>curu</span> <span class='ocrx_word' id='word_1_250' title='bbox 1278 2597 1308 2653; x_wconf 93' lang='grc' dir='ltr'>Ιιι</span> <span class='ocrx_word' id='word_1_251' title='bbox 1330 2593 1417 2654; x_wconf 92' lang='lat' dir='ltr'>rebus</span> <span class='ocrx_word' id='word_1_252' title='bbox 1440 2589 1605 2651; x_wconf 84' lang='lat' dir='ltr'>difficilibus</span> <span class='ocrx_word' id='word_1_253' title='bbox 1635 2608 1703 2669; x_wconf 87' lang='lat' dir='ltr'>my-</span> 
     </span>
     <span class='ocr_line' id='line_1_26' title="bbox 352 2677 1702 2756; baseline 0.003 -23"><span class='ocrx_word' id='word_1_254' title='bbox 352 2678 418 2739; x_wconf 82' lang='lat' dir='ltr'>stici</span> <span class='ocrx_word' id='word_1_255' title='bbox 440 2677 612 2756; x_wconf 89' lang='lat' dir='ltr'>plerumque</span> <span class='ocrx_word' id='word_1_256' title='bbox 635 2697 737 2740; x_wconf 89' lang='lat' dir='ltr'>sensas</span> <span class='ocrx_word' id='word_1_257' title='bbox 758 2679 879 2756; x_wconf 81' lang='lat' dir='ltr'>lateant,</span> <span class='ocrx_word' id='word_1_258' title='bbox 902 2686 958 2744; x_wconf 91' lang='lat' dir='ltr'>suh</span> <span class='ocrx_word' id='word_1_259' title='bbox 981 2685 1136 2746; x_wconf 83' lang='lat' dir='ltr'>verborum</span> <span class='ocrx_word' id='word_1_260' title='bbox 1160 2684 1283 2744; x_wconf 88' lang='lat' dir='ltr'>cortices</span> <span class='ocrx_word' id='word_1_261' title='bbox 1303 2679 1456 2742; x_wconf 76' lang='lat' dir='ltr'>reconditi.</span> <span class='ocrx_word' id='word_1_262' title='bbox 1498 2677 1611 2738; x_wconf 75' lang='lat' dir='ltr'>Timaei</span> <span class='ocrx_word' id='word_1_263' title='bbox 1633 2681 1702 2756; x_wconf 88' lang='lat' dir='ltr'>qui·</span> 
     </span>
     <span class='ocr_line' id='line_1_27' title="bbox 352 2761 1702 2848; baseline 0.004 -27"><span class='ocrx_word' id='word_1_264' title='bbox 352 2761 418 2822; x_wconf 88' lang='lat' dir='ltr'>dem</span> <span class='ocrx_word' id='word_1_265' title='bbox 441 2764 596 2826; x_wconf 81' lang='lat' dir='ltr'>Locrensis</span> <span class='ocrx_word' id='word_1_266' title='bbox 617 2767 821 2847; x_wconf 90' lang='lat' dir='ltr'>philosophia,</span> <span class='ocrx_word' id='word_1_267' title='bbox 851 2771 1000 2847; x_wconf 89' lang='lat' dir='ltr'>quomodo</span> <span class='ocrx_word' id='word_1_268' title='bbox 1022 2773 1185 2848; x_wconf 87' lang='lat' dir='ltr'>composita</span> <span class='ocrx_word' id='word_1_269' title='bbox 1212 2772 1251 2831; x_wconf 93' lang='lat' dir='ltr'>sit</span> <span class='ocrx_word' id='word_1_270' title='bbox 1279 2771 1376 2829; x_wconf 88' lang='lat' dir='ltr'>anima</span> <span class='ocrx_word' id='word_1_271' title='bbox 1405 2784 1440 2827; x_wconf 87' lang='lat' dir='ltr'>ex</span> <span class='ocrx_word' id='word_1_272' title='bbox 1464 2767 1702 2843; x_wconf 86' lang='lat' dir='ltr'>proportionibus</span> 
     </span>
     <span class='ocr_line' id='line_1_28' title="bbox 351 2849 1702 2936; baseline 0.004 -28"><span class='ocrx_word' id='word_1_273' title='bbox 351 2849 543 2927; x_wconf 74' lang='lat' dir='ltr'>harmonicis,</span> <span class='ocrx_word' id='word_1_274' title='bbox 561 2853 596 2913; x_wconf 92' lang='lat' dir='ltr'>de</span> <span class='ocrx_word' id='word_1_275' title='bbox 620 2872 679 2932; x_wconf 91' lang='lat' dir='ltr'>qua</span> <span class='ocrx_word' id='word_1_276' title='bbox 700 2860 729 2915; x_wconf 92' lang='lat' dir='ltr'>in</span> <span class='ocrx_word' id='word_1_277' title='bbox 750 2859 954 2936; x_wconf 84' lang='lat' dir='ltr'>praeambulo,</span> <span class='ocrx_word' id='word_1_278' title='bbox 978 2858 1109 2919; x_wconf 71' lang='lat' dir='ltr'>resumta</span> <span class='ocrx_word' id='word_1_279' title='bbox 1126 2866 1170 2920; x_wconf 89' lang='lat' dir='ltr'>est</span> <span class='ocrx_word' id='word_1_280' title='bbox 1191 2858 1230 2918; x_wconf 88' lang='lat' dir='ltr'>ab</span> <span class='ocrx_word' id='word_1_281' title='bbox 1253 2854 1411 2917; x_wconf 83' lang='lat' dir='ltr'>Aristotele</span> <span class='ocrx_word' id='word_1_282' title='bbox 1432 2855 1462 2912; x_wconf 90' lang='lat' dir='ltr'>in</span> <span class='ocrx_word' id='word_1_283' title='bbox 1485 2870 1521 2914; x_wconf 91' lang='lat' dir='ltr'>eo</span> <span class='ocrx_word' id='word_1_284' title='bbox 1543 2869 1645 2928; x_wconf 87' lang='lat' dir='ltr'>seusu,</span> <span class='ocrx_word' id='word_1_285' title='bbox 1669 2861 1702 2913; x_wconf 88' lang='lat' dir='ltr'>ut</span> 
     </span>
     <span class='ocr_line' id='line_1_29' title="bbox 351 2940 1702 3021; baseline 0.004 -23"><span class='ocrx_word' id='word_1_286' title='bbox 351 2946 460 2998; x_wconf 85' lang='lat' dir='ltr'>sonant</span> <span class='ocrx_word' id='word_1_287' title='bbox 482 2941 590 3018; x_wconf 78' lang='lat' dir='ltr'>rerba3</span> <span class='ocrx_word' id='word_1_288' title='bbox 618 2959 677 3002; x_wconf 85' lang='lat' dir='ltr'>noc</span> <span class='ocrx_word' id='word_1_289' title='bbox 699 2947 793 3005; x_wconf 88' lang='lat' dir='ltr'>ausim</span> <span class='ocrx_word' id='word_1_290' title='bbox 824 2952 922 3006; x_wconf 62' lang='lat' dir='ltr'>umen</span> <span class='ocrx_word' id='word_1_291' title='bbox 946 2945 1108 3020; x_wconf 85' lang='lat' dir='ltr'>affirmare,</span> <span class='ocrx_word' id='word_1_292' title='bbox 1140 2946 1213 3006; x_wconf 90' lang='lat' dir='ltr'>nihil</span> <span class='ocrx_word' id='word_1_293' title='bbox 1241 2946 1271 3005; x_wconf 93' lang='lat' dir='ltr'>in</span> <span class='ocrx_word' id='word_1_294' title='bbox 1294 2947 1328 3005; x_wconf 91' lang='lat' dir='ltr'>iis</span> <span class='ocrx_word' id='word_1_295' title='bbox 1351 2940 1476 3021; x_wconf 81' lang='lat' dir='ltr'>pagellis</span> <span class='ocrx_word' id='word_1_296' title='bbox 1504 2940 1613 3014; x_wconf 90' lang='lat' dir='ltr'>latere,</span> <span class='ocrx_word' id='word_1_297' title='bbox 1644 2941 1702 3001; x_wconf 90' lang='lat' dir='ltr'>nisi</span> 
     </span>
     <span class='ocr_line' id='line_1_30' title="bbox 350 3025 1702 3110; baseline 0.001 -25"><span class='ocrx_word' id='word_1_298' title='bbox 350 3025 430 3102; x_wconf 84' lang='lat' dir='ltr'>quod</span> <span class='ocrx_word' id='word_1_299' title='bbox 453 3036 559 3088; x_wconf 83' lang='lat' dir='ltr'>sonant</span> <span class='ocrx_word' id='word_1_300' title='bbox 580 3030 679 3105; x_wconf 86' lang='lat' dir='ltr'>rerba,</span> <span class='ocrx_word' id='word_1_301' title='bbox 703 3034 762 3092; x_wconf 89' lang='lat' dir='ltr'>imo</span> <span class='ocrx_word' id='word_1_302' title='bbox 783 3040 957 3109; x_wconf 77' lang='lat' dir='ltr'>negaturum</span> <span class='ocrx_word' id='word_1_303' title='bbox 979 3040 1052 3110; x_wconf 87' lang='lat' dir='ltr'>puto</span> <span class='ocrx_word' id='word_1_304' title='bbox 1074 3038 1229 3106; x_wconf 89' lang='lat' dir='ltr'>neminem,</span> <span class='ocrx_word' id='word_1_305' title='bbox 1252 3034 1321 3109; x_wconf 86' lang='lat' dir='ltr'>quic</span> <span class='ocrx_word' id='word_1_306' title='bbox 1342 3032 1368 3090; x_wconf 92' lang='lat' dir='ltr'>is</span> <span class='ocrx_word' id='word_1_307' title='bbox 1383 3036 1485 3091; x_wconf 85' lang='lat' dir='ltr'>auctor</span> <span class='ocrx_word' id='word_1_308' title='bbox 1505 3027 1562 3087; x_wconf 88' lang='lat' dir='ltr'>hoe</span> <span class='ocrx_word' id='word_1_309' title='bbox 1584 3027 1623 3087; x_wconf 87' lang='lat' dir='ltr'>ad</span> <span class='ocrx_word' id='word_1_310' title='bbox 1644 3032 1702 3088; x_wconf 92' lang='lat' dir='ltr'>mi·</span> 
     </span>
     <span class='ocr_line' id='line_1_31' title="bbox 351 3115 1701 3196; baseline 0.004 -26"><span class='ocrx_word' id='word_1_311' title='bbox 351 3116 462 3173; x_wconf 91' lang='lat' dir='ltr'>nimum</span> <span class='ocrx_word' id='word_1_312' title='bbox 485 3122 592 3190; x_wconf 89' lang='lat' dir='ltr'>teneat,</span> <span class='ocrx_word' id='word_1_313' title='bbox 616 3118 695 3194; x_wconf 88' lang='lat' dir='ltr'>quod</span> <span class='ocrx_word' id='word_1_314' title='bbox 717 3119 765 3179; x_wconf 89' lang='lat' dir='ltr'>hic</span> <span class='ocrx_word' id='word_1_315' title='bbox 788 3128 898 3193; x_wconf 90' lang='lat' dir='ltr'>astruo,</span> <span class='ocrx_word' id='word_1_316' title='bbox 921 3130 1048 3181; x_wconf 89' lang='lat' dir='ltr'>mentem</span> <span class='ocrx_word' id='word_1_317' title='bbox 1064 3139 1129 3182; x_wconf 90' lang='lat' dir='ltr'>esse</span> <span class='ocrx_word' id='word_1_318' title='bbox 1152 3123 1339 3196; x_wconf 87' lang='lat' dir='ltr'>animumque</span> <span class='ocrx_word' id='word_1_319' title='bbox 1350 3118 1520 3195; x_wconf 89' lang='lat' dir='ltr'>humanum,</span> <span class='ocrx_word' id='word_1_320' title='bbox 1541 3115 1625 3192; x_wconf 83' lang='lat' dir='ltr'>eujus</span> <span class='ocrx_word' id='word_1_321' title='bbox 1648 3133 1701 3176; x_wconf 91' lang='lat' dir='ltr'>seu</span> 
     </span>
     <span class='ocr_line' id='line_1_32' title="bbox 347 3200 1701 3287; baseline 0.004 -29"><span class='ocrx_word' id='word_1_322' title='bbox 347 3200 462 3275; x_wconf 83' lang='lat' dir='ltr'>judicic</span> <span class='ocrx_word' id='word_1_323' title='bbox 482 3219 534 3263; x_wconf 89' lang='lat' dir='ltr'>seu</span> <span class='ocrx_word' id='word_1_324' title='bbox 557 3206 696 3265; x_wconf 90' lang='lat' dir='ltr'>instinctu</span> <span class='ocrx_word' id='word_1_325' title='bbox 718 3224 822 3268; x_wconf 90' lang='lat' dir='ltr'>sensus</span> <span class='ocrx_word' id='word_1_326' title='bbox 846 3207 964 3268; x_wconf 87' lang='lat' dir='ltr'>auditus</span> <span class='ocrx_word' id='word_1_327' title='bbox 985 3212 1188 3287; x_wconf 87' lang='lat' dir='ltr'>proportiones</span> <span class='ocrx_word' id='word_1_328' title='bbox 1210 3224 1328 3279; x_wconf 89' lang='lat' dir='ltr'>suares,</span> <span class='ocrx_word' id='word_1_329' title='bbox 1350 3206 1407 3266; x_wconf 90' lang='lat' dir='ltr'>hcc</span> <span class='ocrx_word' id='word_1_330' title='bbox 1422 3212 1466 3266; x_wconf 89' lang='lat' dir='ltr'>est</span> <span class='ocrx_word' id='word_1_331' title='bbox 1486 3219 1639 3278; x_wconf 85' lang='lat' dir='ltr'>consonae,</span> <span class='ocrx_word' id='word_1_332' title='bbox 1662 3204 1701 3264; x_wconf 87' lang='lat' dir='ltr'>ab</span> 
     </span>
     <span class='ocr_line' id='line_1_33' title="bbox 351 3289 1701 3373; baseline 0.006 -29"><span class='ocrx_word' id='word_1_333' title='bbox 351 3289 524 3349; x_wconf 79' lang='lat' dir='ltr'>iusuaribus</span> <span class='ocrx_word' id='word_1_334' title='bbox 545 3299 574 3351; x_wconf 88' lang='lat' dir='ltr'>et</span> <span class='ocrx_word' id='word_1_335' title='bbox 596 3291 722 3354; x_wconf 90' lang='lat' dir='ltr'>dissonis</span> <span class='ocrx_word' id='word_1_336' title='bbox 745 3295 902 3369; x_wconf 88' lang='lat' dir='ltr'>discernat,</span> <span class='ocrx_word' id='word_1_337' title='bbox 932 3298 1041 3373; x_wconf 84' lang='lat' dir='ltr'>quippe</span> <span class='ocrx_word' id='word_1_338' title='bbox 1064 3299 1115 3373; x_wconf 85' lang='lat' dir='ltr'>qui</span> <span class='ocrx_word' id='word_1_339' title='bbox 1137 3296 1195 3356; x_wconf 90' lang='lat' dir='ltr'>hoe</span> <span class='ocrx_word' id='word_1_340' title='bbox 1211 3295 1371 3372; x_wconf 88' lang='lat' dir='ltr'>diiigenter</span> <span class='ocrx_word' id='word_1_341' title='bbox 1393 3292 1545 3370; x_wconf 81' lang='lat' dir='ltr'>expendit,</span> <span class='ocrx_word' id='word_1_342' title='bbox 1576 3307 1701 3368; x_wconf 90' lang='lat' dir='ltr'>propor-</span> 
     </span>
     <span class='ocr_line' id='line_1_34' title="bbox 350 3377 1701 3461; baseline 0.004 -26"><span class='ocrx_word' id='word_1_343' title='bbox 350 3377 445 3437; x_wconf 89' lang='lat' dir='ltr'>tiones</span> <span class='ocrx_word' id='word_1_344' title='bbox 468 3394 533 3437; x_wconf 90' lang='lat' dir='ltr'>esse</span> <span class='ocrx_word' id='word_1_345' title='bbox 554 3382 674 3440; x_wconf 85' lang='lat' dir='ltr'>rationis</span> <span class='ocrx_word' id='word_1_346' title='bbox 698 3385 787 3456; x_wconf 88' lang='lat' dir='ltr'>entia,</span> <span class='ocrx_word' id='word_1_347' title='bbox 810 3386 923 3443; x_wconf 87' lang='lat' dir='ltr'>ratione</span> <span class='ocrx_word' id='word_1_348' title='bbox 945 3384 1011 3444; x_wconf 86' lang='lat' dir='ltr'>sola</span> <span class='ocrx_word' id='word_1_349' title='bbox 1031 3400 1091 3443; x_wconf 90' lang='lat' dir='ltr'>non</span> <span class='ocrx_word' id='word_1_350' title='bbox 1113 3400 1202 3444; x_wconf 90' lang='lat' dir='ltr'>sensu</span> <span class='ocrx_word' id='word_1_351' title='bbox 1216 3379 1425 3461; x_wconf 86' lang='lat' dir='ltr'>perceptibilia,</span> <span class='ocrx_word' id='word_1_352' title='bbox 1449 3386 1477 3440; x_wconf 91' lang='lat' dir='ltr'>et</span> <span class='ocrx_word' id='word_1_353' title='bbox 1498 3381 1701 3457; x_wconf 87' lang='lat' dir='ltr'>proportiones</span> 
     </span>
     <span class='ocr_line' id='line_1_35' title="bbox 350 3465 1647 3547; baseline 0.002 -24"><span class='ocrx_word' id='word_1_354' title='bbox 350 3478 404 3524; x_wconf 91' lang='lat' dir='ltr'>ceu</span> <span class='ocrx_word' id='word_1_355' title='bbox 426 3465 549 3524; x_wconf 79' lang='lat' dir='ltr'>sormam</span> <span class='ocrx_word' id='word_1_356' title='bbox 571 3485 591 3526; x_wconf 85' lang='lat' dir='ltr'>a</span> <span class='ocrx_word' id='word_1_357' title='bbox 612 3485 643 3528; x_wconf 91' lang='lat' dir='ltr'>re</span> <span class='ocrx_word' id='word_1_358' title='bbox 664 3472 889 3547; x_wconf 84' lang='lat' dir='ltr'>proportionata</span> <span class='ocrx_word' id='word_1_359' title='bbox 910 3488 963 3532; x_wconf 89' lang='lat' dir='ltr'>ceu</span> <span class='ocrx_word' id='word_1_360' title='bbox 986 3472 1110 3531; x_wconf 78' lang='lat' dir='ltr'>metens</span> <span class='ocrx_word' id='word_1_361' title='bbox 1131 3470 1325 3547; x_wconf 86' lang='lat' dir='ltr'>distinguere,</span> <span class='ocrx_word' id='word_1_362' title='bbox 1347 3469 1453 3527; x_wconf 91' lang='lat' dir='ltr'>mentis</span> <span class='ocrx_word' id='word_1_363' title='bbox 1475 3483 1550 3544; x_wconf 90' lang='lat' dir='ltr'>opus</span> <span class='ocrx_word' id='word_1_364' title='bbox 1572 3483 1647 3527; x_wconf 90' lang='lat' dir='ltr'>esse.</span> 
     </span>
     <span class='ocr_line' id='line_1_36' title="bbox 273 3551 1701 3641; baseline 0.004 -30"><span class='ocrx_word' id='word_1_365' title='bbox 273 3628 279 3641; x_wconf 29' lang='lat'>⁸</span> <span class='ocrx_word' id='word_1_366' title='bbox 436 3551 510 3611; x_wconf 80' lang='lat' dir='ltr'>Cum</span> <span class='ocrx_word' id='word_1_367' title='bbox 533 3561 631 3616; x_wconf 87' lang='lat' dir='ltr'>autem</span> <span class='ocrx_word' id='word_1_368' title='bbox 654 3554 728 3616; x_wconf 89' lang='lat' dir='ltr'>duas</span> <span class='ocrx_word' id='word_1_369' title='bbox 749 3556 907 3634; x_wconf 76' lang='lat' dir='ltr'>figurarum</span> <span class='ocrx_word' id='word_1_370' title='bbox 929 3558 1109 3635; x_wconf 85' lang='lat' dir='ltr'>regularium</span> <span class='ocrx_word' id='word_1_371' title='bbox 1140 3561 1333 3637; x_wconf 86' lang='lat' dir='ltr'>proprietates</span> <span class='ocrx_word' id='word_1_372' title='bbox 1355 3555 1615 3632; x_wconf 69' lang='lat' dir='ltr'>explicuerimus:</span> <span class='ocrx_word' id='word_1_373' title='bbox 1646 3553 1701 3617; x_wconf 89' lang='lat' dir='ltr'>de·</span> 
     </span>
    </p>

    <p class='ocr_par' dir='ltr' id='par_1_3' title="bbox 346 3640 1701 4770">
     <span class='ocr_line' id='line_1_37' title="bbox 348 3640 1701 3721; baseline 0.005 -24"><span class='ocrx_word' id='word_1_374' title='bbox 348 3640 622 3702; x_wconf 84' lang='lat' dir='ltr'>monstrabilitatem</span> <span class='ocrx_word' id='word_1_375' title='bbox 645 3643 835 3704; x_wconf 79' lang='lat' dir='ltr'>scientificum</span> <span class='ocrx_word' id='word_1_376' title='bbox 857 3645 981 3706; x_wconf 89' lang='lat' dir='ltr'>laterum</span> <span class='ocrx_word' id='word_1_377' title='bbox 1003 3646 1034 3705; x_wconf 95' lang='lat' dir='ltr'>in</span> <span class='ocrx_word' id='word_1_378' title='bbox 1056 3646 1179 3719; x_wconf 82' lang='lat' dir='ltr'>singulis</span> <span class='ocrx_word' id='word_1_379' title='bbox 1209 3652 1239 3706; x_wconf 91' lang='lat' dir='ltr'>et</span> <span class='ocrx_word' id='word_1_380' title='bbox 1260 3644 1479 3721; x_wconf 86' lang='lat' dir='ltr'>congruentiam</span> <span class='ocrx_word' id='word_1_381' title='bbox 1501 3644 1577 3702; x_wconf 88' lang='lat' dir='ltr'>iuter</span> <span class='ocrx_word' id='word_1_382' title='bbox 1597 3659 1629 3702; x_wconf 88' lang='lat' dir='ltr'>se</span> <span class='ocrx_word' id='word_1_383' title='bbox 1650 3650 1701 3704; x_wconf 91' lang='lat' dir='ltr'>tc-</span> 
     </span>
     <span class='ocr_line' id='line_1_38' title="bbox 348 3726 1701 3811; baseline 0.006 -27"><span class='ocrx_word' id='word_1_384' title='bbox 348 3732 444 3785; x_wconf 87' lang='lat' dir='ltr'>tarum</span> <span class='ocrx_word' id='word_1_385' title='bbox 462 3726 642 3810; x_wconf 78' lang='lat' dir='ltr'>iunctarum,</span> <span class='ocrx_word' id='word_1_386' title='bbox 664 3747 724 3790; x_wconf 91' lang='lat' dir='ltr'>nou</span> <span class='ocrx_word' id='word_1_387' title='bbox 746 3732 878 3809; x_wconf 80' lang='lat' dir='ltr'>ejusdcm</span> <span class='ocrx_word' id='word_1_388' title='bbox 900 3733 989 3811; x_wconf 87' lang='lat' dir='ltr'>plane</span> <span class='ocrx_word' id='word_1_389' title='bbox 1011 3733 1175 3794; x_wconf 88' lang='lat' dir='ltr'>latitudinis</span> <span class='ocrx_word' id='word_1_390' title='bbox 1196 3740 1366 3808; x_wconf 87' lang='lat' dir='ltr'>utramque,</span> <span class='ocrx_word' id='word_1_391' title='bbox 1395 3730 1431 3791; x_wconf 91' lang='lat' dir='ltr'>de</span> <span class='ocrx_word' id='word_1_392' title='bbox 1453 3728 1701 3792; x_wconf 88' lang='lat' dir='ltr'>demonstratione</span> 
     </span>
     <span class='ocr_line' id='line_1_39' title="bbox 349 3811 1701 3900; baseline 0.007 -29"><span class='ocrx_word' id='word_1_393' title='bbox 349 3811 468 3889; x_wconf 81' lang='lat' dir='ltr'>quidem</span> <span class='ocrx_word' id='word_1_394' title='bbox 500 3818 649 3878; x_wconf 84' lang='lat' dir='ltr'>axiomata</span> <span class='ocrx_word' id='word_1_395' title='bbox 677 3826 779 3879; x_wconf 76' lang='lat' dir='ltr'>nosue</span> <span class='ocrx_word' id='word_1_396' title='bbox 801 3828 907 3881; x_wconf 88' lang='lat' dir='ltr'>sonant</span> <span class='ocrx_word' id='word_1_397' title='bbox 927 3823 1131 3900; x_wconf 88' lang='lat' dir='ltr'>potissimum,</span> <span class='ocrx_word' id='word_1_398' title='bbox 1163 3822 1233 3899; x_wconf 89' lang='lat' dir='ltr'>quia</span> <span class='ocrx_word' id='word_1_399' title='bbox 1260 3819 1335 3881; x_wconf 88' lang='lat' dir='ltr'>haec</span> <span class='ocrx_word' id='word_1_400' title='bbox 1360 3818 1455 3895; x_wconf 88' lang='lat' dir='ltr'>magis</span> <span class='ocrx_word' id='word_1_401' title='bbox 1482 3817 1634 3877; x_wconf 78' lang='lat' dir='ltr'>familiaris</span> <span class='ocrx_word' id='word_1_402' title='bbox 1655 3827 1701 3880; x_wconf 86' lang='lat' dir='ltr'>est</span> 
     </span>
     <span class='ocr_line' id='line_1_40' title="bbox 347 3903 1701 3986; baseline 0.007 -27"><span class='ocrx_word' id='word_1_403' title='bbox 347 3903 585 3977; x_wconf 88' lang='lat' dir='ltr'>proportionibus</span> <span class='ocrx_word' id='word_1_404' title='bbox 606 3912 749 3981; x_wconf 85' lang='lat' dir='ltr'>motuum,</span> <span class='ocrx_word' id='word_1_405' title='bbox 773 3925 810 3967; x_wconf 84' lang='lat' dir='ltr'>ex</span> <span class='ocrx_word' id='word_1_406' title='bbox 832 3909 940 3986; x_wconf 88' lang='lat' dir='ltr'>quihus</span> <span class='ocrx_word' id='word_1_407' title='bbox 963 3912 1051 3968; x_wconf 88' lang='lat' dir='ltr'>etiam</span> <span class='ocrx_word' id='word_1_408' title='bbox 1065 3911 1131 3969; x_wconf 91' lang='lat' dir='ltr'>soni</span> <span class='ocrx_word' id='word_1_409' title='bbox 1147 3911 1288 3969; x_wconf 73' lang='lat' dir='ltr'>existunt.¹</span> <span class='ocrx_word' id='word_1_410' title='bbox 1329 3906 1405 3966; x_wconf 84' lang='lat' dir='ltr'>Nam</span> <span class='ocrx_word' id='word_1_411' title='bbox 1420 3906 1610 3982; x_wconf 85' lang='lat' dir='ltr'>congruentia</span> <span class='ocrx_word' id='word_1_412' title='bbox 1624 3909 1701 3967; x_wconf 89' lang='lat' dir='ltr'>inest</span> 
     </span>
     <span class='ocr_line' id='line_1_41' title="bbox 346 3988 1699 4075; baseline 0.005 -27"><span class='ocrx_word' id='word_1_413' title='bbox 346 3988 457 4065; x_wconf 78' lang='lat' dir='ltr'>figuris,</span> <span class='ocrx_word' id='word_1_414' title='bbox 480 3998 513 4049; x_wconf 90' lang='lat' dir='ltr'>at</span> <span class='ocrx_word' id='word_1_415' title='bbox 534 3997 614 4052; x_wconf 85' lang='lat' dir='ltr'>totae</span> <span class='ocrx_word' id='word_1_416' title='bbox 636 4001 719 4066; x_wconf 90' lang='lat' dir='ltr'>sunt,</span> <span class='ocrx_word' id='word_1_417' title='bbox 743 4001 841 4055; x_wconf 90' lang='lat' dir='ltr'>motus</span> <span class='ocrx_word' id='word_1_418' title='bbox 863 4011 934 4055; x_wconf 87' lang='lat' dir='ltr'>vero</span> <span class='ocrx_word' id='word_1_419' title='bbox 957 3993 1081 4073; x_wconf 90' lang='lat' dir='ltr'>(quihus</span> <span class='ocrx_word' id='word_1_420' title='bbox 1097 3996 1241 4063; x_wconf 39' lang='lat' dir='ltr'>,accidunt</span> <span class='ocrx_word' id='word_1_421' title='bbox 1270 3995 1474 4072; x_wconf 90' lang='lat' dir='ltr'>proportiones</span> <span class='ocrx_word' id='word_1_422' title='bbox 1496 3991 1699 4075; x_wconf 87' lang='lat' dir='ltr'>harmonicae)</span> 
     </span>
     <span class='ocr_line' id='line_1_42' title="bbox 347 4074 1700 4164; baseline 0.007 -31"><span class='ocrx_word' id='word_1_423' title='bbox 347 4074 474 4151; x_wconf 83' lang='lat' dir='ltr'>figurae,</span> <span class='ocrx_word' id='word_1_424' title='bbox 503 4096 604 4155; x_wconf 78' lang='lat' dir='ltr'>pqua</span> <span class='ocrx_word' id='word_1_425' title='bbox 627 4079 803 4155; x_wconf 84' lang='lat' dir='ltr'>derivantur,</span> <span class='ocrx_word' id='word_1_426' title='bbox 826 4081 919 4142; x_wconf 86' lang='lat' dir='ltr'>latera</span> <span class='ocrx_word' id='word_1_427' title='bbox 946 4086 976 4140; x_wconf 91' lang='lat' dir='ltr'>io</span> <span class='ocrx_word' id='word_1_428' title='bbox 1006 4091 1117 4145; x_wconf 89' lang='lat' dir='ltr'>rectum</span> <span class='ocrx_word' id='word_1_429' title='bbox 1145 4081 1306 4144; x_wconf 83' lang='lat' dir='ltr'>extendunt</span> <span class='ocrx_word' id='word_1_430' title='bbox 1328 4078 1411 4164; x_wconf 89' lang='lat' dir='ltr'>(cum</span> <span class='ocrx_word' id='word_1_431' title='bbox 1439 4079 1570 4158; x_wconf 87' lang='lat' dir='ltr'>plerique</span> <span class='ocrx_word' id='word_1_432' title='bbox 1598 4096 1700 4142; x_wconf 85' lang='lat' dir='ltr'>omnes</span> 
     </span>
     <span class='ocr_line' id='line_1_43' title="bbox 347 4163 1700 4251; baseline 0.007 -30"><span class='ocrx_word' id='word_1_433' title='bbox 347 4172 380 4221; x_wconf 91' lang='lat' dir='ltr'>ut</span> <span class='ocrx_word' id='word_1_434' title='bbox 402 4163 544 4224; x_wconf 87' lang='lat' dir='ltr'>rectilinei</span> <span class='ocrx_word' id='word_1_435' title='bbox 567 4165 802 4251; x_wconf 85' lang='lat' dir='ltr'>considerentur)</span> <span class='ocrx_word' id='word_1_436' title='bbox 826 4176 856 4228; x_wconf 89' lang='lat' dir='ltr'>et</span> <span class='ocrx_word' id='word_1_437' title='bbox 876 4173 920 4230; x_wconf 89' lang='lat' dir='ltr'>sic</span> <span class='ocrx_word' id='word_1_438' title='bbox 934 4170 1056 4248; x_wconf 85' lang='lat' dir='ltr'>figuram</span> <span class='ocrx_word' id='word_1_439' title='bbox 1073 4189 1166 4243; x_wconf 90' lang='lat' dir='ltr'>suam,</span> <span class='ocrx_word' id='word_1_440' title='bbox 1189 4179 1222 4231; x_wconf 90' lang='lat' dir='ltr'>ut</span> <span class='ocrx_word' id='word_1_441' title='bbox 1236 4176 1386 4248; x_wconf 90' lang='lat' dir='ltr'>serpentes</span> <span class='ocrx_word' id='word_1_442' title='bbox 1400 4176 1531 4239; x_wconf 87' lang='lat' dir='ltr'>matrem,</span> <span class='ocrx_word' id='word_1_443' title='bbox 1554 4170 1700 4243; x_wconf 90' lang='lat' dir='ltr'>perimunt</span> 
     </span>
     <span class='ocr_line' id='line_1_44' title="bbox 347 4249 1699 4336; baseline 0.006 -28"><span class='ocrx_word' id='word_1_444' title='bbox 347 4257 377 4308; x_wconf 91' lang='lat' dir='ltr'>ct</span> <span class='ocrx_word' id='word_1_445' title='bbox 405 4249 566 4312; x_wconf 79' lang='lat' dir='ltr'>destruunt</span> <span class='ocrx_word' id='word_1_446' title='bbox 611 4255 719 4332; x_wconf 83' lang='lat' dir='ltr'>Figura</span> <span class='ocrx_word' id='word_1_447' title='bbox 749 4259 943 4334; x_wconf 88' lang='lat' dir='ltr'>inquantum</span> <span class='ocrx_word' id='word_1_448' title='bbox 974 4276 1117 4336; x_wconf 88' lang='lat' dir='ltr'>congrua,</span> <span class='ocrx_word' id='word_1_449' title='bbox 1148 4257 1287 4318; x_wconf 88' lang='lat' dir='ltr'>circulum</span> <span class='ocrx_word' id='word_1_450' title='bbox 1318 4260 1461 4333; x_wconf 86' lang='lat' dir='ltr'>integrum</span> <span class='ocrx_word' id='word_1_451' title='bbox 1489 4254 1643 4329; x_wconf 85' lang='lat' dir='ltr'>distinguit</span> <span class='ocrx_word' id='word_1_452' title='bbox 1668 4256 1699 4317; x_wconf 90' lang='lat' dir='ltr'>in</span> 
     </span>
     <span class='ocr_line' id='line_1_45' title="bbox 347 4341 1698 4420; baseline 0.005 -23"><span class='ocrx_word' id='word_1_453' title='bbox 347 4346 461 4413; x_wconf 89' lang='lat' dir='ltr'>partes,</span> <span class='ocrx_word' id='word_1_454' title='bbox 491 4344 694 4419; x_wconf 89' lang='lat' dir='ltr'>proportiones</span> <span class='ocrx_word' id='word_1_455' title='bbox 726 4342 913 4405; x_wconf 87' lang='lat' dir='ltr'>harmonicae</span> <span class='ocrx_word' id='word_1_456' title='bbox 948 4347 1088 4406; x_wconf 92' lang='lat' dir='ltr'>circulum</span> <span class='ocrx_word' id='word_1_457' title='bbox 1124 4344 1293 4406; x_wconf 90' lang='lat' dir='ltr'>distinctum</span> <span class='ocrx_word' id='word_1_458' title='bbox 1324 4346 1353 4402; x_wconf 89' lang='lat' dir='ltr'>in</span> <span class='ocrx_word' id='word_1_459' title='bbox 1384 4352 1493 4403; x_wconf 88' lang='lat' dir='ltr'>rectum</span> <span class='ocrx_word' id='word_1_460' title='bbox 1529 4341 1698 4420; x_wconf 85' lang='lat' dir='ltr'>extendunt,</span> 
     </span>
     <span class='ocr_line' id='line_1_46' title="bbox 348 4424 1700 4508; baseline 0.006 -25"><span class='ocrx_word' id='word_1_461' title='bbox 348 4424 542 4488; x_wconf 87' lang='lat' dir='ltr'>distinctionis</span> <span class='ocrx_word' id='word_1_462' title='bbox 565 4447 584 4488; x_wconf 89' lang='lat' dir='ltr'>s</span> <span class='ocrx_word' id='word_1_463' title='bbox 604 4429 699 4508; x_wconf 86' lang='lat' dir='ltr'>ligura</span> <span class='ocrx_word' id='word_1_464' title='bbox 719 4431 815 4493; x_wconf 86' lang='lat' dir='ltr'>iactae</span> <span class='ocrx_word' id='word_1_465' title='bbox 845 4440 942 4493; x_wconf 86' lang='lat' dir='ltr'>actum</span> <span class='ocrx_word' id='word_1_466' title='bbox 965 4433 1072 4494; x_wconf 76' lang='lat' dir='ltr'>delent.</span> <span class='ocrx_word' id='word_1_467' title='bbox 1117 4432 1167 4494; x_wconf 85' lang='lat' dir='ltr'>Sic</span> <span class='ocrx_word' id='word_1_468' title='bbox 1196 4433 1405 4493; x_wconf 88' lang='lat' dir='ltr'>consonantias</span> <span class='ocrx_word' id='word_1_469' title='bbox 1434 4447 1500 4490; x_wconf 92' lang='lat' dir='ltr'>oum</span> <span class='ocrx_word' id='word_1_470' title='bbox 1521 4428 1621 4505; x_wconf 86' lang='lat' dir='ltr'>figuris</span> <span class='ocrx_word' id='word_1_471' title='bbox 1644 4430 1700 4492; x_wconf 91' lang='lat' dir='ltr'>de·</span> 
     </span>
     <span class='ocr_line' id='line_1_47' title="bbox 346 4515 1698 4597; baseline 0.007 -26"><span class='ocrx_word' id='word_1_472' title='bbox 346 4516 584 4576; x_wconf 90' lang='lat' dir='ltr'>monstrabilibus</span> <span class='ocrx_word' id='word_1_473' title='bbox 617 4520 645 4576; x_wconf 92' lang='lat' dir='ltr'>ln</span> <span class='ocrx_word' id='word_1_474' title='bbox 672 4518 816 4578; x_wconf 85' lang='lat' dir='ltr'>infinitum</span> <span class='ocrx_word' id='word_1_475' title='bbox 848 4527 1018 4593; x_wconf 84' lang='lat' dir='ltr'>excurrunt,</span> <span class='ocrx_word' id='word_1_476' title='bbox 1049 4520 1160 4597; x_wconf 85' lang='lat' dir='ltr'>figurae</span> <span class='ocrx_word' id='word_1_477' title='bbox 1190 4536 1337 4597; x_wconf 87' lang='lat' dir='ltr'>congruae</span> <span class='ocrx_word' id='word_1_478' title='bbox 1366 4534 1486 4577; x_wconf 87' lang='lat' dir='ltr'>numero</span> <span class='ocrx_word' id='word_1_479' title='bbox 1517 4515 1698 4580; x_wconf 87' lang='lat' dir='ltr'>duodenario</span> 
     </span>
     <span class='ocr_line' id='line_1_48' title="bbox 347 4599 1699 4685; baseline 0.006 -26"><span class='ocrx_word' id='word_1_480' title='bbox 347 4599 494 4663; x_wconf 73' lang='lat' dir='ltr'>iniuntur.</span> <span class='ocrx_word' id='word_1_481' title='bbox 539 4604 674 4682; x_wconf 90' lang='lat' dir='ltr'>Denique</span> <span class='ocrx_word' id='word_1_482' title='bbox 698 4605 914 4666; x_wconf 87' lang='lat' dir='ltr'>distinctionem</span> <span class='ocrx_word' id='word_1_483' title='bbox 934 4607 1034 4666; x_wconf 87' lang='lat' dir='ltr'>circuli</span> <span class='ocrx_word' id='word_1_484' title='bbox 1056 4607 1206 4683; x_wconf 85' lang='lat' dir='ltr'>quaelibet</span> <span class='ocrx_word' id='word_1_485' title='bbox 1227 4607 1322 4684; x_wconf 88' lang='lat' dir='ltr'>figura</span> <span class='ocrx_word' id='word_1_486' title='bbox 1344 4606 1552 4679; x_wconf 68' lang='lat' dir='ltr'>britanicum,</span> <span class='ocrx_word' id='word_1_487' title='bbox 1576 4612 1606 4666; x_wconf 90' lang='lat' dir='ltr'>at</span> <span class='ocrx_word' id='word_1_488' title='bbox 1626 4622 1699 4685; x_wconf 89' lang='lat' dir='ltr'>par-</span> 
     </span>
     <span class='ocr_line' id='line_1_49' title="bbox 347 4690 1554 4770; baseline 0.002 -22"><span class='ocrx_word' id='word_1_489' title='bbox 347 4696 391 4748; x_wconf 90' lang='lat' dir='ltr'>tes</span> <span class='ocrx_word' id='word_1_490' title='bbox 416 4692 444 4747; x_wconf 92' lang='lat' dir='ltr'>in</span> <span class='ocrx_word' id='word_1_491' title='bbox 468 4690 576 4750; x_wconf 87' lang='lat' dir='ltr'>circulo</span> <span class='ocrx_word' id='word_1_492' title='bbox 599 4694 778 4753; x_wconf 88' lang='lat' dir='ltr'>constitutae</span> <span class='ocrx_word' id='word_1_493' title='bbox 801 4692 874 4752; x_wconf 91' lang='lat' dir='ltr'>duas</span> <span class='ocrx_word' id='word_1_494' title='bbox 897 4709 1011 4770; x_wconf 89' lang='lat' dir='ltr'>semper</span> <span class='ocrx_word' id='word_1_495' title='bbox 1029 4695 1142 4755; x_wconf 87' lang='lat' dir='ltr'>iaciunt</span> <span class='ocrx_word' id='word_1_496' title='bbox 1164 4712 1229 4754; x_wconf 90' lang='lat' dir='ltr'>cum</span> <span class='ocrx_word' id='word_1_497' title='bbox 1252 4700 1315 4754; x_wconf 91' lang='lat' dir='ltr'>toto</span> <span class='ocrx_word' id='word_1_498' title='bbox 1338 4695 1554 4753; x_wconf 87' lang='lat' dir='ltr'>consonantias.</span> 
     </span>
    </p>

    <p class='ocr_par' dir='ltr' id='par_1_4' title="bbox 433 4777 1698 4857">
     <span class='ocr_line' id='line_1_50' title="bbox 433 4777 1698 4857; baseline 0.006 -22"><span class='ocrx_word' id='word_1_499' title='bbox 433 4777 495 4836; x_wconf 81' lang='lat' dir='ltr'>Etsi</span> <span class='ocrx_word' id='word_1_500' title='bbox 517 4794 588 4838; x_wconf 85' lang='lat' dir='ltr'>vero</span> <span class='ocrx_word' id='word_1_501' title='bbox 609 4782 707 4857; x_wconf 89' lang='lat' dir='ltr'>potior</span> <span class='ocrx_word' id='word_1_502' title='bbox 728 4783 759 4839; x_wconf 92' lang='lat' dir='ltr'>in</span> <span class='ocrx_word' id='word_1_503' title='bbox 781 4779 838 4840; x_wconf 90' lang='lat' dir='ltr'>boe</span> <span class='ocrx_word' id='word_1_504' title='bbox 859 4781 946 4840; x_wconf 85' lang='lat' dir='ltr'>tertio</span> <span class='ocrx_word' id='word_1_505' title='bbox 967 4779 1043 4842; x_wconf 91' lang='lat' dir='ltr'>libro</span> <span class='ocrx_word' id='word_1_506' title='bbox 1065 4784 1139 4841; x_wconf 87' lang='lat' dir='ltr'>ratio</span> <span class='ocrx_word' id='word_1_507' title='bbox 1162 4785 1217 4843; x_wconf 90' lang='lat' dir='ltr'>erit</span> <span class='ocrx_word' id='word_1_508' title='bbox 1245 4781 1499 4842; x_wconf 90' lang='lat' dir='ltr'>demonstrationis</span> <span class='ocrx_word' id='word_1_509' title='bbox 1521 4780 1698 4843; x_wconf 81' lang='lat' dir='ltr'>edentilleae</span> 
     </span>
    </p>
   </div>
   <div class='ocr_carea' id='block_1_3' title="bbox 330 4861 1698 4950">
    <p class='ocr_par' dir='ltr' id='par_1_5' title="bbox 330 4861 1698 4950">
     <span class='ocr_line' id='line_1_51' title="bbox 330 4861 1698 4950; baseline 0.003 -25"><span class='ocrx_word' id='word_1_510' title='bbox 330 4861 483 4941; x_wconf 71' lang='lat' dir='ltr'>lausum,</span> <span class='ocrx_word' id='word_1_511' title='bbox 506 4880 595 4943; x_wconf 79' lang='lat' dir='ltr'>quam</span> <span class='ocrx_word' id='word_1_512' title='bbox 616 4868 826 4946; x_wconf 66' lang='lat' dir='ltr'>conmeatus</span> <span class='ocrx_word' id='word_1_513' title='bbox 848 4867 1006 4945; x_wconf 82' lang='lat' dir='ltr'>figurarum</span> <span class='ocrx_word' id='word_1_514' title='bbox 1028 4876 1172 4945; x_wconf 71' lang='lat' dir='ltr'>tuarum,</span> <span class='ocrx_word' id='word_1_515' title='bbox 1201 4868 1276 4933; x_wconf 83' lang='lat' dir='ltr'>bace</span> <span class='ocrx_word' id='word_1_516' title='bbox 1297 4874 1397 4933; x_wconf 81' lang='lat' dir='ltr'>tamen</span> <span class='ocrx_word' id='word_1_517' title='bbox 1418 4874 1538 4950; x_wconf 85' lang='lat' dir='ltr'>propter</span> <span class='ocrx_word' id='word_1_518' title='bbox 1559 4884 1698 4947; x_wconf 80' lang='lat' dir='ltr'>magnam</span> 
     </span>
    </p>
   </div>
   <div class='ocr_carea' id='block_1_4' title="bbox 0 0 1900 5860">
    <p class='ocr_par' dir='ltr' id='par_1_6' title="bbox 0 0 1900 5860">
     <span class='ocr_line' id='line_1_52' title="bbox 0 0 1900 5860; baseline 0 4"><span class='ocrx_word' id='word_1_519' title='bbox 0 0 1900 5860; x_wconf 95' lang='lat' dir='ltr'> </span> 
     </span>
    </p>
   </div>
  </div>
 </body>
</html>
