3940 5856
639 344 785 415 ⁴hppendix
814 346 850 402 ad
866 346 963 403 librum
981 347 1015 403 V.
1033 346 1262 403 Harmonicornm.
1560 346 1622 409 329
1662 404 1669 411 ,

278 523 470 587 Bohemicnm
492 524 631 602 vicinum,
655 541 714 601 quo
737 531 767 585 et
789 526 892 587 itinera
914 534 983 587 sunt
1004 525 1144 604 impedita
1167 532 1196 589 et
1211 525 1336 603 operarii
1351 524 1485 602 plerique
1505 524 1625 584 nomina

278 612 448 692 profitentur
469 611 600 674 militiae.
643 613 750 689 Itaque
771 618 895 690 primum
917 632 971 676 uos
994 631 1132 698 papyrus,
1156 611 1260 674 deinde
1282 621 1313 673 et
1327 629 1433 690 operae
1455 612 1547 691 praeli
1568 610 1624 671 rd-

278 701 427 760 ministrae
450 699 629 773 deiecerunt,
659 707 774 779 tempus
797 701 925 778 denique
947 702 1189 763 fastidiosissimis
1211 702 1299 761 moris
1326 702 1416 761 nimio
1438 706 1624 780 protractum.

279 786 395 863 Quibus
417 787 632 866 impedimentis
666 791 810 849 excitatus
839 792 889 848 vix
911 790 1029 851 tandem
1059 807 1105 850 me
1132 791 1246 865 respexi
1276 805 1432 866 meumque
1460 789 1625 847 institutum

279 876 414 951 corripui,
438 878 489 952 qui
511 876 618 936 libmm
639 878 768 937 auctoris
784 878 885 956 optimi
899 877 1064 939 Ptolemaei
1076 883 1106 937 et
1121 878 1357 939 commentatoris
1372 875 1535 954 Porphyrii,
1557 891 1625 933 mu-

277 962 362 1022 tiluta
384 962 544 1041 particulae
567 963 712 1039 editione,
744 972 857 1024 tantum
878 981 938 1025 non
961 982 1135 1045 exponerem
1163 963 1522 1042 penitusque-abolerem,
1553 962 1624 1038 quis

283 1053 382 1129 potius
405 1052 494 1127 igitur
516 1051 659 1127 reliquum
682 1068 788 1130 operae
811 1051 961 1113 dimidium
984 1056 1014 1111 in
1037 1054 1170 1113 versione
1192 1051 1413 1129 Porphyrianae
1435 1050 1626 1129 expositionis

277 1137 489 1216 impenderem,
512 1146 596 1199 notas
619 1141 647 1197 in
671 1141 768 1217 capita
791 1140 841 1200 lib.
856 1140 895 1200 IL
920 1149 950 1202 et
966 1140 1021 1204 Ili.
1043 1138 1161 1200 residua
1183 1139 1395 1201 conscriberem
1417 1145 1448 1198 et
1461 1154 1535 1221 'cum
1550 1135 1624 1196 Por-

279 1225 430 1304 phyrianis
454 1242 578 1302 eumque
599 1227 649 1301 iis,
680 1245 755 1303 quas
778 1228 842 1304 jam
863 1227 960 1289 habeo
990 1229 1170 1305 conscriptas
1198 1228 1227 1285 in
1251 1225 1317 1286 libr.
1340 1225 1395 1285 111.
1423 1242 1498 1305 pene
1521 1231 1624 1297 totum,

279 1313 503 1390 coniungerem,
528 1321 560 1373 ut
582 1316 624 1374 ita
646 1331 721 1391 opus
742 1316 904 1391 integretur·
925 1325 954 1376 et
975 1333 1035 1392 qua
1056 1322 1140 1391 parte
1163 1320 1268 1387 exstat,
1292 1312 1530 1375 Graecolctinnm
1552 1309 1624 1370 eda·
1723 1310 1727 1327 ¹

278 1400 348 1461 tur?
391 1400 487 1476 Quam
517 1401 555 1461 ad
582 1401 739 1463 editionem
770 1402 851 1462 aliud
881 1410 996 1481 tempus
1026 1403 1160 1478 aliusque
1188 1399 1272 1463 locus
1302 1403 1457 1478 requiritur
1484 1408 1514 1460 et
1535 1407 1624 1478 typo·

277 1487 407 1566 graphas
428 1488 562 1549 idoneus.
1342 1524 1349 1529 -

365 1575 410 1636 Ne
435 1592 502 1636 vero
525 1575 597 1652 quid
618 1593 727 1651 eorum,
751 1593 830 1654 quae
848 1595 937 1654 snpra
958 1591 1024 1638 snm
1046 1576 1206 1655 pollicitus,
1234 1578 1352 1654 penitus
1373 1573 1531 1637 desiderari
1554 1589 1625 1652 pos·

277 1670 324 1724 set
345 1681 364 1723 a
385 1662 509 1738 lectore,
538 1671 571 1722 ut
592 1663 699 1725 nevel
723 1665 752 1722 in
774 1664 830 1724 hac
852 1665 957 1725 ultima
978 1671 1059 1744 parte
1083 1663 1198 1724 deesset
1225 1662 1337 1740 aliquid
1366 1664 1404 1723 ad
1427 1661 1625 1737 integritatem

277 1768 331 1810 sen
353 1751 391 1809 ad
414 1750 574 1812 faciliorem
604 1750 785 1839 intellectum
813 1755 909 1830 operis
940 1755 997 1813 mci
1018 1752 1204 1822 Hermionici,
1237 1768 1293 1829 age
1322 1754 1450 1831 capitum
1480 1749 1547 1812 libri
1568 1748 1623 1808 ΙΙΙ.

278 1837 441 1899 Ptolemaei
468 1838 569 1898 tibulos
592 1839 756 1900 exscribam
784 1856 908 1915 cumque
930 1838 1011 1901 locis
1025 1841 1088 1900 suis
1118 1842 1147 1897 in
1170 1854 1258 1916 opere
1279 1855 1345 1900 meo
1367 1836 1561 1917 comparabo,
1595 1844 1625 1896 ct

279 1925 350 2003 quid
372 1927 403 1984 iu
425 1927 502 1987 notis
524 1927 597 1986 meis
619 1929 703 2000 insit,
727 1929 884 1987 summaria
905 1930 1018 1988 ratione
1042 1926 1232 1987 conscribam.

363 2013 492 2072 Primum
516 2029 593 2090 quae
615 2013 803 2075 Ptolemaeus
825 2014 907 2075 libris
921 2014 946 2073 1.
971 2015 1009 2074 [Ι.
1033 2022 1063 2075 et
1084 2016 1167 2074 initio
1191 2015 1269 2074 tertii
1283 2011 1327 2072 de
1349 2012 1518 2071 harmonica
1533 2009 1624 2070 disci-

214 2170 220 2184 Ι
278 2100 361 2179 plina
383 2099 511 2174 tradidit,
535 2102 587 2161 illa
608 2118 663 2180 ego
686 2100 824 2162 methodo
848 2102 916 2175 alia,
939 2100 1019 2162 haud
1041 2101 1131 2180 paulo
1148 2100 1274 2180 diverse,
1296 2099 1370 2159 libro
1387 2115 1452 2159 meo
1467 2097 1522 2157 III.
1543 2114 1625 2157 com·

277 2187 380 2267 plexus
403 2206 477 2248 sum.
524 2188 597 2247 Cum
620 2197 718 2250 autem
741 2188 929 2249 Ptolemaeus
952 2189 1167 2251 harmoniarum
1189 2190 1332 2266 principie
1355 2203 1391 2246 ex
1413 2188 1539 2246 numeris
1554 2184 1625 2243 ahs·

278 2278 378 2335 tractis
400 2283 482 2355 petat
503 2293 570 2335 cum
592 2277 754 2349 veteribus,
779 2294 834 2354 agn
857 2272 1057 2350 conna,”vinr
1079 2277 1206 2338 numeris
1231 2282 1263 2334 ut
1285 2274 1506 2335 numerantibus
1528 2274 1624 2332 inesse

277 2380 407 2440 negans,
438 2379 490 2441 pro
513 2365 549 2421 iis
579 2380 714 2424 numeros
744 2373 926 2437 numeratos,
958 2364 988 2424 id
1011 2372 1056 2426 est
1079 2382 1123 2425 res
1147 2366 1226 2441 ipsas
1257 2365 1384 2423 numeris
1408 2363 1442 2419 iis
1464 2359 1623 2436 subjectas,

276 2451 386 2527 figuras
408 2468 449 2510 sc.
472 2451 577 2528 planas
600 2451 749 2528 regulares
777 2458 807 2511 et
830 2451 930 2513 circuli
953 2452 1113 2512 divisiones
1136 2454 1172 2511 iis
1195 2449 1454 2522 administrandas,
1485 2448 1626 2526 principia

277 2542 410 2599 statuens
432 2538 674 2614 harmonicorum,
698 2541 863 2601 necessario
885 2539 977 2600 libros
999 2541 1023 2603 Ι.
1045 2546 1075 2600 et
1096 2539 1137 2599 Il.
1170 2539 1206 2598 de
1229 2538 1330 2615 figuris
1353 2537 1529 2597 harmonicis
1558 2550 1624 2596 mec

277 2625 353 2685 libro
376 2625 431 2687 ΠΙ.
454 2627 600 2701 praemisi.
642 2678 646 2695 ,

364 2711 433 2773 Jam
446 2711 635 2773 Ptolemaeus
657 2713 731 2773 libro
754 2715 840 2773 tertio
863 2732 928 2792 cap.
952 2715 981 2773 3.
1006 2715 1101 2791 operis
1124 2716 1170 2773 sui
1193 2714 1378 2792 praescripsit
1401 2706 1633 2783 hunctitulnmt

279 2799 343 2860 Sub
372 2800 454 2876 quod
478 2816 574 2875 penna
598 2819 704 2861 rerum
733 2801 893 2878 referenda
921 2805 960 2860 sit
985 2809 1103 2862 notare
1133 2819 1186 2862 seu
1215 2803 1258 2859 nie
1288 2800 1468 2860 harmonica
1504 2799 1626 2872 queque

277 2890 416 2961 emendo,
446 2885 616 2962 osteudens,
648 2886 728 2965 quod
755 2890 794 2947 sit
815 2886 935 2964 aliquod
965 2891 1137 2967 principium
1168 2887 1301 2960 causale,
1330 2885 1468 2958 formale,
1499 2881 1625 2944 mentale

278 2974 412 3051 adeoque
435 2974 581 3048 divinum,
613 2975 692 3051 quod
714 2964 802 3043 iebus
825 2975 960 3035 conciliet
989 2976 1165 3036 harmonias.
1205 2976 1283 3051 'Cap
1308 2975 1337 3033 4.
1375 2972 1464 3051 ουοά
1485 2974 1531 3031 uie
1551 2970 1626 3029 hnc-

276 3065 415 3123 moniccc
436 3066 719 3139 mammaeam
739 3063 879 3127 omnibus
901 3064 989 3123 rebus
1010 3067 1096 3137 insit,
1119 3080 1255 3140 querum
1276 3069 1410 3121 naturae
1430 3060 1535 3119 albori
1554 3075 1626 3133 per-

276 3151 410 3227 feetionis
430 3150 533 3226 produ
554 3153 736 3225 marimum,
759 3159 787 3209 et
809 3150 891 3227 quod
911 3151 944 3210 id
964 3155 1098 3213 morinco
1120 3152 1325 3226 apparentia
1346 3149 1492 3211 humanis
1514 3147 1626 3206 animis

276 3241 370 3314 inque
391 3237 560 3298 coriambus
581 3238 829 3321 revolutionibus.
875 3234 934 3297 Ubi
956 3242 1140 3315 partitionem
1156 3237 1239 3296 vides
1255 3253 1364 3306 eorum,
1387 3252 1464 3311 quae
1478 3233 1628 3294 restabant

278 3324 448 3384 Ptolemaeo
465 3322 612 3400 ‘dicende3
640 3327 767 3401 primum
789 3342 829 3385 sc.
854 3323 890 3384 de
911 3324 1073 3385 harmoniis
1101 3326 1257 3384 inanimis
1279 3323 1492 3393 existentibus,
1518 3336 1626 3379 secun·

278 3413 349 3472 dum
371 3410 407 3472 da
431 3411 590 3471 harmoniis
622 3414 651 3470 in
674 3412 747 3473 coeli
771 3413 908 3472 motibus.
956 3414 991 3472 Et
1019 3413 1055 3472 de
1078 3416 1171 3492 primo
1194 3410 1311 3489 quidem
1336 3418 1498 3486 sequnntur
1529 3409 1627 3495 capita

280 3502 353 3573 tria,
376 3499 566 3559 desecando
589 3498 707 3560 residua
729 3503 826 3577 capita
847 3516 963 3560 novem.
1009 3499 1081 3578 (lap.
1103 3501 1130 3560 h,
1156 3500 1369 3560 Consonantias
1392 3496 1522 3574 singulae
1545 3513 1627 3555 cnm·

277 3594 451 3664 paratuum
475 3586 663 3646 facultatibus
687 3587 802 3647 animae
824 3587 975 3647 rationalis
998 3588 1135 3666 singulis,
1167 3586 1256 3663 idque
1278 3587 1393 3646 concise
1419 3603 1470 3664 per
1493 3582 1627 3646 subdivi-

278 3677 376 3734 siones
398 3677 550 3750 utriusque
573 3690 668 3734 rerum
691 3683 931 3752 comparaturum.
977 3675 1049 3754 Cap.
1074 3678 1102 3736 6.
1134 3673 1251 3735 Genera
1272 3673 1488 3734 harmoniamm
1511 3671 1628 3746 singula

279 3780 346 3822 eum
367 3760 491 3837 singulis
514 3761 671 3836 generibus
692 3772 745 3822 san
768 3761 911 3822 classibus
934 3762 1074 3823 virtutum
1094 3768 1252 3838 comparat
1298 3760 1370 3839 Gap.
1395 3765 1424 3822 i.
1447 3760 1627 3821 Mutationes

278 3858 415 3909 tonorum
438 3866 504 3908 cum
526 3849 735 3911 mutationibus
758 3849 918 3909 studiorum
941 3851 1124 3925 publicorum
1153 3867 1206 3926 per
1228 3858 1390 3927 temporum
1414 3844 1628 3909 dissimilitudi-

278 3954 345 3997 nem
378 3937 513 4011 adeoque
551 3938 640 3997 etiam
673 3953 739 3999 cum
773 3937 985 3997 mutationibus
1018 3939 1174 3999 affectuum
1200 3938 1241 4023 =in
1275 3938 1378 3996 animia
1393 3981 1396 3987 .
1410 3937 1628 3997 subitaneorum

278 4033 436 4101 comparat.
533 4084 537 4089 ,
619 4082 621 4087 ,
1259 4055 1265 4061 -

365 4112 399 4170 In
431 4110 487 4172 hac
508 4117 592 4186 parte
620 4111 712 4171 multa
743 4117 844 4171 contra
865 4109 1069 4171 Ptolemaeum
1093 4110 1227 4189 disputo,
1259 4109 1466 4190 symbolismos
1489 4128 1528 4171 sc
1561 4109 1627 4171 illus

281 4201 435 4278 potissima
457 4205 539 4275 parte
560 4216 620 4259 non
644 4216 708 4260 esse
730 4200 922 4270 necessarios,
944 4215 1000 4258 nec
1021 4198 1154 4259 canadas
1177 4217 1231 4259 nec
1242 4194 1399 4272 naturales,
1422 4197 1473 4259 sed
1498 4201 1628 4277 poeticos

278 4289 378 4364 potius
400 4293 429 4346 et
452 4288 611 4361 oratorios3
643 4303 712 4345 nem
734 4285 816 4360 illas,
848 4303 924 4361 quae
947 4288 1103 4345 inanimis
1133 4289 1245 4362 insunt,
1275 4286 1430 4348 facultates
1453 4295 1481 4345 et
1504 4289 1627 4347 virtutes

278 4373 425 4451 speciales
445 4390 504 4433 non
528 4376 625 4433 sortiri
648 4390 702 4432 nec
723 4374 827 4433 ideem'
842 4390 897 4434 nec
919 4390 1054 4433 numeros
1077 4376 1291 4434 constitutionis
1313 4391 1384 4433 snae
1413 4392 1448 4435 ex
1470 4374 1628 4433 harmoniis

280 4469 424 4537 tanquam
447 4477 482 4519 ex
504 4461 672 4539 archetypo,
697 4461 748 4521 sed
772 4460 881 4521 hahere
904 4478 1009 4521 canses
1033 4460 1106 4521 alias
1129 4462 1278 4523 consessas
1302 4468 1353 4520 ant
1369 4460 1533 4531 evidentes,
1557 4464 1627 4537 qnin

278 4566 315 4610 nc
342 4547 460 4626 quidem
489 4549 665 4625 respondere
696 4548 733 4608 ad
765 4564 932 4623 numerum,
962 4548 1013 4608 sed
1042 4549 1129 4625 longe
1152 4550 1286 4625 quaesita
1318 4555 1369 4608 ant
1391 4547 1469 4607 maie
1490 4548 1628 4608 mactata

278 4653 368 4715 opera
397 4636 524 4712 speciem
554 4638 590 4695 iis
621 4637 770 4699 conciliari
802 4635 956 4695 divisionis
984 4636 1265 4714 aequemultiplieis3
1301 4633 1408 4697 multae
1443 4634 1626 4695 abundantes

223 4792 228 4799 ⁴
278 4731 332 4782 ant
353 4722 483 4783 vicissim
506 4720 637 4783 deiectus
661 4721 854 4798 dissimulari3
886 4722 1048 4798 quaedem,
1082 4741 1158 4801 qnae
1181 4724 1276 4781 minus
1299 4721 1470 4795 succedunt,
1499 4722 1626 4783 cunibus

278 4811 368 4889 trahi3
402 4809 529 4891 denique
556 4827 632 4887 quac
661 4813 787 4871 manure
816 4818 846 4872 et
873 4809 1045 4873 dexterrime
1070 4812 1194 4872 invicem
1228 4809 1418 4887 respondent,
1447 4826 1505 4878 non
1528 4817 1627 4873 umen
1738 4850 1742 4855 -
