<?xml version="1.0" encoding="UTF-8"?>
<!DOCTYPE html PUBLIC "-//W3C//DTD XHTML 1.0 Transitional//EN"
    "http://www.w3.org/TR/xhtml1/DTD/xhtml1-transitional.dtd">
<html xmlns="http://www.w3.org/1999/xhtml" xml:lang="en" lang="en">
 <head>
  <title>
</title>
<meta http-equiv="Content-Type" content="text/html;charset=utf-8" />
  <meta name='ocr-system' content='tesseract 3.04.00' />
  <meta name='ocr-capabilities' content='ocr_page ocr_carea ocr_par ocr_line ocrx_word'/>
</head>
<body>
  <div class='ocr_page' id='page_1' title='image "./joanniskepleria29frisgoog_0341.png"; bbox 0 0 3940 5856; ppageno 0'>
   <div class='ocr_carea' id='block_1_1' title="bbox 409 322 1367 435">
    <p class='ocr_par' dir='ltr' id='par_1_1' title="bbox 409 322 1367 435">
     <span class='ocr_line' id='line_1_1' title="bbox 409 322 1367 435; baseline 0.002 -9"><span class='ocrx_word' id='word_1_1' title='bbox 409 375 479 435; x_wconf 75' lang='lat'><strong>820,</strong></span> <span class='ocrx_word' id='word_1_2' title='bbox 795 369 838 424; x_wconf 90' lang='lat' dir='ltr'><strong>De</strong></span> <span class='ocrx_word' id='word_1_3' title='bbox 855 322 977 427; x_wconf 68' lang='lat' dir='ltr'><strong>Motibus</strong></span> <span class='ocrx_word' id='word_1_4' title='bbox 993 368 1169 429; x_wconf 81' lang='lat' dir='ltr'><strong>Pluneturum</strong></span> <span class='ocrx_word' id='word_1_5' title='bbox 1187 367 1367 431; x_wconf 80' lang='lat' dir='ltr'><strong>Harmonlcis.</strong></span> 
     </span>
    </p>
   </div>
   <div class='ocr_carea' id='block_1_2' title="bbox 442 608 1689 788">
    <p class='ocr_par' dir='ltr' id='par_1_2' title="bbox 442 608 1689 788">
     <span class='ocr_line' id='line_1_2' title="bbox 470 608 1180 685; baseline 0.003 -19"><span class='ocrx_word' id='word_1_6' title='bbox 470 617 533 667; x_wconf 80' lang='lat' dir='ltr'><strong>Nem</strong></span> <span class='ocrx_word' id='word_1_7' title='bbox 551 619 573 666; x_wconf 88' lang='lat' dir='ltr'><strong>si</strong></span> <span class='ocrx_word' id='word_1_8' title='bbox 592 616 776 667; x_wconf 87' lang='lat' dir='ltr'><strong>semidiamater</strong></span> <span class='ocrx_word' id='word_1_9' title='bbox 793 617 861 667; x_wconf 89' lang='lat' dir='ltr'><strong>orbis</strong></span> <span class='ocrx_word' id='word_1_10' title='bbox 879 619 972 680; x_wconf 76' lang='lat' dir='ltr'><strong>figurae</strong></span> <span class='ocrx_word' id='word_1_11' title='bbox 990 608 1180 685; x_wconf 86' lang='lat' dir='ltr'><strong>circnmacripti,</strong></span> 
     </span>
     <span class='ocr_line' id='line_1_3' title="bbox 442 704 1689 788; baseline -0.011 -21"><span class='ocrx_word' id='word_1_12' title='bbox 442 736 507 786; x_wconf 79' lang='lat' dir='ltr'><strong>quae</strong></span> <span class='ocrx_word' id='word_1_13' title='bbox 525 728 563 771; x_wconf 79' lang='lat' dir='ltr'><strong>eat</strong></span> <span class='ocrx_word' id='word_1_14' title='bbox 580 721 742 770; x_wconf 71' lang='lat' dir='ltr'><strong>communiter</strong></span> <span class='ocrx_word' id='word_1_15' title='bbox 877 724 949 773; x_wconf 69' lang='grc' dir='ltr'>Τῃῃ,</span> <span class='ocrx_word' id='word_1_16' title='bbox 967 725 1055 774; x_wconf 54' lang='lat' dir='ltr'><strong>pompa,</strong></span> <span class='ocrx_word' id='word_1_17' title='bbox 1072 727 1189 788; x_wconf 60' lang='lat' dir='ltr'><strong>quwpqptq</strong></span> <span class='ocrx_word' id='word_1_18' title='bbox 1324 772 1327 779; x_wconf 65' lang='lat'><strong>,</strong></span> <span class='ocrx_word' id='word_1_19' title='bbox 1347 704 1411 755; x_wconf 79' lang='lat' dir='ltr'><strong>Cum</strong></span> <span class='ocrx_word' id='word_1_20' title='bbox 1430 708 1464 756; x_wconf 89' lang='lat' dir='ltr'><strong>sit</strong></span> <span class='ocrx_word' id='word_1_21' title='bbox 1480 706 1640 755; x_wconf 87' lang='lat' dir='ltr'><strong>intervallum</strong></span> <span class='ocrx_word' id='word_1_22' title='bbox 1659 719 1689 754; x_wconf 82' lang='lat' dir='ltr'><strong>ex</strong></span> 
     </span>
    </p>
   </div>
   <div class='ocr_carea' id='block_1_3' title="bbox 543 777 1593 893">
    <p class='ocr_par' dir='ltr' id='par_1_3' title="bbox 543 777 1593 893">
     <span class='ocr_line' id='line_1_4' title="bbox 543 777 1593 893; baseline 0.002 -19"><span class='ocrx_word' id='word_1_23' title='bbox 543 824 654 893; x_wconf 77' lang='grc'>100000,</span> <span class='ocrx_word' id='word_1_24' title='bbox 811 828 856 874; x_wconf 77' lang='lat' dir='ltr'><strong>dat</strong></span> <span class='ocrx_word' id='word_1_25' title='bbox 968 841 1000 875; x_wconf 83' lang='lat' dir='ltr'><strong>ex</strong></span> <span class='ocrx_word' id='word_1_26' title='bbox 1078 818 1124 891; x_wconf 89' lang='lat' dir='ltr'><strong>pro</strong></span> <span class='ocrx_word' id='word_1_27' title='bbox 1164 830 1208 876; x_wconf 90' lang='lat' dir='ltr'><strong>tiet</strong></span> <span class='ocrx_word' id='word_1_28' title='bbox 1449 777 1593 828; x_wconf 61' lang='lat' dir='ltr'>hmonm&#39;</span> 
     </span>
    </p>
   </div>
   <div class='ocr_carea' id='block_1_4' title="bbox 334 938 1731 1768">
    <p class='ocr_par' dir='ltr' id='par_1_4' title="bbox 334 938 1730 1664">
     <span class='ocr_line' id='line_1_5' title="bbox 442 938 1730 1041; baseline 0.007 -24"><span class='ocrx_word' id='word_1_29' title='bbox 442 963 474 1017; x_wconf 83' lang='grc'><strong>33</strong></span> <span class='ocrx_word' id='word_1_30' title='bbox 491 964 562 1019; x_wconf 73' lang='lat' dir='ltr'><strong>euno</strong></span> <span class='ocrx_word' id='word_1_31' title='bbox 604 1003 788 1021; x_wconf 89' lang='grc'><strong>.....</strong></span> <span class='ocrx_word' id='word_1_32' title='bbox 823 938 897 1020; x_wconf 70' lang='lat' dir='ltr'><strong>ease</strong></span> <span class='ocrx_word' id='word_1_33' title='bbox 964 946 987 1030; x_wconf 71' lang='grc'><strong>3</strong></span> <span class='ocrx_word' id='word_1_34' title='bbox 1033 964 1118 1020; x_wconf 80' lang='grc'>33333</span> <span class='ocrx_word' id='word_1_35' title='bbox 1152 962 1224 1041; x_wconf 69' lang='lat' dir='ltr'><strong>arar</strong></span> <span class='ocrx_word' id='word_1_36' title='bbox 1337 965 1459 1021; x_wconf 79' lang='grc'>33333333</span> <span class='ocrx_word' id='word_1_37' title='bbox 1499 980 1506 991; x_wconf 78' lang='lat'><em>-</em></span> <span class='ocrx_word' id='word_1_38' title='bbox 1565 948 1601 1035; x_wconf 75' lang='lat' dir='ltr'><strong>‘li</strong></span> <span class='ocrx_word' id='word_1_39' title='bbox 1661 969 1730 1028; x_wconf 79' lang='grc'>3333</span> 
     </span>
     <span class='ocr_line' id='line_1_6' title="bbox 442 1048 1727 1149; baseline 0.009 -29"><span class='ocrx_word' id='word_1_40' title='bbox 442 1065 658 1122; x_wconf 70' lang='lat' dir='ltr'><strong>retentans.</strong></span> <span class='ocrx_word' id='word_1_41' title='bbox 695 1107 701 1118; x_wconf 92' lang='grc'><strong>.</strong></span> <span class='ocrx_word' id='word_1_42' title='bbox 737 1109 744 1122; x_wconf 93' lang='grc'><strong>.</strong></span> <span class='ocrx_word' id='word_1_43' title='bbox 781 1106 789 1121; x_wconf 92' lang='grc'><strong>.</strong></span> <span class='ocrx_word' id='word_1_44' title='bbox 825 1069 894 1126; x_wconf 71' lang='lat' dir='ltr'><strong>aare</strong></span> <span class='ocrx_word' id='word_1_45' title='bbox 962 1048 1119 1135; x_wconf 72' lang='grc'>1133333</span> <span class='ocrx_word' id='word_1_46' title='bbox 1157 1068 1224 1124; x_wconf 76' lang='lat' dir='ltr'><strong>reta</strong></span> <span class='ocrx_word' id='word_1_47' title='bbox 1336 1070 1482 1149; x_wconf 71' lang='grc'>33333333</span> <span class='ocrx_word' id='word_1_48' title='bbox 1567 1063 1592 1124; x_wconf 78' lang='lat' dir='ltr'><strong>d</strong></span> <span class='ocrx_word' id='word_1_49' title='bbox 1662 1077 1727 1133; x_wconf 88' lang='grc'>3333</span> 
     </span>
     <span class='ocr_line' id='line_1_7' title="bbox 443 1161 1730 1246; baseline 0.011 -22"><span class='ocrx_word' id='word_1_50' title='bbox 443 1170 474 1224; x_wconf 83' lang='lat' dir='ltr'><strong>n</strong></span> <span class='ocrx_word' id='word_1_51' title='bbox 494 1170 700 1226; x_wconf 73' lang='grc'>3333333333.</span> <span class='ocrx_word' id='word_1_52' title='bbox 738 1210 744 1225; x_wconf 94' lang='grc'><strong><em>.</em></strong></span> <span class='ocrx_word' id='word_1_53' title='bbox 780 1210 787 1224; x_wconf 96' lang='grc'><strong>.</strong></span> <span class='ocrx_word' id='word_1_54' title='bbox 825 1175 892 1229; x_wconf 84' lang='grc'>3331</span> <span class='ocrx_word' id='word_1_55' title='bbox 965 1161 1119 1230; x_wconf 74' lang='lat' dir='ltr'><strong>diersa</strong></span> <span class='ocrx_word' id='word_1_56' title='bbox 1157 1176 1224 1231; x_wconf 87' lang='lat' dir='ltr'><strong>nco</strong></span> <span class='ocrx_word' id='word_1_57' title='bbox 1337 1175 1476 1245; x_wconf 77' lang='grc'>33333333</span> <span class='ocrx_word' id='word_1_58' title='bbox 1563 1162 1590 1246; x_wconf 74' lang='grc' dir='ltr'>ὅ</span> <span class='ocrx_word' id='word_1_59' title='bbox 1660 1184 1730 1238; x_wconf 82' lang='grc'>3313</span> 
     </span>
     <span class='ocr_line' id='line_1_8' title="bbox 442 1260 1729 1349; baseline 0.002 -17"><span class='ocrx_word' id='word_1_60' title='bbox 442 1277 474 1332; x_wconf 91' lang='lat' dir='ltr'><strong>In</strong></span> <span class='ocrx_word' id='word_1_61' title='bbox 492 1275 657 1333; x_wconf 86' lang='lat' dir='ltr'><strong>icosiedro.</strong></span> <span class='ocrx_word' id='word_1_62' title='bbox 694 1318 701 1332; x_wconf 88' lang='lat'>.</span> <span class='ocrx_word' id='word_1_63' title='bbox 739 1318 745 1332; x_wconf 92' lang='lat'><em>.</em></span> <span class='ocrx_word' id='word_1_64' title='bbox 783 1315 788 1327; x_wconf 85' lang='lat'><em>-</em></span> <span class='ocrx_word' id='word_1_65' title='bbox 842 1277 893 1334; x_wconf 83' lang='lat'><strong>983</strong></span> <span class='ocrx_word' id='word_1_66' title='bbox 962 1260 1017 1342; x_wconf 74' lang='grc' dir='ltr'><strong><em>ὃ</em></strong></span> <span class='ocrx_word' id='word_1_67' title='bbox 1032 1278 1119 1335; x_wconf 80' lang='grc'>19465</span> <span class='ocrx_word' id='word_1_68' title='bbox 1171 1279 1220 1334; x_wconf 87' lang='grc'><strong>781</strong></span> <span class='ocrx_word' id='word_1_69' title='bbox 1338 1278 1476 1349; x_wconf 81' lang='grc'>3313311313</span> <span class='ocrx_word' id='word_1_70' title='bbox 1563 1264 1589 1345; x_wconf 71' lang='grc' dir='ltr'><strong>Ω</strong></span> <span class='ocrx_word' id='word_1_71' title='bbox 1678 1288 1729 1345; x_wconf 71' lang='grc'><strong>726</strong></span> 
     </span>
     <span class='ocr_line' id='line_1_9' title="bbox 334 1369 1730 1455; baseline 0.011 -22"><span class='ocrx_word' id='word_1_72' title='bbox 334 1413 339 1423; x_wconf 75' lang='grc'>.</span> <span class='ocrx_word' id='word_1_73' title='bbox 441 1380 474 1433; x_wconf 90' lang='lat' dir='ltr'><strong>In</strong></span> <span class='ocrx_word' id='word_1_74' title='bbox 492 1380 588 1436; x_wconf 77' lang='grc'>33333</span> <span class='ocrx_word' id='word_1_75' title='bbox 607 1419 787 1437; x_wconf 91' lang='grc'><strong>.....</strong></span> <span class='ocrx_word' id='word_1_76' title='bbox 825 1382 892 1440; x_wconf 84' lang='grc'>3334</span> <span class='ocrx_word' id='word_1_77' title='bbox 964 1373 990 1433; x_wconf 76' lang='lat' dir='ltr'><strong>o</strong></span> <span class='ocrx_word' id='word_1_78' title='bbox 1031 1382 1117 1439; x_wconf 82' lang='grc'>33333</span> <span class='ocrx_word' id='word_1_79' title='bbox 1172 1383 1224 1439; x_wconf 82' lang='grc'><strong>333</strong></span> <span class='ocrx_word' id='word_1_80' title='bbox 1338 1384 1475 1455; x_wconf 83' lang='lat' dir='ltr'><strong>apheliun</strong></span> <span class='ocrx_word' id='word_1_81' title='bbox 1564 1369 1630 1453; x_wconf 66' lang='grc' dir='ltr'><strong>φ’</strong></span> <span class='ocrx_word' id='word_1_82' title='bbox 1679 1392 1730 1449; x_wconf 84' lang='grc'><strong>333</strong></span> 
     </span>
     <span class='ocr_line' id='line_1_10' title="bbox 442 1469 1728 1569; baseline 0.004 -29"><span class='ocrx_word' id='word_1_83' title='bbox 442 1485 656 1569; x_wconf 76' lang='grc'>3333333333.</span> <span class='ocrx_word' id='word_1_84' title='bbox 692 1528 700 1541; x_wconf 93' lang='grc'><strong>.</strong></span> <span class='ocrx_word' id='word_1_85' title='bbox 737 1526 788 1542; x_wconf 92' lang='grc'><strong>..</strong></span> <span class='ocrx_word' id='word_1_86' title='bbox 842 1487 893 1543; x_wconf 84' lang='grc'><strong>331</strong></span> <span class='ocrx_word' id='word_1_87' title='bbox 963 1469 989 1551; x_wconf 73' lang='grc' dir='ltr'><strong>Ω</strong></span> <span class='ocrx_word' id='word_1_88' title='bbox 1034 1487 1120 1544; x_wconf 80' lang='grc'>33335</span> <span class='ocrx_word' id='word_1_89' title='bbox 1173 1488 1224 1542; x_wconf 77' lang='lat' dir='ltr'><strong>tin</strong></span> <span class='ocrx_word' id='word_1_90' title='bbox 1337 1488 1454 1545; x_wconf 77' lang='grc'>33331333</span> <span class='ocrx_word' id='word_1_91' title='bbox 1563 1474 1589 1560; x_wconf 70' lang='lat' dir='ltr'>Q</span> <span class='ocrx_word' id='word_1_92' title='bbox 1677 1497 1728 1553; x_wconf 79' lang='grc'><strong>333</strong></span> 
     </span>
     <span class='ocr_line' id='line_1_11' title="bbox 442 1577 1730 1664; baseline 0.005 -21"><span class='ocrx_word' id='word_1_93' title='bbox 442 1590 473 1643; x_wconf 87' lang='lat' dir='ltr'><strong>n</strong></span> <span class='ocrx_word' id='word_1_94' title='bbox 490 1589 624 1658; x_wconf 72' lang='grc'>33333333</span> <span class='ocrx_word' id='word_1_95' title='bbox 643 1589 790 1645; x_wconf 77' lang='grc'>333333.</span> <span class='ocrx_word' id='word_1_96' title='bbox 843 1592 894 1649; x_wconf 90' lang='grc'><strong>333</strong></span> <span class='ocrx_word' id='word_1_97' title='bbox 963 1577 989 1660; x_wconf 73' lang='grc' dir='ltr'><strong>Ω</strong></span> <span class='ocrx_word' id='word_1_98' title='bbox 1034 1594 1117 1649; x_wconf 89' lang='grc'>33333</span> <span class='ocrx_word' id='word_1_99' title='bbox 1173 1593 1224 1650; x_wconf 82' lang='grc'><strong>333</strong></span> <span class='ocrx_word' id='word_1_100' title='bbox 1338 1594 1477 1664; x_wconf 60' lang='lat' dir='ltr'><strong>specuum</strong></span> <span class='ocrx_word' id='word_1_101' title='bbox 1563 1578 1589 1663; x_wconf 70' lang='lat' dir='ltr'>Q</span> <span class='ocrx_word' id='word_1_102' title='bbox 1678 1596 1730 1651; x_wconf 84' lang='grc'><strong>333</strong></span> 
     </span>
    </p>

    <p class='ocr_par' dir='ltr' id='par_1_5' title="bbox 745 1679 1731 1768">
     <span class='ocr_line' id='line_1_12' title="bbox 745 1679 1731 1768; baseline 0.004 -18"><span class='ocrx_word' id='word_1_103' title='bbox 745 1694 789 1751; x_wconf 71' lang='grc'><strong>333</strong></span> <span class='ocrx_word' id='word_1_104' title='bbox 840 1698 893 1753; x_wconf 84' lang='grc'><strong>333</strong></span> <span class='ocrx_word' id='word_1_105' title='bbox 962 1679 988 1765; x_wconf 70' lang='lat' dir='ltr'><strong>ii</strong></span> <span class='ocrx_word' id='word_1_106' title='bbox 1033 1700 1118 1755; x_wconf 87' lang='grc'>33333</span> <span class='ocrx_word' id='word_1_107' title='bbox 1173 1698 1226 1754; x_wconf 89' lang='grc'><strong>333</strong></span> <span class='ocrx_word' id='word_1_108' title='bbox 1337 1697 1499 1768; x_wconf 62' lang='lat' dir='ltr'><strong>mesenum</strong></span> <span class='ocrx_word' id='word_1_109' title='bbox 1563 1682 1590 1768; x_wconf 67' lang='lat' dir='ltr'><em>Q</em></span> <span class='ocrx_word' id='word_1_110' title='bbox 1679 1697 1731 1754; x_wconf 87' lang='grc'><strong>333</strong></span> 
     </span>
    </p>
   </div>
   <div class='ocr_carea' id='block_1_5' title="bbox 331 1924 1765 3165">
    <p class='ocr_par' dir='ltr' id='par_1_6' title="bbox 331 1924 1765 3057">
     <span class='ocr_line' id='line_1_13' title="bbox 494 1924 1765 2026; baseline 0.003 -24"><span class='ocrx_word' id='word_1_111' title='bbox 494 1944 589 2005; x_wconf 88' lang='lat' dir='ltr'><strong>Paulo</strong></span> <span class='ocrx_word' id='word_1_112' title='bbox 612 1962 652 2008; x_wconf 78' lang='lat' dir='ltr'><strong>sc</strong></span> <span class='ocrx_word' id='word_1_113' title='bbox 665 1946 751 2017; x_wconf 64' lang='lat' dir='ltr'><strong>⁴inira</strong></span> <span class='ocrx_word' id='word_1_114' title='bbox 783 1946 912 2006; x_wconf 89' lang='lat' dir='ltr'><strong>madium</strong></span> <span class='ocrx_word' id='word_1_115' title='bbox 934 1945 1024 2006; x_wconf 82' lang='lat' dir='ltr'><strong>dosis</strong></span> <span class='ocrx_word' id='word_1_116' title='bbox 1057 1946 1239 2008; x_wconf 85' lang='lat' dir='ltr'><strong>descendunt</strong></span> <span class='ocrx_word' id='word_1_117' title='bbox 1251 1924 1350 2026; x_wconf 67' lang='lat' dir='ltr'><strong>&#39;plana</strong></span> <span class='ocrx_word' id='word_1_118' title='bbox 1380 1948 1502 2021; x_wconf 81' lang='lat' dir='ltr'><strong>cubica3</strong></span> <span class='ocrx_word' id='word_1_119' title='bbox 1534 1965 1594 2008; x_wconf 90' lang='lat' dir='ltr'><strong>non</strong></span> <span class='ocrx_word' id='word_1_120' title='bbox 1616 1946 1703 2025; x_wconf 88' lang='lat' dir='ltr'><strong>plane</strong></span> <span class='ocrx_word' id='word_1_121' title='bbox 1725 1946 1765 2006; x_wconf 87' lang='lat' dir='ltr'><strong>ad</strong></span> 
     </span>
     <span class='ocr_line' id='line_1_14' title="bbox 405 2032 1764 2112; baseline 0.001 -20"><span class='ocrx_word' id='word_1_122' title='bbox 405 2033 502 2108; x_wconf 77' lang='lat' dir='ltr'><strong>ipsum</strong></span> <span class='ocrx_word' id='word_1_123' title='bbox 525 2032 654 2093; x_wconf 89' lang='lat' dir='ltr'><strong>madium</strong></span> <span class='ocrx_word' id='word_1_124' title='bbox 676 2032 811 2099; x_wconf 75' lang='lat' dir='ltr'><strong>Mercurii</strong></span> <span class='ocrx_word' id='word_1_125' title='bbox 840 2035 931 2112; x_wconf 88' lang='lat' dir='ltr'><strong>plana</strong></span> <span class='ocrx_word' id='word_1_126' title='bbox 953 2034 1135 2107; x_wconf 67' lang='lat' dir='ltr'><strong>octaedrica3</strong></span> <span class='ocrx_word' id='word_1_127' title='bbox 1164 2034 1253 2112; x_wconf 87' lang='lat' dir='ltr'><strong>paulo</strong></span> <span class='ocrx_word' id='word_1_128' title='bbox 1283 2036 1358 2094; x_wconf 85' lang='lat' dir='ltr'><strong>inira</strong></span> <span class='ocrx_word' id='word_1_129' title='bbox 1378 2053 1523 2094; x_wconf 87' lang='lat' dir='ltr'><strong>summum</strong></span> <span class='ocrx_word' id='word_1_130' title='bbox 1545 2035 1650 2094; x_wconf 90' lang='lat' dir='ltr'><strong>Martis</strong></span> <span class='ocrx_word' id='word_1_131' title='bbox 1673 2040 1764 2093; x_wconf 90' lang='lat' dir='ltr'><strong>tetra·</strong></span> 
     </span>
     <span class='ocr_line' id='line_1_15' title="bbox 408 2120 1763 2200; baseline 0.001 -22"><span class='ocrx_word' id='word_1_132' title='bbox 408 2120 525 2194; x_wconf 76' lang='lat' dir='ltr'><strong>lidrica3</strong></span> <span class='ocrx_word' id='word_1_133' title='bbox 556 2137 614 2180; x_wconf 92' lang='lat' dir='ltr'><strong>non</strong></span> <span class='ocrx_word' id='word_1_134' title='bbox 644 2120 732 2197; x_wconf 86' lang='lat' dir='ltr'><strong>plane</strong></span> <span class='ocrx_word' id='word_1_135' title='bbox 760 2120 799 2180; x_wconf 91' lang='lat' dir='ltr'><strong>ad</strong></span> <span class='ocrx_word' id='word_1_136' title='bbox 822 2124 918 2200; x_wconf 89' lang='lat' dir='ltr'><strong>ipsum</strong></span> <span class='ocrx_word' id='word_1_137' title='bbox 940 2139 1086 2181; x_wconf 90' lang='lat' dir='ltr'><strong>summum</strong></span> <span class='ocrx_word' id='word_1_138' title='bbox 1109 2122 1231 2183; x_wconf 86' lang='lat' dir='ltr'><strong>Veneris</strong></span> <span class='ocrx_word' id='word_1_139' title='bbox 1257 2121 1351 2183; x_wconf 87' lang='lat' dir='ltr'><strong>latera</strong></span> <span class='ocrx_word' id='word_1_140' title='bbox 1379 2123 1490 2197; x_wconf 87' lang='lat' dir='ltr'><strong>echini;</strong></span> <span class='ocrx_word' id='word_1_141' title='bbox 1520 2122 1608 2199; x_wconf 73' lang='lat' dir='ltr'><strong>longe</strong></span> <span class='ocrx_word' id='word_1_142' title='bbox 1631 2139 1701 2181; x_wconf 86' lang='lat' dir='ltr'><strong>vcro</strong></span> <span class='ocrx_word' id='word_1_143' title='bbox 1725 2121 1763 2181; x_wconf 88' lang='lat' dir='ltr'><strong>ab</strong></span> 
     </span>
     <span class='ocr_line' id='line_1_16' title="bbox 409 2207 1764 2288; baseline 0.001 -22"><span class='ocrx_word' id='word_1_144' title='bbox 409 2207 528 2286; x_wconf 88' lang='lat' dir='ltr'><strong>aphelio</strong></span> <span class='ocrx_word' id='word_1_145' title='bbox 551 2207 678 2267; x_wconf 75' lang='lat' dir='ltr'>Telluris</span> <span class='ocrx_word' id='word_1_146' title='bbox 701 2207 941 2286; x_wconf 84' lang='lat' dir='ltr'><strong>deficiuntplana</strong></span> <span class='ocrx_word' id='word_1_147' title='bbox 954 2207 1145 2284; x_wconf 75' lang='lat' dir='ltr'><strong>dodecaddri3</strong></span> <span class='ocrx_word' id='word_1_148' title='bbox 1168 2209 1361 2288; x_wconf 74' lang='lat' dir='ltr'><strong>longaeuum</strong></span> <span class='ocrx_word' id='word_1_149' title='bbox 1383 2217 1413 2269; x_wconf 90' lang='lat' dir='ltr'><strong>et</strong></span> <span class='ocrx_word' id='word_1_150' title='bbox 1427 2210 1486 2271; x_wconf 89' lang='lat' dir='ltr'><strong>lere</strong></span> <span class='ocrx_word' id='word_1_151' title='bbox 1510 2209 1764 2288; x_wconf 75' lang='lat' dir='ltr'><strong>proportionaliter</strong></span> 
     </span>
     <span class='ocr_line' id='line_1_17' title="bbox 407 2294 1761 2383; baseline 0.001 -30"><span class='ocrx_word' id='word_1_152' title='bbox 407 2296 446 2355; x_wconf 90' lang='lat' dir='ltr'><strong>ab</strong></span> <span class='ocrx_word' id='word_1_153' title='bbox 469 2294 727 2374; x_wconf 82' lang='lat' dir='ltr'><strong>aphelioVeneris</strong></span> <span class='ocrx_word' id='word_1_154' title='bbox 749 2296 839 2372; x_wconf 81' lang='lat' dir='ltr'><strong>plana</strong></span> <span class='ocrx_word' id='word_1_155' title='bbox 862 2296 1012 2373; x_wconf 83' lang='lat' dir='ltr'><strong>icosiedri3</strong></span> <span class='ocrx_word' id='word_1_156' title='bbox 1036 2297 1166 2360; x_wconf 80' lang='lat' dir='ltr'><strong>octaedri</strong></span> <span class='ocrx_word' id='word_1_157' title='bbox 1181 2297 1308 2375; x_wconf 89' lang='lat' dir='ltr'><strong>denique</strong></span> <span class='ocrx_word' id='word_1_158' title='bbox 1323 2296 1498 2374; x_wconf 88' lang='lat' dir='ltr'><strong>quadratum</strong></span> <span class='ocrx_word' id='word_1_159' title='bbox 1520 2298 1608 2377; x_wconf 86' lang='lat' dir='ltr'><strong>plana</strong></span> <span class='ocrx_word' id='word_1_160' title='bbox 1630 2299 1761 2383; x_wconf 89' lang='lat' dir='ltr'><strong>ineptum</strong></span> 
     </span>
     <span class='ocr_line' id='line_1_18' title="bbox 408 2382 1763 2462; baseline -0.001 -20"><span class='ocrx_word' id='word_1_161' title='bbox 408 2390 462 2456; x_wconf 90' lang='lat' dir='ltr'><strong>est,</strong></span> <span class='ocrx_word' id='word_1_162' title='bbox 484 2398 540 2442; x_wconf 89' lang='lat' dir='ltr'><strong>nec</strong></span> <span class='ocrx_word' id='word_1_163' title='bbox 561 2383 681 2459; x_wconf 82' lang='lat' dir='ltr'><strong>injuria3</strong></span> <span class='ocrx_word' id='word_1_164' title='bbox 705 2400 773 2442; x_wconf 89' lang='lat' dir='ltr'><strong>nam</strong></span> <span class='ocrx_word' id='word_1_165' title='bbox 796 2385 867 2460; x_wconf 87' lang='lat' dir='ltr'><strong>qnid</strong></span> <span class='ocrx_word' id='word_1_166' title='bbox 888 2384 994 2462; x_wconf 78' lang='lat' dir='ltr'><strong>planae</strong></span> <span class='ocrx_word' id='word_1_167' title='bbox 1015 2384 1127 2462; x_wconf 81' lang='lat' dir='ltr'><strong>figurae</strong></span> <span class='ocrx_word' id='word_1_168' title='bbox 1151 2385 1224 2447; x_wconf 90' lang='lat' dir='ltr'><strong>inter</strong></span> <span class='ocrx_word' id='word_1_169' title='bbox 1246 2384 1379 2446; x_wconf 78' lang='lat' dir='ltr'><strong>solidas?</strong></span> <span class='ocrx_word' id='word_1_170' title='bbox 1414 2383 1505 2443; x_wconf 85' lang='lat' dir='ltr'><strong>Vides</strong></span> <span class='ocrx_word' id='word_1_171' title='bbox 1527 2388 1625 2462; x_wconf 80' lang='lat' dir='ltr'><strong>igitur,</strong></span> <span class='ocrx_word' id='word_1_172' title='bbox 1648 2386 1673 2443; x_wconf 87' lang='lat' dir='ltr'><strong>si</strong></span> <span class='ocrx_word' id='word_1_173' title='bbox 1695 2382 1763 2460; x_wconf 89' lang='lat' dir='ltr'><strong>pla-</strong></span> 
     </span>
     <span class='ocr_line' id='line_1_19' title="bbox 409 2469 1762 2550; baseline 0.001 -22"><span class='ocrx_word' id='word_1_174' title='bbox 409 2478 544 2529; x_wconf 88' lang='lat' dir='ltr'><strong>netamm</strong></span> <span class='ocrx_word' id='word_1_175' title='bbox 566 2470 721 2530; x_wconf 82' lang='lat' dir='ltr'><strong>intervalla</strong></span> <span class='ocrx_word' id='word_1_176' title='bbox 743 2469 923 2533; x_wconf 84' lang='lat' dir='ltr'><strong>deducantur</strong></span> <span class='ocrx_word' id='word_1_177' title='bbox 946 2489 982 2531; x_wconf 87' lang='lat' dir='ltr'><strong>ex</strong></span> <span class='ocrx_word' id='word_1_178' title='bbox 1004 2474 1242 2550; x_wconf 78' lang='lat' dir='ltr'><strong>proportionibus</strong></span> <span class='ocrx_word' id='word_1_179' title='bbox 1265 2471 1441 2531; x_wconf 78' lang='lat' dir='ltr'><strong>harmonicis</strong></span> <span class='ocrx_word' id='word_1_180' title='bbox 1464 2483 1596 2532; x_wconf 87' lang='lat' dir='ltr'><strong>motuum</strong></span> <span class='ocrx_word' id='word_1_181' title='bbox 1618 2471 1762 2531; x_wconf 89' lang='lat' dir='ltr'><strong>hactenus</strong></span> 
     </span>
     <span class='ocr_line' id='line_1_20' title="bbox 331 2552 1761 2636; baseline 0.001 -22"><span class='ocrx_word' id='word_1_182' title='bbox 331 2572 335 2587; x_wconf 59' lang='lat'>⁸</span> <span class='ocrx_word' id='word_1_183' title='bbox 408 2555 622 2630; x_wconf 89' lang='lat' dir='ltr'><strong>demonstratis,</strong></span> <span class='ocrx_word' id='word_1_184' title='bbox 646 2574 766 2619; x_wconf 87' lang='lat' dir='ltr'><strong>necesse</strong></span> <span class='ocrx_word' id='word_1_185' title='bbox 781 2576 855 2633; x_wconf 87' lang='lat' dir='ltr'><strong>esse,</strong></span> <span class='ocrx_word' id='word_1_186' title='bbox 870 2567 903 2619; x_wconf 89' lang='lat' dir='ltr'><strong>at</strong></span> <span class='ocrx_word' id='word_1_187' title='bbox 918 2559 972 2618; x_wconf 87' lang='lat' dir='ltr'><strong>iila</strong></span> <span class='ocrx_word' id='word_1_188' title='bbox 985 2566 1069 2620; x_wconf 82' lang='grc'>13313</span> <span class='ocrx_word' id='word_1_189' title='bbox 1084 2559 1223 2635; x_wconf 76' lang='lat' dir='ltr'><strong>evadant,</strong></span> <span class='ocrx_word' id='word_1_190' title='bbox 1235 2566 1347 2636; x_wconf 87' lang='lat' dir='ltr'><strong>quanta</strong></span> <span class='ocrx_word' id='word_1_191' title='bbox 1365 2559 1422 2619; x_wconf 86' lang='lat' dir='ltr'><strong>hae</strong></span> <span class='ocrx_word' id='word_1_192' title='bbox 1437 2552 1595 2635; x_wconf 83' lang='lat' dir='ltr'><strong>patiuntur,</strong></span> <span class='ocrx_word' id='word_1_193' title='bbox 1617 2576 1675 2619; x_wconf 90' lang='lat' dir='ltr'><strong>non</strong></span> <span class='ocrx_word' id='word_1_194' title='bbox 1692 2575 1761 2618; x_wconf 90' lang='lat' dir='ltr'><strong>vero</strong></span> 
     </span>
     <span class='ocr_line' id='line_1_21' title="bbox 408 2638 1761 2726; baseline 0.001 -23"><span class='ocrx_word' id='word_1_195' title='bbox 408 2651 519 2721; x_wconf 85' lang='lat' dir='ltr'><strong>quanta</strong></span> <span class='ocrx_word' id='word_1_196' title='bbox 541 2638 718 2722; x_wconf 74' lang='lat' dir='ltr'><strong>requirerent</strong></span> <span class='ocrx_word' id='word_1_197' title='bbox 739 2646 822 2723; x_wconf 77' lang='lat' dir='ltr'><strong>leges</strong></span> <span class='ocrx_word' id='word_1_198' title='bbox 845 2647 1042 2726; x_wconf 78' lang='lat' dir='ltr'><strong>inscriptionis</strong></span> <span class='ocrx_word' id='word_1_199' title='bbox 1065 2646 1190 2721; x_wconf 84' lang='lat' dir='ltr'><strong>liberae,</strong></span> <span class='ocrx_word' id='word_1_200' title='bbox 1215 2665 1297 2726; x_wconf 89' lang='lat' dir='ltr'><strong>prop.</strong></span> <span class='ocrx_word' id='word_1_201' title='bbox 1314 2649 1364 2705; x_wconf 79' lang='lat' dir='ltr'><strong>et.</strong></span> <span class='ocrx_word' id='word_1_202' title='bbox 1381 2652 1592 2726; x_wconf 85' lang='lat' dir='ltr'><strong>praescriptae:</strong></span> <span class='ocrx_word' id='word_1_203' title='bbox 1621 2649 1692 2723; x_wconf 87' lang='lat' dir='ltr'><strong>quis</strong></span> <span class='ocrx_word' id='word_1_204' title='bbox 1714 2644 1761 2705; x_wconf 91' lang='lat' dir='ltr'><strong>hic</strong></span> 
     </span>
     <span class='ocr_line' id='line_1_22' title="bbox 407 2720 1760 2814; baseline -0.001 -22"><span class='ocrx_word' id='word_1_205' title='bbox 407 2753 512 2808; x_wconf 75' lang='grc' dir='ltr'><em>κοσμος</em></span> <span class='ocrx_word' id='word_1_206' title='bbox 532 2754 717 2812; x_wconf 70' lang='grc'>3333333333</span> <span class='ocrx_word' id='word_1_207' title='bbox 740 2735 936 2814; x_wconf 88' lang='lat' dir='ltr'><strong>inscriptionis</strong></span> <span class='ocrx_word' id='word_1_208' title='bbox 951 2735 1096 2813; x_wconf 79' lang='lat' dir='ltr'><strong>perfectae</strong></span> <span class='ocrx_word' id='word_1_209' title='bbox 1119 2751 1177 2793; x_wconf 91' lang='lat' dir='ltr'><strong>non</strong></span> <span class='ocrx_word' id='word_1_210' title='bbox 1200 2744 1262 2795; x_wconf 86' lang='lat' dir='ltr'><strong>erat</strong></span> <span class='ocrx_word' id='word_1_211' title='bbox 1278 2733 1403 2813; x_wconf 89' lang='lat' dir='ltr'><strong>amplius</strong></span> <span class='ocrx_word' id='word_1_212' title='bbox 1422 2734 1510 2808; x_wconf 84' lang='lat' dir='ltr'><strong>juxta</strong></span> <span class='ocrx_word' id='word_1_213' title='bbox 1531 2733 1614 2793; x_wconf 87' lang='lat' dir='ltr'><strong>illum</strong></span> <span class='ocrx_word' id='word_1_214' title='bbox 1637 2720 1760 2793; x_wconf 79' lang='lat' dir='ltr'><strong>alterum</strong></span> 
     </span>
     <span class='ocr_line' id='line_1_23' title="bbox 336 2812 1761 2903; baseline -0.001 -24"><span class='ocrx_word' id='word_1_215' title='bbox 336 2896 342 2903; x_wconf 84' lang='lat'><strong><em>.</em></strong></span> <span class='ocrx_word' id='word_1_216' title='bbox 408 2812 688 2896; x_wconf 60' lang='grc'>3333333133331333</span> <span class='ocrx_word' id='word_1_217' title='bbox 709 2817 909 2900; x_wconf 67' lang='grc'>1313333333,</span> <span class='ocrx_word' id='word_1_218' title='bbox 932 2828 966 2882; x_wconf 92' lang='lat' dir='ltr'><strong>ut</strong></span> <span class='ocrx_word' id='word_1_219' title='bbox 989 2820 1095 2881; x_wconf 79' lang='lat' dir='ltr'><strong>Galeni</strong></span> <span class='ocrx_word' id='word_1_220' title='bbox 1119 2823 1216 2882; x_wconf 86' lang='lat' dir='ltr'><strong>verbis</strong></span> <span class='ocrx_word' id='word_1_221' title='bbox 1238 2829 1314 2902; x_wconf 83' lang='lat' dir='ltr'><strong>utar,</strong></span> <span class='ocrx_word' id='word_1_222' title='bbox 1337 2838 1373 2881; x_wconf 82' lang='lat' dir='ltr'><strong>ex</strong></span> <span class='ocrx_word' id='word_1_223' title='bbox 1396 2821 1484 2898; x_wconf 79' lang='lat' dir='ltr'><strong>liujus</strong></span> <span class='ocrx_word' id='word_1_224' title='bbox 1506 2822 1573 2893; x_wconf 83' lang='lat' dir='ltr'><strong>libri</strong></span> <span class='ocrx_word' id='word_1_225' title='bbox 1596 2820 1633 2879; x_wconf 86' lang='lat' dir='ltr'><strong>V.</strong></span> <span class='ocrx_word' id='word_1_226' title='bbox 1656 2822 1761 2880; x_wconf 79' lang='lat' dir='ltr'><strong>tronti-</strong></span> 
     </span>
     <span class='ocr_line' id='line_1_24' title="bbox 408 2906 1760 2991; baseline 0.001 -25"><span class='ocrx_word' id='word_1_227' title='bbox 408 2908 501 2983; x_wconf 90' lang='lat' dir='ltr'><strong>spicio</strong></span> <span class='ocrx_word' id='word_1_228' title='bbox 532 2906 681 2967; x_wconf 87' lang='lat' dir='ltr'><strong>desumtis.</strong></span> <span class='ocrx_word' id='word_1_229' title='bbox 726 2908 855 2969; x_wconf 77' lang='lat' dir='ltr'><strong>Turium</strong></span> <span class='ocrx_word' id='word_1_230' title='bbox 885 2909 923 2991; x_wconf 79' lang='lat' dir='ltr'><strong>ad</strong></span> <span class='ocrx_word' id='word_1_231' title='bbox 957 2908 1197 2970; x_wconf 84' lang='lat' dir='ltr'><strong>dilucidationem</strong></span> <span class='ocrx_word' id='word_1_232' title='bbox 1228 2911 1435 2988; x_wconf 85' lang='lat' dir='ltr'><strong>propositionis</strong></span> <span class='ocrx_word' id='word_1_233' title='bbox 1465 2910 1663 2988; x_wconf 87' lang='lat' dir='ltr'><strong>praescriptae</strong></span> <span class='ocrx_word' id='word_1_234' title='bbox 1696 2912 1760 2987; x_wconf 87' lang='lat' dir='ltr'><strong>ipso</strong></span> 
     </span>
     <span class='ocr_line' id='line_1_25' title="bbox 408 2995 1098 3057; baseline 0.006 -5"><span class='ocrx_word' id='word_1_235' title='bbox 408 3011 594 3055; x_wconf 88' lang='lat' dir='ltr'><strong>numerorum</strong></span> <span class='ocrx_word' id='word_1_236' title='bbox 617 2995 731 3055; x_wconf 89' lang='lat' dir='ltr'><strong>calculo</strong></span> <span class='ocrx_word' id='word_1_237' title='bbox 755 2995 1011 3057; x_wconf 85' lang='lat' dir='ltr'><strong>demonstrandum</strong></span> <span class='ocrx_word' id='word_1_238' title='bbox 1034 2998 1098 3056; x_wconf 83' lang='lat' dir='ltr'><strong>tuit</strong></span> 
     </span>
    </p>

    <p class='ocr_par' dir='ltr' id='par_1_7' title="bbox 493 3080 1760 3165">
     <span class='ocr_line' id='line_1_26' title="bbox 493 3080 1760 3165; baseline 0 -24"><span class='ocrx_word' id='word_1_239' title='bbox 493 3080 559 3141; x_wconf 88' lang='lat' dir='ltr'><strong>Non</strong></span> <span class='ocrx_word' id='word_1_240' title='bbox 582 3080 749 3158; x_wconf 86' lang='lat' dir='ltr'><strong>dissimulo,</strong></span> <span class='ocrx_word' id='word_1_241' title='bbox 781 3086 806 3142; x_wconf 94' lang='lat' dir='ltr'><strong>si</strong></span> <span class='ocrx_word' id='word_1_242' title='bbox 828 3085 1008 3145; x_wconf 80' lang='lat' dir='ltr'><strong>harmoniam</strong></span> <span class='ocrx_word' id='word_1_243' title='bbox 1032 3084 1245 3165; x_wconf 81' lang='lat' dir='ltr'><strong>divergentium</strong></span> <span class='ocrx_word' id='word_1_244' title='bbox 1270 3083 1394 3142; x_wconf 86' lang='lat' dir='ltr'><strong>Veneris</strong></span> <span class='ocrx_word' id='word_1_245' title='bbox 1424 3092 1454 3142; x_wconf 91' lang='grc'><strong>31</strong></span> <span class='ocrx_word' id='word_1_246' title='bbox 1475 3083 1612 3143; x_wconf 87' lang='lat' dir='ltr'><strong>Mercurii</strong></span> <span class='ocrx_word' id='word_1_247' title='bbox 1635 3100 1760 3160; x_wconf 78' lang='lat' dir='ltr'><strong>augeam</strong></span> 
     </span>
    </p>
   </div>
   <div class='ocr_carea' id='block_1_6' title="bbox 406 3171 1862 3249">
    <p class='ocr_par' dir='ltr' id='par_1_8' title="bbox 406 3171 1862 3249">
     <span class='ocr_line' id='line_1_27' title="bbox 406 3171 1862 3249; baseline 0.005 -23"><span class='ocrx_word' id='word_1_248' title='bbox 406 3172 524 3248; x_wconf 87' lang='lat' dir='ltr'><strong>propria</strong></span> <span class='ocrx_word' id='word_1_249' title='bbox 546 3172 732 3247; x_wconf 83' lang='lat' dir='ltr'><strong>proportione</strong></span> <span class='ocrx_word' id='word_1_250' title='bbox 754 3180 887 3230; x_wconf 89' lang='lat' dir='ltr'><strong>motuum</strong></span> <span class='ocrx_word' id='word_1_251' title='bbox 911 3172 1034 3232; x_wconf 86' lang='lat' dir='ltr'><strong>Veneris</strong></span> <span class='ocrx_word' id='word_1_252' title='bbox 1057 3171 1228 3247; x_wconf 89' lang='lat' dir='ltr'><strong>eademque,</strong></span> <span class='ocrx_word' id='word_1_253' title='bbox 1252 3179 1285 3229; x_wconf 92' lang='lat' dir='ltr'><strong>ut</strong></span> <span class='ocrx_word' id='word_1_254' title='bbox 1307 3174 1507 3245; x_wconf 84' lang='lat' dir='ltr'><strong>consequitur,</strong></span> <span class='ocrx_word' id='word_1_255' title='bbox 1538 3175 1667 3231; x_wconf 88' lang='lat' dir='ltr'><strong>minuam</strong></span> <span class='ocrx_word' id='word_1_256' title='bbox 1690 3188 1760 3249; x_wconf 93' lang='lat' dir='ltr'><strong>pro·</strong></span> <span class='ocrx_word' id='word_1_257' title='bbox 1858 3224 1862 3233; x_wconf 76' lang='grc'>,</span> 
     </span>
    </p>
   </div>
   <div class='ocr_carea' id='block_1_7' title="bbox 336 3252 1796 4563">
    <p class='ocr_par' dir='ltr' id='par_1_9' title="bbox 336 3252 1796 4563">
     <span class='ocr_line' id='line_1_28' title="bbox 407 3252 1761 3338; baseline 0.001 -23"><span class='ocrx_word' id='word_1_258' title='bbox 407 3258 501 3336; x_wconf 90' lang='lat' dir='ltr'><strong>priam</strong></span> <span class='ocrx_word' id='word_1_259' title='bbox 524 3256 681 3338; x_wconf 65' lang='lat' dir='ltr'><strong>Mercurii,</strong></span> <span class='ocrx_word' id='word_1_260' title='bbox 707 3266 776 3317; x_wconf 89' lang='lat' dir='ltr'><strong>tnnc</strong></span> <span class='ocrx_word' id='word_1_261' title='bbox 799 3258 914 3336; x_wconf 88' lang='lat' dir='ltr'><strong>prodire</strong></span> <span class='ocrx_word' id='word_1_262' title='bbox 936 3259 1009 3318; x_wconf 88' lang='lat' dir='ltr'><strong>mibi</strong></span> <span class='ocrx_word' id='word_1_263' title='bbox 1030 3276 1083 3337; x_wconf 90' lang='lat' dir='ltr'><strong>per</strong></span> <span class='ocrx_word' id='word_1_264' title='bbox 1104 3259 1180 3320; x_wconf 87' lang='lat' dir='ltr'><strong>banc</strong></span> <span class='ocrx_word' id='word_1_265' title='bbox 1202 3258 1371 3319; x_wconf 88' lang='lat' dir='ltr'><strong>methodum</strong></span> <span class='ocrx_word' id='word_1_266' title='bbox 1395 3257 1550 3318; x_wconf 84' lang='lat' dir='ltr'><strong>intervalla</strong></span> <span class='ocrx_word' id='word_1_267' title='bbox 1571 3252 1707 3318; x_wconf 64' lang='lat' dir='ltr'><strong>Mercurii</strong></span> <span class='ocrx_word' id='word_1_268' title='bbox 1731 3266 1761 3317; x_wconf 91' lang='grc'><strong>31</strong></span> 
     </span>
     <span class='ocr_line' id='line_1_29' title="bbox 408 3344 1760 3426; baseline 0 -23"><span class='ocrx_word' id='word_1_269' title='bbox 408 3344 486 3404; x_wconf 84' lang='lat' dir='ltr'><strong>Solis</strong></span> <span class='ocrx_word' id='word_1_270' title='bbox 508 3347 573 3419; x_wconf 88' lang='lat' dir='ltr'><strong>ista,</strong></span> <span class='ocrx_word' id='word_1_271' title='bbox 598 3346 670 3419; x_wconf 81' lang='grc'>469,</span> <span class='ocrx_word' id='word_1_272' title='bbox 695 3346 770 3424; x_wconf 84' lang='grc'>388,</span> <span class='ocrx_word' id='word_1_273' title='bbox 793 3348 865 3419; x_wconf 82' lang='grc'>301,</span> <span class='ocrx_word' id='word_1_274' title='bbox 890 3364 966 3422; x_wconf 87' lang='lat' dir='ltr'><strong>qnae</strong></span> <span class='ocrx_word' id='word_1_275' title='bbox 982 3345 1069 3406; x_wconf 86' lang='lat' dir='ltr'><strong>valde</strong></span> <span class='ocrx_word' id='word_1_276' title='bbox 1091 3348 1222 3426; x_wconf 84' lang='lat' dir='ltr'><strong>praecise</strong></span> <span class='ocrx_word' id='word_1_277' title='bbox 1245 3355 1497 3425; x_wconf 87' lang='lat' dir='ltr'><strong>repraesentantur</strong></span> <span class='ocrx_word' id='word_1_278' title='bbox 1518 3347 1557 3405; x_wconf 90' lang='lat' dir='ltr'><strong>ab</strong></span> <span class='ocrx_word' id='word_1_279' title='bbox 1572 3347 1760 3406; x_wconf 89' lang='lat' dir='ltr'><strong>astronomia.</strong></span> 
     </span>
     <span class='ocr_line' id='line_1_30' title="bbox 356 3431 1761 3512; baseline 0.001 -22"><span class='ocrx_word' id='word_1_280' title='bbox 356 3504 359 3510; x_wconf 27' lang='lat'><strong>⁴</strong></span> <span class='ocrx_word' id='word_1_281' title='bbox 410 3432 451 3491; x_wconf 82' lang='lat' dir='ltr'><strong>At</strong></span> <span class='ocrx_word' id='word_1_282' title='bbox 472 3434 565 3510; x_wconf 93' lang='lat' dir='ltr'><strong>primo</strong></span> <span class='ocrx_word' id='word_1_283' title='bbox 589 3431 812 3492; x_wconf 87' lang='lat' dir='ltr'><strong>diminutionem</strong></span> <span class='ocrx_word' id='word_1_284' title='bbox 843 3433 924 3493; x_wconf 90' lang='lat' dir='ltr'><strong>illam</strong></span> <span class='ocrx_word' id='word_1_285' title='bbox 952 3451 1010 3495; x_wconf 90' lang='lat' dir='ltr'><strong>non</strong></span> <span class='ocrx_word' id='word_1_286' title='bbox 1044 3451 1163 3512; x_wconf 90' lang='lat' dir='ltr'><strong>possum</strong></span> <span class='ocrx_word' id='word_1_287' title='bbox 1193 3432 1346 3493; x_wconf 80' lang='lat' dir='ltr'><strong>defendere</strong></span> <span class='ocrx_word' id='word_1_288' title='bbox 1376 3434 1538 3493; x_wconf 89' lang='lat' dir='ltr'><strong>rationibus</strong></span> <span class='ocrx_word' id='word_1_289' title='bbox 1567 3433 1761 3508; x_wconf 81' lang='lat' dir='ltr'><strong>harmonicis3</strong></span> 
     </span>
     <span class='ocr_line' id='line_1_31' title="bbox 407 3519 1762 3599; baseline 0 -22"><span class='ocrx_word' id='word_1_290' title='bbox 407 3536 465 3578; x_wconf 91' lang='lat' dir='ltr'><strong>non</strong></span> <span class='ocrx_word' id='word_1_291' title='bbox 489 3521 566 3578; x_wconf 89' lang='lat' dir='ltr'><strong>enim</strong></span> <span class='ocrx_word' id='word_1_292' title='bbox 589 3519 746 3598; x_wconf 86' lang='lat' dir='ltr'><strong>quadrabit</strong></span> <span class='ocrx_word' id='word_1_293' title='bbox 774 3520 909 3599; x_wconf 88' lang='lat' dir='ltr'><strong>apheliue</strong></span> <span class='ocrx_word' id='word_1_294' title='bbox 932 3521 1068 3581; x_wconf 83' lang='lat' dir='ltr'><strong>Mercurii</strong></span> <span class='ocrx_word' id='word_1_295' title='bbox 1092 3523 1121 3579; x_wconf 88' lang='lat' dir='ltr'><strong>in</strong></span> <span class='ocrx_word' id='word_1_296' title='bbox 1144 3519 1225 3593; x_wconf 87' lang='lat' dir='ltr'><strong>illam</strong></span> <span class='ocrx_word' id='word_1_297' title='bbox 1248 3520 1358 3581; x_wconf 88' lang='lat' dir='ltr'><strong>scalam</strong></span> <span class='ocrx_word' id='word_1_298' title='bbox 1382 3523 1538 3594; x_wconf 86' lang='lat' dir='ltr'><strong>musicam,</strong></span> <span class='ocrx_word' id='word_1_299' title='bbox 1571 3538 1626 3581; x_wconf 92' lang='lat' dir='ltr'><strong>nec</strong></span> <span class='ocrx_word' id='word_1_300' title='bbox 1647 3528 1762 3581; x_wconf 91' lang='lat' dir='ltr'><strong>tenetur</strong></span> 
     </span>
     <span class='ocr_line' id='line_1_32' title="bbox 336 3605 1762 3687; baseline 0.002 -24"><span class='ocrx_word' id='word_1_301' title='bbox 336 3658 338 3663; x_wconf 91' lang='lat'><em>.</em></span> <span class='ocrx_word' id='word_1_302' title='bbox 407 3609 436 3664; x_wconf 93' lang='lat' dir='ltr'><strong>in</strong></span> <span class='ocrx_word' id='word_1_303' title='bbox 460 3605 603 3685; x_wconf 88' lang='lat' dir='ltr'><strong>planetis,</strong></span> <span class='ocrx_word' id='word_1_304' title='bbox 629 3608 773 3685; x_wconf 89' lang='lat' dir='ltr'><strong>oppositis</strong></span> <span class='ocrx_word' id='word_1_305' title='bbox 795 3611 824 3666; x_wconf 92' lang='lat' dir='ltr'><strong>in</strong></span> <span class='ocrx_word' id='word_1_306' title='bbox 847 3609 976 3683; x_wconf 90' lang='lat' dir='ltr'><strong>mundo,</strong></span> <span class='ocrx_word' id='word_1_307' title='bbox 1008 3609 1169 3687; x_wconf 86' lang='lat' dir='ltr'><strong>planetaria</strong></span> <span class='ocrx_word' id='word_1_308' title='bbox 1189 3610 1265 3668; x_wconf 87' lang='lat' dir='ltr'><strong>ratio</strong></span> <span class='ocrx_word' id='word_1_309' title='bbox 1289 3610 1482 3686; x_wconf 83' lang='lat' dir='ltr'><strong>oppositionis</strong></span> <span class='ocrx_word' id='word_1_310' title='bbox 1505 3611 1635 3667; x_wconf 88' lang='lat' dir='ltr'><strong>omnium</strong></span> <span class='ocrx_word' id='word_1_311' title='bbox 1658 3608 1762 3667; x_wconf 90' lang='lat' dir='ltr'><strong>condi·</strong></span> 
     </span>
     <span class='ocr_line' id='line_1_33' title="bbox 406 3694 1762 3773; baseline 0.003 -22"><span class='ocrx_word' id='word_1_312' title='bbox 406 3697 529 3753; x_wconf 88' lang='lat' dir='ltr'><strong>tionum.</strong></span> <span class='ocrx_word' id='word_1_313' title='bbox 576 3694 691 3755; x_wconf 90' lang='lat' dir='ltr'><strong>Deinde</strong></span> <span class='ocrx_word' id='word_1_314' title='bbox 713 3703 810 3756; x_wconf 87' lang='lat' dir='ltr'><strong>motus</strong></span> <span class='ocrx_word' id='word_1_315' title='bbox 832 3695 971 3757; x_wconf 86' lang='lat' dir='ltr'><strong>Mercurii</strong></span> <span class='ocrx_word' id='word_1_316' title='bbox 992 3695 1106 3756; x_wconf 88' lang='lat' dir='ltr'><strong>medius</strong></span> <span class='ocrx_word' id='word_1_317' title='bbox 1129 3696 1249 3756; x_wconf 85' lang='lat' dir='ltr'><strong>diurnus</strong></span> <span class='ocrx_word' id='word_1_318' title='bbox 1281 3695 1313 3755; x_wconf 90' lang='lat' dir='ltr'><strong>fit</strong></span> <span class='ocrx_word' id='word_1_319' title='bbox 1335 3698 1421 3754; x_wconf 89' lang='lat' dir='ltr'><strong>nimis</strong></span> <span class='ocrx_word' id='word_1_320' title='bbox 1444 3713 1567 3772; x_wconf 77' lang='lat' dir='ltr'><strong>magnus</strong></span> <span class='ocrx_word' id='word_1_321' title='bbox 1591 3713 1686 3773; x_wconf 89' lang='lat' dir='ltr'><strong>eoque</strong></span> <span class='ocrx_word' id='word_1_322' title='bbox 1707 3713 1762 3773; x_wconf 88' lang='lat' dir='ltr'><strong>pe·</strong></span> 
     </span>
     <span class='ocr_line' id='line_1_34' title="bbox 407 3780 1761 3861; baseline 0 -21"><span class='ocrx_word' id='word_1_323' title='bbox 407 3781 550 3841; x_wconf 89' lang='lat' dir='ltr'><strong>riodicum</strong></span> <span class='ocrx_word' id='word_1_324' title='bbox 572 3780 711 3842; x_wconf 88' lang='lat' dir='ltr'><strong>Mercurii</strong></span> <span class='ocrx_word' id='word_1_325' title='bbox 734 3792 865 3861; x_wconf 88' lang='lat' dir='ltr'><strong>tempus,</strong></span> <span class='ocrx_word' id='word_1_326' title='bbox 900 3785 979 3860; x_wconf 90' lang='lat' dir='ltr'><strong>qnod</strong></span> <span class='ocrx_word' id='word_1_327' title='bbox 1002 3791 1048 3843; x_wconf 91' lang='lat' dir='ltr'><strong>est</strong></span> <span class='ocrx_word' id='word_1_328' title='bbox 1069 3787 1160 3843; x_wconf 90' lang='lat' dir='ltr'><strong>totius</strong></span> <span class='ocrx_word' id='word_1_329' title='bbox 1182 3786 1380 3843; x_wconf 87' lang='lat' dir='ltr'><strong>astronomiae</strong></span> <span class='ocrx_word' id='word_1_330' title='bbox 1401 3785 1608 3857; x_wconf 90' lang='lat' dir='ltr'><strong>certissimum,</strong></span> <span class='ocrx_word' id='word_1_331' title='bbox 1639 3785 1761 3842; x_wconf 89' lang='lat' dir='ltr'><strong>nimium</strong></span> 
     </span>
     <span class='ocr_line' id='line_1_35' title="bbox 407 3869 1761 3949; baseline -0.001 -20"><span class='ocrx_word' id='word_1_332' title='bbox 407 3870 605 3930; x_wconf 83' lang='lat' dir='ltr'><strong>abbreviatur.</strong></span> <span class='ocrx_word' id='word_1_333' title='bbox 636 3869 742 3946; x_wconf 83' lang='lat' dir='ltr'><strong>Itaque</strong></span> <span class='ocrx_word' id='word_1_334' title='bbox 764 3888 869 3931; x_wconf 86' lang='lat' dir='ltr'><strong>maneo</strong></span> <span class='ocrx_word' id='word_1_335' title='bbox 891 3874 921 3929; x_wconf 92' lang='lat' dir='ltr'><strong>in</strong></span> <span class='ocrx_word' id='word_1_336' title='bbox 945 3869 1050 3949; x_wconf 89' lang='lat' dir='ltr'><strong>politia</strong></span> <span class='ocrx_word' id='word_1_337' title='bbox 1070 3871 1240 3932; x_wconf 82' lang='lat' dir='ltr'><strong>harmonica</strong></span> <span class='ocrx_word' id='word_1_338' title='bbox 1260 3879 1394 3930; x_wconf 91' lang='lat' dir='ltr'><strong>motuum</strong></span> <span class='ocrx_word' id='word_1_339' title='bbox 1416 3870 1464 3930; x_wconf 93' lang='lat' dir='ltr'><strong>hic</strong></span> <span class='ocrx_word' id='word_1_340' title='bbox 1486 3879 1627 3949; x_wconf 86' lang='lat' dir='ltr'><strong>usurpate</strong></span> <span class='ocrx_word' id='word_1_341' title='bbox 1649 3879 1677 3930; x_wconf 90' lang='lat' dir='ltr'><strong>et</strong></span> <span class='ocrx_word' id='word_1_342' title='bbox 1700 3878 1761 3929; x_wconf 90' lang='lat' dir='ltr'><strong>toto</strong></span> 
     </span>
     <span class='ocr_line' id='line_1_36' title="bbox 408 3956 1796 4036; baseline 0.001 -22"><span class='ocrx_word' id='word_1_343' title='bbox 408 3973 473 4035; x_wconf 89' lang='lat' dir='ltr'><strong>cap.</strong></span> <span class='ocrx_word' id='word_1_344' title='bbox 499 3958 529 4017; x_wconf 82' lang='grc'><strong>9.</strong></span> <span class='ocrx_word' id='word_1_345' title='bbox 551 3957 731 4017; x_wconf 77' lang='lat' dir='ltr'><strong>confirmata</strong></span> <span class='ocrx_word' id='word_1_346' title='bbox 775 3957 975 4019; x_wconf 88' lang='lat' dir='ltr'><strong>Vamntamen</strong></span> <span class='ocrx_word' id='word_1_347' title='bbox 1005 3958 1062 4017; x_wconf 91' lang='lat' dir='ltr'><strong>boc</strong></span> <span class='ocrx_word' id='word_1_348' title='bbox 1089 3957 1223 4036; x_wconf 86' lang='lat' dir='ltr'><strong>exemplo</strong></span> <span class='ocrx_word' id='word_1_349' title='bbox 1246 3975 1318 4031; x_wconf 84' lang='lat' dir='ltr'><strong>vos,</strong></span> <span class='ocrx_word' id='word_1_350' title='bbox 1351 3965 1497 4035; x_wconf 87' lang='lat' dir='ltr'><strong>quotquot</strong></span> <span class='ocrx_word' id='word_1_351' title='bbox 1524 3961 1554 4017; x_wconf 91' lang='lat' dir='ltr'><strong>in</strong></span> <span class='ocrx_word' id='word_1_352' title='bbox 1584 3957 1672 4034; x_wconf 88' lang='lat' dir='ltr'><strong>hujus</strong></span> <span class='ocrx_word' id='word_1_353' title='bbox 1693 3956 1762 4017; x_wconf 90' lang='lat' dir='ltr'><strong>libri</strong></span> <span class='ocrx_word' id='word_1_354' title='bbox 1789 3984 1796 3993; x_wconf 54' lang='lat'><strong><em>¹</em></strong></span> 
     </span>
     <span class='ocr_line' id='line_1_37' title="bbox 409 4044 1763 4123; baseline 0.001 -20"><span class='ocrx_word' id='word_1_355' title='bbox 409 4044 567 4105; x_wconf 91' lang='lat' dir='ltr'><strong>lectionem</strong></span> <span class='ocrx_word' id='word_1_356' title='bbox 589 4045 732 4115; x_wconf 88' lang='lat' dir='ltr'><strong>incidetis,</strong></span> <span class='ocrx_word' id='word_1_357' title='bbox 754 4045 969 4107; x_wconf 84' lang='lat' dir='ltr'><strong>mathematicis</strong></span> <span class='ocrx_word' id='word_1_358' title='bbox 992 4045 1153 4123; x_wconf 87' lang='lat' dir='ltr'><strong>disciplinis</strong></span> <span class='ocrx_word' id='word_1_359' title='bbox 1173 4054 1202 4106; x_wconf 88' lang='grc'><strong>31</strong></span> <span class='ocrx_word' id='word_1_360' title='bbox 1216 4064 1347 4106; x_wconf 88' lang='lat' dir='ltr'><strong>summae</strong></span> <span class='ocrx_word' id='word_1_361' title='bbox 1370 4046 1573 4123; x_wconf 89' lang='lat' dir='ltr'><strong>philosophiae</strong></span> <span class='ocrx_word' id='word_1_362' title='bbox 1596 4046 1763 4121; x_wconf 84' lang='lat' dir='ltr'><strong>cognitione</strong></span> 
     </span>
     <span class='ocr_line' id='line_1_38' title="bbox 406 4130 1763 4212; baseline 0 -22"><span class='ocrx_word' id='word_1_363' title='bbox 406 4132 530 4206; x_wconf 87' lang='lat' dir='ltr'><strong>imbuti,</strong></span> <span class='ocrx_word' id='word_1_364' title='bbox 553 4149 654 4192; x_wconf 88' lang='lat' dir='ltr'><strong>omnes</strong></span> <span class='ocrx_word' id='word_1_365' title='bbox 677 4142 821 4209; x_wconf 83' lang='lat' dir='ltr'><strong>provoco:</strong></span> <span class='ocrx_word' id='word_1_366' title='bbox 853 4137 932 4212; x_wconf 80' lang='lat' dir='ltr'><strong>agite</strong></span> <span class='ocrx_word' id='word_1_367' title='bbox 954 4133 1078 4205; x_wconf 87' lang='lat' dir='ltr'><strong>strenui,</strong></span> <span class='ocrx_word' id='word_1_368' title='bbox 1108 4133 1156 4194; x_wconf 85' lang='lat' dir='ltr'><strong>rel</strong></span> <span class='ocrx_word' id='word_1_369' title='bbox 1179 4151 1268 4194; x_wconf 90' lang='lat' dir='ltr'><strong>unam</strong></span> <span class='ocrx_word' id='word_1_370' title='bbox 1291 4151 1326 4194; x_wconf 86' lang='lat' dir='ltr'><strong>ex</strong></span> <span class='ocrx_word' id='word_1_371' title='bbox 1349 4132 1508 4193; x_wconf 87' lang='lat' dir='ltr'><strong>harmoniis</strong></span> <span class='ocrx_word' id='word_1_372' title='bbox 1529 4134 1640 4211; x_wconf 89' lang='lat' dir='ltr'><strong>passim</strong></span> <span class='ocrx_word' id='word_1_373' title='bbox 1664 4130 1763 4209; x_wconf 88' lang='lat' dir='ltr'><strong>appii-</strong></span> 
     </span>
     <span class='ocr_line' id='line_1_39' title="bbox 407 4220 1763 4300; baseline -0.001 -21"><span class='ocrx_word' id='word_1_374' title='bbox 407 4222 481 4279; x_wconf 87' lang='lat' dir='ltr'><strong>catie</strong></span> <span class='ocrx_word' id='word_1_375' title='bbox 504 4220 674 4293; x_wconf 83' lang='lat' dir='ltr'><strong>convellite,</strong></span> <span class='ocrx_word' id='word_1_376' title='bbox 708 4238 775 4280; x_wconf 89' lang='lat' dir='ltr'><strong>cnm</strong></span> <span class='ocrx_word' id='word_1_377' title='bbox 797 4220 857 4281; x_wconf 83' lang='lat' dir='ltr'><strong>alia</strong></span> <span class='ocrx_word' id='word_1_378' title='bbox 878 4221 980 4300; x_wconf 87' lang='lat' dir='ltr'><strong>aliqua</strong></span> <span class='ocrx_word' id='word_1_379' title='bbox 1008 4229 1187 4298; x_wconf 87' lang='lat' dir='ltr'><strong>permutata,</strong></span> <span class='ocrx_word' id='word_1_380' title='bbox 1222 4231 1251 4281; x_wconf 92' lang='lat' dir='ltr'><strong>et</strong></span> <span class='ocrx_word' id='word_1_381' title='bbox 1273 4223 1459 4300; x_wconf 84' lang='lat' dir='ltr'><strong>experimini,</strong></span> <span class='ocrx_word' id='word_1_382' title='bbox 1490 4239 1559 4280; x_wconf 90' lang='lat' dir='ltr'><strong>num</strong></span> <span class='ocrx_word' id='word_1_383' title='bbox 1590 4228 1649 4280; x_wconf 87' lang='lat' dir='ltr'><strong>tam</strong></span> <span class='ocrx_word' id='word_1_384' title='bbox 1672 4236 1763 4298; x_wconf 91' lang='lat' dir='ltr'><strong>prope</strong></span> 
     </span>
     <span class='ocr_line' id='line_1_40' title="bbox 407 4308 1761 4387; baseline -0.001 -21"><span class='ocrx_word' id='word_1_385' title='bbox 407 4308 633 4382; x_wconf 87' lang='lat' dir='ltr'><strong>astronomiam,</strong></span> <span class='ocrx_word' id='word_1_386' title='bbox 657 4324 722 4384; x_wconf 85' lang='lat' dir='ltr'><strong>cap.</strong></span> <span class='ocrx_word' id='word_1_387' title='bbox 745 4309 775 4368; x_wconf 80' lang='lat'><strong>4.</strong></span> <span class='ocrx_word' id='word_1_388' title='bbox 799 4311 1025 4387; x_wconf 84' lang='lat' dir='ltr'><strong>praescriptam,</strong></span> <span class='ocrx_word' id='word_1_389' title='bbox 1049 4312 1193 4369; x_wconf 90' lang='lat' dir='ltr'><strong>accessuri</strong></span> <span class='ocrx_word' id='word_1_390' title='bbox 1217 4311 1295 4382; x_wconf 89' lang='lat' dir='ltr'><strong>sitis,</strong></span> <span class='ocrx_word' id='word_1_391' title='bbox 1329 4309 1376 4368; x_wconf 87' lang='lat' dir='ltr'><strong>rel</strong></span> <span class='ocrx_word' id='word_1_392' title='bbox 1400 4308 1565 4370; x_wconf 90' lang='lat' dir='ltr'><strong>contendite</strong></span> <span class='ocrx_word' id='word_1_393' title='bbox 1588 4308 1761 4378; x_wconf 89' lang='lat' dir='ltr'><strong>rationibus,</strong></span> 
     </span>
     <span class='ocr_line' id='line_1_41' title="bbox 408 4395 1762 4473; baseline 0.001 -21"><span class='ocrx_word' id='word_1_394' title='bbox 408 4411 479 4453; x_wconf 92' lang='lat' dir='ltr'><strong>num</strong></span> <span class='ocrx_word' id='word_1_395' title='bbox 499 4395 606 4456; x_wconf 85' lang='lat' dir='ltr'><strong>melius</strong></span> <span class='ocrx_word' id='word_1_396' title='bbox 628 4401 658 4455; x_wconf 88' lang='grc'><strong>31</strong></span> <span class='ocrx_word' id='word_1_397' title='bbox 681 4397 904 4457; x_wconf 83' lang='lat' dir='ltr'><strong>convenientius</strong></span> <span class='ocrx_word' id='word_1_398' title='bbox 926 4395 1038 4473; x_wconf 88' lang='lat' dir='ltr'><strong>aliquid</strong></span> <span class='ocrx_word' id='word_1_399' title='bbox 1061 4398 1190 4457; x_wconf 88' lang='lat' dir='ltr'><strong>motibus</strong></span> <span class='ocrx_word' id='word_1_400' title='bbox 1214 4397 1391 4457; x_wconf 89' lang='lat' dir='ltr'><strong>coelestibus</strong></span> <span class='ocrx_word' id='word_1_401' title='bbox 1414 4404 1560 4470; x_wconf 85' lang='grc'>33133333,</span> <span class='ocrx_word' id='word_1_402' title='bbox 1591 4395 1762 4473; x_wconf 83' lang='grc'>(1133331113-</span> 
     </span>
     <span class='ocr_line' id='line_1_42' title="bbox 408 4480 1764 4563; baseline 0 -23"><span class='ocrx_word' id='word_1_403' title='bbox 408 4500 476 4543; x_wconf 87' lang='lat' dir='ltr'><strong>nem</strong></span> <span class='ocrx_word' id='word_1_404' title='bbox 499 4499 570 4544; x_wconf 85' lang='lat' dir='ltr'><strong>vero</strong></span> <span class='ocrx_word' id='word_1_405' title='bbox 592 4500 613 4543; x_wconf 89' lang='lat' dir='ltr'><strong>a</strong></span> <span class='ocrx_word' id='word_1_406' title='bbox 634 4500 682 4543; x_wconf 93' lang='lat' dir='ltr'><strong>me</strong></span> <span class='ocrx_word' id='word_1_407' title='bbox 704 4483 866 4543; x_wconf 87' lang='lat' dir='ltr'><strong>adhibitam</strong></span> <span class='ocrx_word' id='word_1_408' title='bbox 889 4485 920 4542; x_wconf 90' lang='lat' dir='ltr'><strong>in</strong></span> <span class='ocrx_word' id='word_1_409' title='bbox 942 4491 1024 4562; x_wconf 88' lang='lat' dir='ltr'><strong>parte</strong></span> <span class='ocrx_word' id='word_1_410' title='bbox 1047 4483 1094 4544; x_wconf 87' lang='lat' dir='ltr'><strong>vel</strong></span> <span class='ocrx_word' id='word_1_411' title='bbox 1118 4491 1180 4545; x_wconf 89' lang='lat' dir='ltr'><strong>toto</strong></span> <span class='ocrx_word' id='word_1_412' title='bbox 1209 4483 1356 4544; x_wconf 87' lang='lat' dir='ltr'><strong>destruere</strong></span> <span class='ocrx_word' id='word_1_413' title='bbox 1379 4484 1508 4559; x_wconf 88' lang='lat' dir='ltr'><strong>possitis.</strong></span> <span class='ocrx_word' id='word_1_414' title='bbox 1555 4480 1701 4563; x_wconf 78' lang='lat' dir='ltr'><strong>Quicquid</strong></span> <span class='ocrx_word' id='word_1_415' title='bbox 1724 4480 1764 4540; x_wconf 91' lang='lat' dir='ltr'><strong>ad</strong></span> 
     </span>
    </p>
   </div>
   <div class='ocr_carea' id='block_1_8' title="bbox 290 4569 1763 4647">
    <p class='ocr_par' dir='ltr' id='par_1_10' title="bbox 290 4569 1763 4647">
     <span class='ocr_line' id='line_1_43' title="bbox 290 4569 1763 4647; baseline -0.001 -19"><span class='ocrx_word' id='word_1_416' title='bbox 290 4580 296 4609; x_wconf 68' lang='grc'><strong>1</strong></span> <span class='ocrx_word' id='word_1_417' title='bbox 406 4569 530 4646; x_wconf 82' lang='lat' dir='ltr'><strong>gloriam</strong></span> <span class='ocrx_word' id='word_1_418' title='bbox 552 4572 724 4646; x_wconf 91' lang='lat' dir='ltr'><strong>pertinuerit</strong></span> <span class='ocrx_word' id='word_1_419' title='bbox 746 4569 913 4631; x_wconf 80' lang='lat' dir='ltr'><strong>conditoris</strong></span> <span class='ocrx_word' id='word_1_420' title='bbox 947 4578 977 4630; x_wconf 90' lang='lat' dir='ltr'><strong>et</strong></span> <span class='ocrx_word' id='word_1_421' title='bbox 1000 4571 1118 4630; x_wconf 87' lang='lat' dir='ltr'><strong>Domini</strong></span> <span class='ocrx_word' id='word_1_422' title='bbox 1152 4574 1259 4646; x_wconf 88' lang='lat' dir='ltr'><strong>nostri,</strong></span> <span class='ocrx_word' id='word_1_423' title='bbox 1293 4570 1323 4629; x_wconf 91' lang='lat' dir='ltr'><strong>id</strong></span> <span class='ocrx_word' id='word_1_424' title='bbox 1351 4588 1445 4646; x_wconf 89' lang='lat' dir='ltr'><strong>aeque</strong></span> <span class='ocrx_word' id='word_1_425' title='bbox 1474 4570 1560 4630; x_wconf 86' lang='lat' dir='ltr'><strong>vobis</strong></span> <span class='ocrx_word' id='word_1_426' title='bbox 1591 4588 1643 4647; x_wconf 94' lang='lat' dir='ltr'><strong>per</strong></span> <span class='ocrx_word' id='word_1_427' title='bbox 1665 4587 1763 4630; x_wconf 87' lang='lat' dir='ltr'><strong>meum</strong></span> 
     </span>
    </p>
   </div>
   <div class='ocr_carea' id='block_1_9' title="bbox 405 4657 1764 4912">
    <p class='ocr_par' dir='ltr' id='par_1_11' title="bbox 405 4657 1764 4912">
     <span class='ocr_line' id='line_1_44' title="bbox 406 4657 1763 4736; baseline 0 -19"><span class='ocrx_word' id='word_1_428' title='bbox 406 4658 485 4717; x_wconf 90' lang='lat' dir='ltr'><strong>hunc</strong></span> <span class='ocrx_word' id='word_1_429' title='bbox 506 4657 614 4719; x_wconf 89' lang='lat' dir='ltr'><strong>librum</strong></span> <span class='ocrx_word' id='word_1_430' title='bbox 635 4658 748 4718; x_wconf 91' lang='lat' dir='ltr'><strong>licitum</strong></span> <span class='ocrx_word' id='word_1_431' title='bbox 771 4667 845 4733; x_wconf 87' lang='lat' dir='ltr'><strong>esto,</strong></span> <span class='ocrx_word' id='word_1_432' title='bbox 868 4674 904 4719; x_wconf 89' lang='lat' dir='ltr'><strong>ac</strong></span> <span class='ocrx_word' id='word_1_433' title='bbox 925 4659 988 4736; x_wconf 89' lang='lat' dir='ltr'><strong>ipse</strong></span> <span class='ocrx_word' id='word_1_434' title='bbox 1004 4657 1152 4719; x_wconf 90' lang='lat' dir='ltr'><strong>licentiam</strong></span> <span class='ocrx_word' id='word_1_435' title='bbox 1175 4658 1245 4717; x_wconf 90' lang='lat' dir='ltr'><strong>mihi</strong></span> <span class='ocrx_word' id='word_1_436' title='bbox 1267 4661 1359 4717; x_wconf 89' lang='lat' dir='ltr'><strong>sumsi</strong></span> <span class='ocrx_word' id='word_1_437' title='bbox 1382 4657 1421 4718; x_wconf 88' lang='lat' dir='ltr'><strong>ad</strong></span> <span class='ocrx_word' id='word_1_438' title='bbox 1443 4657 1520 4719; x_wconf 87' lang='lat' dir='ltr'><strong>hanc</strong></span> <span class='ocrx_word' id='word_1_439' title='bbox 1534 4658 1636 4718; x_wconf 89' lang='lat' dir='ltr'><strong>boram</strong></span> <span class='ocrx_word' id='word_1_440' title='bbox 1658 4675 1763 4734; x_wconf 88' lang='lat' dir='ltr'><strong>nsque,</strong></span> 
     </span>
     <span class='ocr_line' id='line_1_45' title="bbox 405 4744 1764 4824; baseline 0 -20"><span class='ocrx_word' id='word_1_441' title='bbox 405 4744 540 4805; x_wconf 88' lang='lat' dir='ltr'><strong>mutandi</strong></span> <span class='ocrx_word' id='word_1_442' title='bbox 562 4747 673 4823; x_wconf 86' lang='lat' dir='ltr'><strong>passim</strong></span> <span class='ocrx_word' id='word_1_443' title='bbox 694 4745 762 4820; x_wconf 89' lang='lat' dir='ltr'><strong>illa,</strong></span> <span class='ocrx_word' id='word_1_444' title='bbox 797 4763 873 4822; x_wconf 88' lang='lat' dir='ltr'><strong>quae</strong></span> <span class='ocrx_word' id='word_1_445' title='bbox 896 4746 1041 4824; x_wconf 87' lang='lat' dir='ltr'><strong>prioribus</strong></span> <span class='ocrx_word' id='word_1_446' title='bbox 1064 4745 1168 4807; x_wconf 85' lang='lat' dir='ltr'><strong>diebus</strong></span> <span class='ocrx_word' id='word_1_447' title='bbox 1190 4746 1327 4805; x_wconf 87' lang='lat' dir='ltr'><strong>oscitanti</strong></span> <span class='ocrx_word' id='word_1_448' title='bbox 1357 4763 1428 4807; x_wconf 82' lang='lat' dir='ltr'><strong>cara</strong></span> <span class='ocrx_word' id='word_1_449' title='bbox 1449 4745 1500 4807; x_wconf 82' lang='lat' dir='ltr'><strong>rel</strong></span> <span class='ocrx_word' id='word_1_450' title='bbox 1521 4747 1690 4824; x_wconf 87' lang='lat' dir='ltr'><strong>properanti</strong></span> <span class='ocrx_word' id='word_1_451' title='bbox 1712 4762 1764 4805; x_wconf 59' lang='lat' dir='ltr'><strong>are</strong></span> 
     </span>
     <span class='ocr_line' id='line_1_46' title="bbox 407 4832 1203 4912; baseline -0.003 -19"><span class='ocrx_word' id='word_1_452' title='bbox 407 4832 478 4894; x_wconf 92' lang='lat' dir='ltr'><strong>dore</strong></span> <span class='ocrx_word' id='word_1_453' title='bbox 498 4839 686 4912; x_wconf 86' lang='lat' dir='ltr'><strong>praepostere</strong></span> <span class='ocrx_word' id='word_1_454' title='bbox 708 4840 851 4911; x_wconf 85' lang='lat' dir='ltr'><strong>concepta</strong></span> <span class='ocrx_word' id='word_1_455' title='bbox 873 4832 1089 4912; x_wconf 88' lang='lat' dir='ltr'><strong>deprehendere</strong></span> <span class='ocrx_word' id='word_1_456' title='bbox 1111 4833 1203 4912; x_wconf 90' lang='lat' dir='ltr'><strong>potui.</strong></span> 
     </span>
    </p>
   </div>
   <div class='ocr_carea' id='block_1_10' title="bbox 0 0 1975 5856">
    <p class='ocr_par' dir='ltr' id='par_1_12' title="bbox 0 0 1975 5856">
     <span class='ocr_line' id='line_1_47' title="bbox 0 0 1975 5856; baseline 0 0"><span class='ocrx_word' id='word_1_457' title='bbox 0 0 1975 5856; x_wconf 95' lang='lat' dir='ltr'><strong> </strong></span> 
     </span>
    </p>
   </div>
  </div>
 </body>
</html>
