3822 5866
409 383 474 445 tat
926 383 960 437 ln
977 380 1153 436 Harmoniam
1168 377 1267 435 Mundi

314 559 316 567 ’
409 572 537 627 regnum,
560 570 642 624 quam
659 555 836 626 Harmoniail
855 557 1033 625 contesimas,
1061 553 1396 612 discordia'baereditaria
1413 553 1553 609 nationum
1570 552 1758 609 intensissima·

409 654 480 699 rum,
506 650 577 703 quse
595 634 697 690 crebris
715 643 744 691 et
760 635 956 691 cruentissimis
979 635 1102 690 cladibus
1126 634 1231 705 aliquot
1255 632 1407 689 seculorum
1433 632 1529 688 seriem
1547 649 1598 688 ceu
1615 632 1686 688 notis
1704 631 1758 698 qui·

408 714 523 772 busdam
536 714 748 783 interstinxerat,
766 714 920 770 felicissime
932 713 1039 770 sublata
1051 722 1078 767 et
1091 713 1238 769 exstincta:
1259 728 1320 768 cum
1332 713 1414 768 etiam
1425 711 1534 768 titulum
1552 710 1758 769 haereditarium

412 793 586 850 ‹Defensoris
604 792 695 861 fidei»,
724 793 911 850 diversissimis
930 792 1027 846 studiis
1047 791 1387 861 datumusurpatumque,
1414 791 1583 847 retinendum
1602 790 1653 847 tibi
1670 805 1759 845 censo·

409 875 491 929 isses:
510 872 578 926 baec
596 877 624 925 et
642 866 696 926 alie
714 872 791 939 signa
810 888 864 925 non
882 870 966 925 infida
984 871 1051 925 mihi
1069 871 1230 927 ridebantur
1248 871 1368 926 secuturi
1385 871 1496 940 majoris
1515 878 1542 926 et
1558 869 1759 941 praestantioris

410 952 545 1021 etiamque
563 949 735 1005 durabilioris
754 951 844 1018 operis
863 949 916 1016 tui,
935 950 1011 1018 pacis
1030 949 1133 1004 scilicet
1151 950 1327 1006 ecclesiarum
1345 950 1545 1019 procurandae:
1564 949 1637 1020 quod
1656 944 1759 1018 quidem

499 1027 546 1085 idl.
566 1033 599 1082 78
617 1027 663 1083 lin.
681 1034 793 1082 26-30.
814 1070 839 1084 ..
856 1066 881 1081 ..
900 1029 1117 1097 proponebam..
1611 1098 1620 1105 .

496 1105 627 1161 Eirieus
646 1106 755 1174 quidem
774 1112 817 1161 est
834 1113 947 1161 eventus
965 1108 1087 1176 aspirare
1104 1108 1175 1163 rotis
1194 1108 1273 1176 meis,
1293 1123 1353 1163 cum
1371 1107 1398 1160 in
1417 1122 1529 1174 regnum
1547 1112 1624 1162 tuum
1644 1121 1674 1161 se
1691 1119 1760 1159 rece·

411 1189 518 1258 pisseut
534 1184 584 1237 riri
603 1182 656 1239 duo
675 1186 715 1250 (ut
733 1184 767 1243 de
785 1182 846 1238 aliis
864 1184 932 1238 nihil
950 1186 1063 1255 dicem),
1093 1202 1207 1255 quorum
1230 1194 1347 1256 uterque
1372 1186 1512 1247 amentiam
1538 1193 1566 1240 et
1585 1186 1760 1240 eruditionem

408 1265 443 1320 ad
462 1269 567 1319 suumn
584 1277 653 1332 opus
671 1264 861 1333 necessariam,
881 1262 951 1318 alter
969 1272 996 1319 et
1015 1264 1175 1333 dignitatem
1193 1264 1317 1321 attulisse
1329 1264 1414 1320 videri
1425 1265 1530 1333 potuit:
1548 1264 1595 1319 ills
1613 1263 1689 1320 eliud
1706 1261 1761 1331 qui-

408 1342 469 1397 dcm
487 1354 570 1410 agens
589 1347 617 1393 et
634 1354 704 1407 pene
721 1356 811 1395 merus
829 1336 1035 1411 grammaticus,
1062 1342 1167 1399 radium
1184 1349 1283 1397 tanen
1294 1342 1383 1399 emisit
1400 1343 1511 1398 latentis
1528 1342 1632 1398 altioris
1650 1339 1760 1407 consilii,

408 1423 460 1476 iste
478 1418 612 1474 medicum
636 1418 764 1474 sanandis
789 1418 921 1474 ccclesiae
938 1421 1093 1477 vulneribus
1112 1421 1202 1491 palam
1229 1421 1383 1491 professus,
1411 1437 1462 1477 nee
1479 1429 1569 1477 nmen
1588 1420 1678 1476 verbis
1696 1419 1760 1474 adeo

408 1505 533 1568 apertus,
552 1498 619 1567 quin
636 1513 699 1552 rere
718 1501 784 1570 (non
801 1500 890 1554 minus
909 1499 975 1569 iste,
1008 1515 1088 1568 quam
1107 1499 1178 1553 alter
1194 1499 1250 1569 ille)
1269 1499 1332 1569 plus
1350 1498 1467 1569 aliquid,
1490 1515 1570 1570 quam
1591 1498 1706 1572 diceret,
1724 1500 1760 1553 iu·

324 1634 327 1639 ,
407 1591 492 1633 nuere
509 1575 579 1631 velle
596 1576 741 1632 videretur.

495 1660 549 1710 liol.
569 1660 611 1709 78.
629 1658 673 1710 lto.
694 1661 735 1709 13.
754 1658 785 1709 ab
802 1660 881 1710 iuba:
906 1656 1008 1712 verum
1024 1656 1094 1726 prob
1113 1657 1204 1724 dolor,
1232 1656 1331 1713 valnas
1350 1656 1481 1712 ecclesiae
1500 1657 1691 1733 decussatum,
1715 1671 1761 1709 seo

408 1735 548 1792 sacratiori
559 1732 868 1800 felicioriquerocabnlo
883 1736 1050 1805 cruciforme,
1063 1744 1150 1790 tumet
1164 1736 1252 1790 adhuc
1264 1735 1406 1805 multiplici
1419 1736 1504 1804 labro,
1524 1743 1551 1790 et
1569 1734 1644 1795 nullo
1656 1733 1762 1787 illorum

407 1814 567 1871 connivente
579 1810 734 1867 adhucdum
747 1813 823 1868 irrita
834 1815 941 1872 ridetur
953 1832 1014 1871 csse
1025 1817 1094 1877 baec
1107 1831 1174 1871 cure
1184 1822 1212 1871 et
1224 1814 1358 1869 medicale
1368 1814 1482 1885 ingrata.
1495 1815 1534 1870 Et
1545 1815 1610 1885 quid
1623 1814 1728 1879 mirum,
1741 1810 1762 1865 si

406 1894 534 1961 medicus,
553 1907 636 1962 aegro
648 1892 773 1947 deliranti
786 1909 846 1949 sese
858 1896 1074 1958 sccomumdans,
1084 1894 1169 1950 multa
1182 1893 1306 1949 consulto
1319 1892 1409 1962 iaciat,
1422 1894 1511 1958 mults,
1524 1892 1640 1958 simulet,
1658 1907 1730 1962 quae
1746 1905 1762 1943 s

408 1989 475 2027 sana
500 1972 605 2027 ratione
629 1969 775 2039 plurimum
802 1971 1035 2042 abire'videntur‚
1062 1980 1094 2028 ut
1120 1974 1173 2028 hoc
1190 1973 1235 2027 via
1262 1972 1421 2027 medicinam
1446 1972 1544 2028 fallens
1570 1973 1677 2039 ingerat
1703 1987 1762 2024 cum

407 2050 508 2120 ignaris
526 2049 601 2120 anis,
626 2056 685 2103 turn
702 2051 863 2119 praesertim
881 2051 1005 2120 pertibus
1022 2050 1133 2107 nimium
1153 2051 1308 2106 difficilibus
1326 2052 1492 2122 nimiumque
1510 2052 1641 2110 morosis?
1678 2050 1763 2118 Spero

407 2139 512 2208 nmen,
530 2128 619 2183 Deum
636 2125 667 2183 0.
685 2128 741 2198 M„
760 2146 777 2184 a
794 2145 848 2198 quq
866 2146 949 2184 unum
967 2129 1076 2186 iliorum
1094 2130 1202 2200 publice
1220 2129 1320 2187 mondo
1336 2133 1558 2191 'commendatum
1575 2146 1635 2186 esse
1653 2129 1764 2183 incensa

407 2209 487 2281 stella
504 2223 575 2263 nova
592 2222 663 2262 auno
683 2208 760 2263 ttoa.
780 2207 833 2279 lpoc
850 2208 1023 2277 potissimum
1036 2214 1195 2276 argumento
1209 2207 1516 2283 conjicio‚<quiaipsum
1533 2210 1611 2282 illurn
1629 2225 1680 2278 ego
1698 2207 1764 2262 viris

407 2287 545 2346 coloribus
563 2293 606 2341 tot
622 2285 701 2340 aunis
724 2293 869 2354 antequam
897 2286 1019 2354 prodiret
1041 2286 1186 2355 depingere
1210 2286 1290 2357 potui
1307 2285 1335 2341 in
1359 2288 1541 2360 descriptione
1560 2288 1633 2343 illius
1652 2284 1764 2355 stellec;

406 2370 509 2432 Deum,
528 2366 652 2434 inquam,
671 2364 717 2432 qui
736 2362 787 2418 hos
805 2363 874 2418 duos
893 2363 966 2419 viros
983 2364 1067 2419 relati
1085 2365 1285 2423 consolidantia
1302 2373 1395 2423 cerata
1408 2368 1467 2434 J'am
1485 2368 1586 2427 arundo
1603 2364 1765 2422 monstrarit

406 2461 440 2501 ex
458 2452 507 2500 tuo
524 2458 621 2511 remo,
646 2440 777 2511 eundem,
808 2450 840 2496 ut
858 2454 1013 2511 supremum
1031 2443 1166 2499 medicum
1191 2444 1313 2513 artisque
1336 2460 1402 2500 suae
1426 2453 1529 2500 certum
1549 2445 1763 2514 necquicquam

405 2519 710 2591 frustra'applicantem‚
727 2519 784 2587 jam
797 2536 870 2575 nunc
890 2522 970 2575 etiam
982 2521 1114 2576 lenientis
1132 2522 1261 2592 expedire
1279 2523 1314 2576 ed
1327 2522 1533 2593 deprimendum
1551 2532 1697 2592 tumorem,
1718 2528 1765 2577 aut

406 2604 430 2658 si
448 2616 512 2658 caro
529 2598 641 2671 putrida
658 2597 773 2661 etiarn,
792 2599 932 2654 charitatis
950 2615 985 2654 sc.
1007 2601 1169 2670 exstinctae,
1188 2592 1364 2657 succrescens
1381 2602 1496 2672 impedit
1514 2602 1694 2669 timaristo,
1716 2617 1764 2671 per

405 2680 457 2735 bos
474 2680 556 2749 igitur
573 2680 649 2748 ipsos
665 2676 800 2733 tumulos
818 2685 846 2732 et
864 2678 965 2734 similes
984 2681 1053 2736 alios
1071 2679 1205 2736 medicum
1223 2681 1365 2736 erodentia
1382 2681 1535 2750 applicare,
1555 2681 1647 2751 quoad
1663 2680 1763 2749 aliquis

406 2758 507 2814 doloris
524 2772 622 2814 sensus
640 2755 675 2810 ad
693 2755 876 2813 praecernis
895 2757 1110 2827 profunditatem
1129 2759 1284 2814 descendat.

493 2839 553 2906 Ego
572 2852 645 2901 rere,
663 2834 715 2889 etsi
733 2834 802 2890 rotis
821 2835 887 2889 meis
906 2835 940 2891 de
958 2836 1102 2891 concordia
1118 2837 1194 2891 brevi
1212 2837 1345 2892 coalitura
1362 2837 1495 2903 hactenus
1509 2838 1643 2897 excidisse
1661 2838 1764 2909 videor,

405 2926 497 2975 mman
518 2918 573 2973 lroc
595 2916 684 2985 ipsum
702 2914 730 2969 in
748 2915 840 2984 magni
864 2915 988 2970 beneficii
1012 2915 1095 2972 divim
1119 2924 1197 2985 parto
1221 2930 1347 2987 numero,
1372 2915 1447 2985 quod
1464 2931 1520 2971 non
1539 2924 1646 2972 tantum
1664 2925 1763 2986 cetera,

404 3013 475 3067 quae
492 2996 558 3051 mihi
575 2995 686 3050 morunt
703 2993 738 3049 ed
756 2994 953 3051 absolutionem
971 2995 1062 3064 operis
1080 2995 1249 3064 necessaria,
1275 2994 1335 3049 loco
1354 2995 1483 3064 pristino,
1508 2995 1560 3059 sed
1578 2996 1660 3051 etiam
1676 2995 1764 3065 Maie-

405 3082 505 3131 statem
521 3082 612 3141 tuam‚
641 3075 684 3128 cui
701 3073 880 3142 patrocinium
898 3073 988 3143 operis
1010 3080 1066 3128 tam
1085 3074 1133 3129 dio
1149 3081 1232 3128 antea
1250 3073 1396 3139 destinui,
1423 3072 1478 3128 buc
1496 3089 1582 3141 osque
1600 3074 1764 3130 incolumem

405 3161 434 3209 et
446 3153 591 3210 -ttorentem
609 3151 676 3206 ridi:
704 3152 847 3223 audeoquc
872 3154 954 3208 etiem
977 3168 1012 3208 ex
1034 3153 1088 3209 lroc
1111 3161 1210 3209 eventu
1237 3168 1325 3221 exque
1338 3153 1407 3221 'ipso
1430 3152 1620 3208 inventionum
1641 3170 1764 3209 mearum

405 3244 534 3289 successu
552 3232 640 3300 (cujus
659 3232 784 3299 equidem
801 3232 918 3287 felicitas
936 3233 1078 3288 audaciam
1095 3234 1123 3287 io
1137 3232 1293 3301 quaerendo
1306 3231 1387 3300 longe
1399 3234 1521 3300 superat)
1539 3234 1659 3288 ammam
1677 3233 1764 3300 magis

403 3311 544 3380 magisque
561 3324 625 3378 spes
643 3320 730 3379 meas,
757 3311 838 3367 etiarn
857 3319 951 3367 contro
975 3322 1051 3381 spem
1070 3320 1222 3380 susceptas,
1244 3313 1284 3367 de
1305 3327 1375 3382 pace
1392 3310 1567 3366 senissimum
1585 3311 1697 3367 tandem
1716 3310 1764 3367 ali·

405 3390 513 3460 quaudo
531 3388 729 3445 comtituenda.
766 3389 867 3445 Potens
894 3392 965 3445 euim
984 3399 1027 3447 est
1043 3391 1119 3445 Deus
1143 3390 1184 3458 (ut
1201 3391 1241 3445 sic
1258 3406 1294 3445 ex
1317 3390 1388 3446 libro
1404 3405 1466 3445 meo
1483 3390 1518 3444 ‹le
1532 3391 1616 3446 stella
1632 3406 1705 3446 nora
1722 3407 1764 3446 re·

403 3469 519 3538 petam),
546 3484 581 3523 er
598 3467 742 3522 bisetium
762 3469 882 3524 tenebris
907 3469 1060 3538 producere
1082 3468 1179 3523 lucem.
1214 3470 1354 3539 Denique,
1372 3469 1397 3524 si
1413 3485 1464 3524 nos
1483 3471 1574 3524 omnia
1591 3470 1764 3527 desemerint

403 3554 564 3616 argumenta
580 3546 650 3601 bene
669 3545 814 3614 eminendi,
834 3565 888 3603 non
907 3557 998 3603 temen
1018 3548 1138 3603 desinam
1156 3550 1262 3619 a,Deo‚
1288 3548 1366 3619 pacis
1383 3557 1510 3617 camere,
1531 3551 1698 3605 contendere
1718 3551 1764 3606 de·

401 3625 473 3682 rotis
490 3626 630 3695 precibus,
657 3625 697 3679 uti
716 3625 777 3680 Tibi
795 3626 825 3680 et
843 3627 925 3681 vitem
952 3633 980 3680 et
997 3625 1172 3695 Maiestatem
1188 3628 1291 3695 regiam
1309 3635 1421 3683 tueatur
1436 3628 1602 3683 incolumem
1620 3644 1709 3697 nsque
1728 3627 1763 3682 ad

402 3705 479 3761 illum
497 3712 621 3774 optatum
639 3712 779 3774 arentum,
790 3706 850 3760 ubi
867 3705 1041 3761 Harmoniam
1059 3706 1134 3761 illam
1153 3707 1285 3763 ecclesiae
1303 3707 1358 3762 tuis
1376 3705 1463 3775 ipsius
1480 3706 1557 3762 volut
1575 3707 1647 3763 ulnis
1665 3706 1763 3761 loreas

403 3792 431 3840 et
448 3784 603 3854 proterens,
632 3784 784 3840 exclamare
802 3784 904 3853 possis:
929 3786 974 3852 eja
991 3801 1064 3840 nune
1082 3784 1193 3841 modam
1210 3786 1322 3849 exsolve
1343 3799 1451 3841 serrum
1468 3794 1547 3841 tuom
1565 3786 1681 3841 Domine
1699 3802 1762 3840 cum

401 3879 487 3934 pace,
514 3870 659 3933 postquam
678 3861 804 3917 viderunt
824 3863 882 3932 jam
900 3863 973 3918 ocnli
994 3863 1048 3917 mei
1066 3863 1162 3919 salutis
1186 3864 1239 3920 hec
1261 3864 1361 3935 pignus
1384 3866 1567 3930 verissimum,
1596 3882 1651 3935 quo
1668 3866 1762 3919 lumen

402 3951 529 3998 aeterm
551 3934 819 3997 felicitatem-boc
843 3943 929 4013 magis
955 3943 1094 4013 magisque
1118 3944 1253 4001 reveletur
1277 3944 1417 4013 gentibus,
1444 3943 1600 3998 adhucdum
1618 3944 1648 3997 in
1665 3942 1764 3997 umbra

401 4022 497 4075 mortis
515 4019 754 4090 delitescentibus,
783 4028 811 4076 et
829 4037 883 4090 qno
901 4022 1011 4076 tandem
1030 4022 1164 4086 rubescat
1181 4024 1310 4094 orbisque
1328 4030 1462 4080 temamm
1481 4024 1576 4078 oculos
1593 4023 1763 4092 perstringat

402 4099 533 4176 molesme
549 4104 614 4153 tuae
631 4098 725 4169 gloria.

488 4176 600 4251 Interim
619 4181 745 4234 ..eride
761 4194 787 4245 p.
807 4185 849 4235 ts.
868 4183 913 4234 lln.
935 4187 977 4238 10.

1338 4254 1701 4331 ...scamaros

490 4409 559 4475 Viri,
586 4410 931 4474 quossupralisplsrusin
950 4413 1065 4473 ludum
1084 4414 1406 4474 summoconstant,
1434 4417 1494 4462 suot
1512 4413 1638 4471 Antonius
1657 4413 1688 4461 de
1708 4376 1763 4461 Do·

402 4476 685 4543 misinensi.)
709 4487 734 4530 st
761 4482 864 4531 Imauus
882 4480 1060 4545 Carantonus,
1085 4485 1130 4547 qui
1157 4484 1284 4535 aJaeobo
1303 4484 1404 4535 Genera
1422 4481 1563 4535 Londlnum
1593 4489 1697 4535 rombus
1725 4485 1763 4533 ibi

401 4560 504 4597 munere
520 4550 621 4599 isumus
640 4557 678 4601 est
695 4552 832 4603 consiliarii
850 4555 924 4615 segis.

490 4631 517 4698 2)
534 4650 593 4697 pag.
609 4633 651 4689 83.
689 4639 863 4689 auocament-
880 4641 1036 4691 arithmetlca
1053 4643 1252 4704 terremotum,
1270 4656 1328 4691 cum
1346 4640 1480 4691 eorundem
1499 4656 1546 4691 usu
1565 4644 1591 4689 lu
1604 4643 1681 4691 variis
1701 4657 1762 4704 pre·

403 4704 522 4754 blamatis
539 4708 703 4769 gebmetricis,
721 4712 812 4771 partim
831 4712 885 4759 solo
898 4712 1019 4761 linearm
1033 4712 1117 4774 ductu,
1135 4712 1228 4774 partim
1246 4727 1291 4776 per
1309 4726 1426 4761 numeros
1445 4712 1604 4761 irrationales
1623 4717 1648 4760 st
1660 4713 1762 4762 tabulas

405 4770 504 4823 albeum
522 4782 546 4823 et
563 4777 687 4838 sigebram
705 4780 803 4830 solutis.
840 4781 954 4845 lathone
972 4774 1105 4845 liudolpho
1129 4778 1255 4831 aGeulen
1273 4781 1496 4831 Hildesheimsusl.
1533 4781 1553 4829 li
1579 4782 1715 4830 vernaculo
1735 4783 1762 4831 in

404 4841 521 4911 Latinum
539 4846 656 4899 nursica
674 4864 688 4899 a
706 4848 766 4907 wil.
786 4850 830 4905 δη.
849 4849 878 4899 R.
899 4850 926 4899 F.
945 4850 1084 4919 (Redolphi
1101 4850 1163 4921 fillo)
1181 4851 1261 4915 Lugd.
1280 4851 1334 4901 Bet.
1354 4848 1432 4904 1615.
1468 4852 1590 4901 Praelatio
1610 4852 1705 4916 scriptu
1724 4858 1763 4902 est
