3882 5862
782 403 924 474 Apologia.
1463 406 1526 469 aab

184 585 265 645 litate
288 599 375 662 agore
397 584 607 662 interpretem?
650 583 688 644 Et
717 581 846 661 pandera
870 587 899 642 te
929 583 1070 661 mysteria
1099 580 1195 644 dicare
1222 581 1282 657 ris,
1316 589 1346 643 et
1367 582 1398 642 id
1429 587 1527 643 umen

186 673 280 732 iacere
304 679 390 733 canto
412 690 464 750 per
485 675 662 749 aenigmata,
685 672 792 749 quibus
815 675 967 730 arceantur
981 672 1149 730 oscitantes.
1193 668 1392 747 Haecntiqne
1414 670 1529 731 sincera

184 766 228 819 est
256 760 351 818 oratio
379 762 570 839 mysticorum
603 761 753 834 omnium,
784 759 861 819 hanc
889 755 997 831 laudo,
1027 756 1126 834 quoad
1148 762 1258 832 cetera,
1280 758 1310 814 in
1340 757 1526 832 harmonicis,

183 846 338 925 disciplina
353 848 586 927 mathematica,
612 863 673 907 non
694 848 814 924 recipio.
859 844 921 919 Tu,
948 846 973 905 si
1001 844 1099 922 placet
1126 848 1427 920 interpretamentum,
1456 862 1528 906 can·

182 951 245 994 sam
268 934 385 1010 dicto,
400 951 450 994 cur
472 937 563 1011 igitur
585 932 657 994 mihi
678 950 869 1006 succenseas,
898 930 1017 992 modum
1038 931 1185 993 scribendi
1211 949 1263 1009 per
1285 935 1452 1009 aenigmata
1472 933 1527 992 tibi

181 1021 344 1082 tribuenti?
389 1020 511 1097 Quare
534 1029 649 1083 tantum
672 1022 893 1098 opprobriorum
916 1021 1090 1091 commerui,
1114 1028 1147 1080 ut
1168 1022 1290 1079 dmium
1313 1036 1358 1080 me
1381 1022 1527 1081 communi

183 1127 251 1169 enm
275 1116 338 1169 arte
361 1111 427 1185 ipsa
449 1110 589 1188 epitheto,
612 1118 645 1170 ut
666 1108 839 1187 Mysierinm
862 1125 958 1169 meum
982 1106 1260 1184 cosmographicnm
1282 1123 1389 1179 nomen
1412 1109 1475 1169 sine
1496 1125 1528 1169 ra

165 1195 355 1281 appellares,
379 1204 413 1257 ιιι
433 1205 611 1258 secretorum
632 1199 827 1272 ignorantiam
849 1195 1049 1272 exprobrares,
1071 1195 1254 1254 medactum
1274 1196 1351 1254 mibi
1371 1198 1528 1273 imuqino-

179 1288 265 1343 rium
286 1291 315 1343 ct
335 1284 432 1344 lucem
461 1285 508 1345 ilii
525 1287 758 1361 praecipicium
780 1284 936 1359 tribueres,
970 1283 1129 1342 vanitatem
1159 1282 1327 1358 objiceres?
1370 1283 1469 1343 Velim
1499 1290 1528 1342 te

182 1372 321 1449 respicias
352 1373 553 1449 inposterum
583 1371 769 1448 diligentius,
796 1388 833 1430 na
856 1377 925 1431 tuas
948 1373 1040 1446 ipsius
1063 1372 1259 1430 aestimationi
1292 1386 1408 1430 noceas.
1452 1370 1528 1430 Nam

182 1477 231 1518 ms
254 1457 334 1534 qnod
357 1461 471 1533 attinet,
494 1460 565 1519 mibi
587 1476 684 1536 neqne
705 1458 903 1519 recantatione
926 1466 979 1519 tua
998 1475 1096 1534 nequa
1111 1459 1256 1521 contraria
1269 1456 1438 1519 laudatione
1454 1472 1528 1536 opus

182 1552 236 1618 ost,
259 1563 355 1621 neque
378 1545 488 1607 cilicias
509 1547 566 1608 hac
588 1548 823 1624 importunitate,
846 1553 880 1604 nt
902 1544 1060 1606 detrectem
1082 1553 1179 1605 tecum
1200 1545 1333 1622 velitari,
1357 1547 1473 1622 quoties
1495 1544 1527 1606 id

181 1636 245 1693 sine
267 1650 334 1692 mco
356 1641 454 1693 snmtn
477 1640 596 1695 etcum
619 1634 719 1710 aliquo
742 1633 859 1695 lectoris
881 1635 1014 1708 proiectu
1035 1628 1202 1709 potero.⁴⁰)

273 1719 422 1796 Quantum
446 1738 523 1781 nune
545 1739 597 1800 per
619 1721 715 1782 Deum
738 1721 930 1781 immortalem
951 1720 1019 1781 bilis
1042 1723 1071 1779 in
1094 1721 1224 1781 membro
1240 1718 1396 1798 aualyseos
1418 1719 1521 1782 altarol

183 1807 258 1868 Cum
281 1825 337 1883 ego
361 1808 516 1887 chymIam,
540 1827 607 1869 onm
628 1808 776 1869 Hermetie
798 1816 828 1868 et
849 1808 998 1869 Peraeelsi
1021 1807 1182 1868 doctrinam
1206 1825 1243 1868 na
1266 1806 1387 1869 verbulo
1410 1806 1528 1885 quidem

180 1897 369 1976 pupugerim,
399 1898 456 1957 nisi
480 1895 559 1972 quod
580 1915 641 1958 rem
665 1896 800 1956 omnibus
822 1897 1004 1963 notissimam
1027 1913 1128 1966 narro,
1159 1897 1313 1957 obscuram
1339 1903 1369 1956 et
1391 1887 1550 1957 tenebro·'

180 2000 245 2044 sam
266 2001 341 2055 esse,
364 2001 429 2043 oum
452 1985 577 2045 titulum
599 1985 763 2045 Hermctici
783 2000 838 2044 uec
860 1982 922 2043 odii
943 2001 998 2043 mec
1018 1983 1146 2044 ludibrii
1167 2000 1262 2044 muso
1282 1984 1451 2055 tribuerim,
1475 1981 1528 2043 sed

180 2080 214 2131 nt
237 2072 435 2131 nominatione
457 2080 556 2132 sactae
578 2088 688 2132 morem
709 2069 951 2148 philosophandi,
985 2088 1072 2147 quem
1102 2073 1131 2129 in
1153 2077 1206 2132 tuo
1232 2070 1307 2131 libro
1339 2070 1525 2147 deprehendi,

180 2156 340 2218 laetorihns
360 2158 466 2217 tuturis
493 2157 687 2220 describerem
709 2158 890 2233 evidentius,
922 2174 988 2218 cum
1015 2158 1265 2236 haudquaquam
1295 2157 1445 2219 dedamis
1473 2164 1530 2217 out

180 2247 332 2323 mumius
353 2248 388 2304 a‘rr
406 2253 497 2322 porte
516 2251 681 2322 posuerim,
705 2247 855 2315 Hermctir
875 2263 934 2306 esse
955 2245 1147 2321 discipulum,
1170 2263 1236 2307 cnm
1256 2262 1312 2305 uec
1327 2245 1454 2324 oderim,
1475 2262 1530 2306 aaa

115 2350 120 2355 ·
180 2332 395 2393 damnaverim
423 2350 556 2408 mcc-pro
577 2334 673 2393 nihilo
699 2334 860 2393 habuerim
881 2332 959 2392 hanc
980 2332 1168 2407 facultatem,
1191 2344 1223 2394 tn
1250 2340 1347 2394 tamen
1366 2350 1431 2395 cum
1452 2351 1530 2409 pan·

182 2419 264 2497 oplia
293 2422 324 2478 in
346 2437 392 2480 me
420 2423 589 2498 consurgis,
622 2420 766 2480 mathesin
789 2419 1068 2497 mathematicosquo
1091 2438 1191 2483 omnes
1217 2422 1248 2480 in
1270 2427 1416 2481 conamen
1438 2437 1530 2481 rocas

99 2582 103 2591 Ι
181 2525 250 2567 cnm
270 2506 389 2584 chymia
410 2524 534 2585 cumque
555 2508 705 2569 Hermete.
750 2508 871 2568 Frustra
892 2506 1020 2585 quidam,
1045 2507 1246 2583 qnantum‘ad
1261 2525 1324 2584 me3
1346 2526 1414 2569 nam
1435 2508 1531 2569 lecto·

181 2612 230 2655 res
252 2593 400 2668 adhortor,
424 2594 524 2671 legant
546 2596 767 2679 pensitantqne,
790 2613 869 2672 quae
890 2601 925 2657 ιιι
946 2596 1002 2656 hoc
1024 2595 1090 2656 loco
1112 2597 1253 2674 scripsisti
1276 2597 1410 2674 chymiaa
1432 2597 1531 2656 socia·

180 2699 305 2758 rumque
330 2681 548 2758 disciplinarum
569 2685 721 2762 ipsiusque
741 2681 889 2744 Hermetis
912 2685 1060 2759 cncomia3
1083 2686 1160 2744 circa
1174 2684 1318 2745 mathesin
1333 2701 1404 2744 vero
1420 2688 1450 2744 st
1464 2700 1530 2744 cum
1627 2736 1631 2755 ,

180 2786 291 2829 vanam
313 2771 520 2845 geometriam,
552 2788 617 2831 cum
639 2778 771 2830 moinum
804 2771 952 2831 stellamm
975 2758 1193 2846 inquisitionem
1223 2772 1439 2847 phantasticam
1460 2787 1529 2849 pro·

181 2856 303 2931 clamas,
326 2874 364 2917 ne
387 2865 416 2917 te
438 2857 569 2932 audimur,
592 2859 657 2931 nisi,
672 2874 737 2918 cum
760 2864 818 2918 ista
839 2860 944 2919 scribis
966 2859 1002 2918 de
1026 2862 1104 2925 omni
1126 2861 1299 2919 temeritate.
1347 2858 1431 2918 Nam
1452 2876 1531 2933 quoe

180 2946 286 3018 major
307 2952 350 3002 cst
370 2945 510 3006 ἀοϋναιιυ
531 2963 567 3005 ac
590 2944 730 3007 uecordia
753 2940 836 3027 (ntor
858 2963 925 3007 soce
948 2946 1044 3007 vorbis
1060 2942 1145 3028 tuis),
1169 2964 1266 3022 quam
1287 2964 1356 3005 cum
1378 2944 1531 3005 domitore

181 3040 209 3092 ct
230 3049 290 3107 pro
310 3032 406 3092 nihilo
426 3031 534 3092 bodera
554 3035 721 3107 amentium,
742 3035 777 3091 ire
799 3052 863 3108 quo
882 3051 1009 3110 mermes
1029 3034 1107 3093 mitrii
1128 3033 1282 3111 olfecerit?

145 3122 149 3125 ’
275 3117 340 3177 Νοιι
363 3127 431 3179 sunt
453 3119 544 3194 adso,
566 3119 709 3193 Roberte,
733 3117 830 3178 divisa
850 3119 991 3181 mathesis
1013 3128 1044 3179 et
1063 3120 1198 3198 chymic,
1220 3127 1255 3180 nt
1274 3121 1304 3178 in
1327 3118 1452 3180 eundem
1474 3119 1542 3179 ho·1

182 3208 293 3266 minem
313 3221 371 3265 uon
395 3206 514 3281 cadant,
545 3209 596 3284 qni
618 3207 825 3267 mathematica
846 3206 943 3267 tradat
965 3206 1107 3287 dilucide,
1134 3209 1274 3279 verbose,
1305 3225 1357 3285 per
1378 3207 1479 3267 literas
1502 3212 1532 3266 et

184 3294 411 3368 diagrammata,
442 3294 576 3373 chymica
605 3311 685 3354 more
715 3301 823 3355 sectae.
875 3295 929 3353 Vis
959 3297 1033 3356 scire
1063 3296 1191 3372 conjugii
1225 3297 1314 3371 huius
1338 3293 1531 3371 exemplum?

185 3381 298 3457 Accipe
321 3380 492 3458 Trichonem
515 3382 623 3460 Brabe,
652 3384 698 3441 oni
722 3383 751 3439 in
775 3390 856 3460 parte
880 3384 975 3460 operis
1003 3400 1059 3459 epo
1081 3386 1219 3445 successi.
1266 3382 1361 3458 Quam
1383 3381 1434 3442 ille
1456 3380 1531 3441 tidus

186 3467 299 3528 silentii
321 3476 421 3530 custos
442 3471 472 3527 in
494 3469 678 3542 Hermeticis,
700 3475 762 3529 tam
782 3468 877 3529 fidelis
900 3474 1001 3531 contra
1022 3474 1253 3548 perspicuusque
1276 3469 1390 3541 doctor,
1414 3471 1529 3544 quoties

187 3560 219 3614 in
242 3555 457 3616 mathematicis
479 3555 591 3633 aliquid
614 3558 644 3614 in
666 3555 773 3632 vulgus
795 3557 997 3633 proterendum
1019 3561 1139 3632 sumsit3
1169 3558 1251 3618 nulla
1277 3565 1347 3618 tunc
1375 3556 1425 3617 ille
1448 3573 1529 3617 com-

183 3644 300 3703 minisci
321 3642 426 3703 solitns
449 3653 494 3704 cat
515 3648 692 3721 aenigmata,
714 3643 786 3703 nibil
809 3647 839 3703 in
860 3646 981 3722 picturis
1004 3645 1132 3712 tradidit.
1154 3663 1213 3705 non
1235 3643 1384 3722 pollicitus
1406 3650 1451 3703 est
1465 3660 1529 3725 mp-

90 3766 92 3769 ·
184 3740 234 3791 tus
258 3729 400 3791 coelestes
423 3729 528 3791 docere
550 3734 614 3791 sine
636 3732 860 3808 quantitatibus,
883 3749 941 3793 non
964 3731 1139 3808 dedignatus
1160 3740 1206 3794 eat
1227 3732 1383 3794 subvenire
1404 3733 1530 3808 ingeniis

184 3817 406 3892 infirmioribus,
430 3819 479 3878 rel
501 3821 567 3895 ipsa
588 3818 694 3879 calculi
716 3819 810 3880 forma
833 3819 1069 3897 compendiiaqne
1092 3820 1260 3897 publicatis.
1332 3812 1342 3823 ⁸

273 3904 353 3964 Illud
375 3906 495 3965 seorsim
519 3906 581 3980 tibi,
604 3906 723 3982 majoris
747 3906 912 3968 evidentiae
935 3925 1025 3969 causa
1046 3907 1237 3983 reparandum
1259 3905 1398 3967 hocloco
1420 3907 1531 3978 censui,

187 4009 296 4069 magna
323 4009 389 4053 cum
416 3994 523 4069 injuria
552 4011 619 4054 msa
647 4002 677 4053 te
706 3993 890 4067 efferbuisse,
919 3996 968 4071 qni
992 3994 1065 4056 duas
1087 3995 1160 4055 mihi
1182 3996 1344 4057 sententias
1365 3996 1472 4070 impias
1502 4001 1532 4052 et

186 4080 376 4156 blasphemas
398 4080 543 4152 tribueris,
567 4081 689 4141 alteram
713 4080 918 4155 quidemcnm
941 4091 1012 4160 typo
1035 4086 1167 4143 variante
1186 4099 1363 4160 expressam,
1386 4089 1420 4140 nt
1441 4080 1532 4141 lector

184 4166 294 4241 credat,
316 4167 453 4227 formalia
473 4185 541 4228 msa
561 4169 668 4241 reterri,
694 4168 744 4227 iol.
772 4171 819 4228 12.
843 4167 894 4227 lin.
918 4171 979 4233 ti:
1015 4169 1065 4230 Me
1085 4171 1159 4231 baec
1180 4173 1286 4233 onmia
1310 4171 1459 4229 imvenism
1479 4172 1531 4226 irs·

185 4258 276 4333 partio
297 4273 363 4317 msc
381 4258 526 4331 proprio,
551 4253 684 4330 intelligo
705 4272 831 4332 namque
843 4255 912 4321 hoc
932 4257 986 4317 aba
1009 4263 1038 4318 te
1061 4275 1125 4318 esse
1141 4254 1309 4335 oppositum
1330 4256 1426 4316 lineae
1446 4262 1532 4316 ante-

185 4341 321 4410 cedenti,
354 4360 413 4420 qua
435 4342 555 4405 mmcedr'
578 4342 764 4402 scientiarum
787 4360 895 4403 arcana
916 4342 1034 4405 dicebas
1058 4364 1117 4422 pcr
1145 4348 1375 4421 acquisitionem
1397 4342 1532 4419 Spiritus

64 4484 71 4493 .
187 4431 310 4504 Sancti,
340 4431 429 4504 majus
449 4432 542 4492 sotira
561 4433 600 4490 sit
621 4430 693 4489 dues
722 4433 828 4490 omnio
849 4449 918 4490 occu
938 4431 1049 4493 docere.
1094 4433 1218 4492 lterum:
1248 4450 1312 4504 mo,
1341 4429 1410 4490 dnm
1432 4429 1533 4490 Solem

185 4517 295 4578 iontem
316 4524 413 4576 motus
436 4535 521 4590 voco,
542 4516 660 4576 titulum
682 4516 760 4578 bunc
782 4515 925 4594 derogare
946 4521 1078 4589 creatori,
1102 4536 1239 4596 arrogare
1262 4525 1421 4579 creaturae.
1467 4517 1531 4577 Ve-

185 4622 260 4674 reor,
282 4611 316 4662 nt
337 4610 382 4664 est
404 4606 485 4665 natio
507 4603 595 4664 hodie
616 4621 765 4681 perversa,
788 4622 826 4665 ne
847 4622 905 4664 non
928 4607 986 4665 iata
1001 4607 1142 4681 iniquitas
1163 4605 1240 4666 ultra
1256 4605 1347 4667 rerba
1361 4622 1393 4666 se
1408 4607 1438 4663 in
1453 4602 1532 4664 iacta

125 4740 129 4745 .
186 4693 252 4769 ipsa
272 4691 409 4768 proisrsd,
432 4693 459 4750 si
481 4689 622 4752 laetorum
644 4691 737 4769 aliqui
760 4693 814 4752 tibi
836 4699 944 4753 temere
967 4692 1095 4767 medani,
1119 4709 1177 4752 non
1199 4694 1333 4770 inspecto
1354 4709 1420 4753 meo
1437 4698 1527 4751 textu.

273 4778 326 4839 Ad
350 4777 539 4856 Analysin
561 4778 635 4838 XII.
680 4777 738 4840 Sex
762 4778 835 4839 meis
849 4779 936 4842 lineis
957 4782 1052 4857 iisqne
1075 4781 1216 4841 brevibus
1239 4780 1306 4858 plns
1319 4788 1352 4841 tn
1368 4796 1456 4856 quam
1478 4795 1530 4840 sex
