3792 5860
607 380 851 496 Delum
885 435 970 495 Irlber
985 436 1009 495 1.
1444 442 1485 503 Si

144 618 233 696 partes
256 612 333 676 duas
354 613 543 694 mseqnaloe,
572 618 626 677 aut
654 615 838 677 conterantur
867 631 904 676 ex
935 614 1058 677 duarum
1088 612 1191 678 talium
1211 613 1392 678 sectionibus
1413 615 1488 678 duae

144 718 329 782 quaecunque
351 712 469 782 partes,
506 701 557 764 rel
581 704 763 781 compositae
786 704 986 780 expertibus,
1011 702 1057 766 vel
1074 698 1253 782 compositas
1274 705 1421 782 potentias
1442 704 1489 764 di-

143 792 301 850 mlnutasve
324 806 363 852 ex
385 790 495 852 talibus
518 788 679 867 babentes,
712 788 788 853 duae
810 791 930 868 inquam
952 794 982 851 in
1004 808 1111 869 gerrare
1133 790 1319 867 inaequales:
1347 790 1418 852 illae
1440 788 1490 853 aut

145 885 219 939 eruut
246 876 435 956 longitudine
466 876 748 940 commensurabiles
775 879 851 941 inter
880 895 927 956 se,
956 886 1009 940 aut
1037 877 1345 941 incommensurabiles
1372 879 1490 956 quidam

145 963 332 1043 longitudine,
357 964 637 1028 commensurabiles
660 981 731 1029 rero
754 966 895 1045 potentia
931 964 992 1027 Hic
1013 968 1148 1043 quamvis
1171 984 1190 1026 a
1212 967 1490 1031 commensuratione

145 1052 222 1133 plane
243 1061 431 1117 recesserunt
452 1052 600 1131 singulae,
630 1060 662 1114 at
687 1054 810 1131 junctae
840 1060 938 1115 umen
968 1052 1126 1115 munullac
1147 1051 1246 1116 adlauo
1266 1052 1316 1115 rel
1338 1052 1489 1131 quadratis

146 1144 277 1201 bunum
300 1159 446 1203 summam
477 1138 610 1217 collatis,
640 1140 690 1203 rel
717 1139 888 1219 reetsngulo
918 1142 1111 1203 communiter
1135 1140 1274 1216 immeto,
1309 1143 1490 1205 constituunt

146 1226 224 1306 plana
245 1228 391 1290 hactenus
413 1226 575 1307 explicata,
604 1244 665 1290 non
686 1229 783 1291 minus
813 1245 901 1305 quam
923 1227 1002 1290 idem
1023 1228 1134 1290 iaciunt
1164 1234 1193 1288 at
1213 1225 1296 1302 illae,
1325 1245 1401 1305 quae
1423 1236 1491 1288 sunt

146 1318 210 1376 bter
230 1332 263 1376 se
292 1315 580 1378 commensurabiles
625 1314 761 1377 Ceterum
790 1332 857 1377 cum
884 1314 1038 1394 multiplex
1067 1317 1106 1376 sit
1127 1313 1229 1376 ιιιιιιιι
1259 1314 1382 1377 duarum
1402 1314 1490 1395 plane

147 1402 479 1465 boommensursbilium
495 1400 653 1482 copulatio,
675 1403 738 1465 alin
751 1401 811 1466 alia
833 1402 1006 1482 ignobilior:
1027 1418 1087 1464 nou
1108 1403 1268 1482 poterimus
1282 1419 1383 1466 omues
1404 1403 1491 1482 bigas

147 1494 170 1549 in
191 1508 281 1551 unum
303 1489 429 1569 gradum
451 1489 567 1553 referre.

227 1592 337 1660 xvn.
358 1594 563 1658 Definitio.
607 1591 654 1657 Sit
681 1610 751 1673 ergo
780 1596 900 1673 quintus
924 1596 1067 1659 sciendae
1088 1592 1212 1674 medus,
1243 1609 1310 1657 oum
1338 1593 1415 1657 duas
1435 1612 1492 1658 noc

149 1668 269 1744 suanias
291 1683 400 1745 ambas
421 1699 477 1744 nec
497 1698 595 1744 mesae
617 1680 802 1761 ampliusque
834 1684 910 1745 inter
929 1698 962 1745 sa
983 1683 1071 1761 plane
1098 1681 1414 1759 incommensurabiles
1441 1689 1491 1743 ut·

150 1785 264 1847 rumque
293 1770 409 1832 iaciunt
437 1769 561 1844 affabile,
591 1777 621 1831 et
642 1786 786 1831 summam
815 1769 1022 1848 quadratorum
1052 1778 1082 1834 et
1103 1786 1256 1831 commone
1283 1770 1491 1846 ractangulum,

122 1852 130 1869 '
149 1859 305 1919 roumiuus
316 1876 405 1937 quam
415 1864 569 1935 atrumque
581 1855 686 1918 borum
700 1856 812 1919 iaciunt
826 1857 901 1920 duae
912 1856 1095 1936 longitudine
1115 1856 1248 1918 eiiabiles
1261 1852 1357 1934 (linei.
1376 1857 1418 1932 X,
1428 1854 1491 1939 ro),

152 1942 191 2004 rel
211 1946 304 2007 etiam
328 1944 404 2008 duae
426 1945 491 2007 sola
510 1946 646 2023 potentia
667 1942 815 2022 affabiles,
844 1944 899 2008 soti
926 1947 1003 2007 inter
1029 1951 1182 2007 satamon
1204 1942 1387 2020 longitudine
1410 1961 1491 2006 com·

151 2033 372 2111 mensurabiles,
402 2050 455 2113 per
476 2031 609 2093 mudena
654 2025 696 2093 Ut
717 2030 795 2093 latus
817 2031 854 2094 de
876 2031 1021 2110 quadrato
1044 2036 1064 2093 i
1096 2038 1126 2092 et
1148 2030 1225 2092 istus
1248 2029 1284 2092 ds
1307 2030 1450 2108 quadrato
1473 2033 1491 2092 8

153 2127 211 2179 sunt
232 2122 309 2182 inter
331 2137 365 2183 so
386 2123 418 2180 in
437 2121 625 2199 proportione
649 2117 750 2196 dupla,
773 2121 844 2198 qnia
858 2120 1002 2198 quadrata
1015 2126 1084 2180 sont
1105 2121 1180 2180 inter
1200 2134 1233 2180 se
1255 2120 1284 2177 in
1306 2121 1493 2196 proportione

154 2205 319 2288 quadrupla.
365 2206 440 2269 Sunt
462 2223 531 2285 argo
552 2204 739 2285 longitudine
760 2205 879 2284 quidem
901 2207 1080 2283 ineffabiles,
1103 2214 1136 2268 at
1156 2207 1232 2267 inter
1253 2223 1287 2267 se
1308 2222 1494 2269 commensu-

151 2294 258 2356 rabiles.
305 2296 414 2357 lissum
435 2293 580 2374 quadrae
603 2295 621 2354 i
647 2299 678 2356 et
701 2294 720 2353 8
739 2294 844 2372 iuncta
864 2294 977 2357 iaciunt
995 2296 1054 2369 10,
1068 2293 1185 2355 effabile
1205 2293 1334 2371 planum,
1358 2299 1388 2355 st
1410 2296 1493 2371 ipsae

152 2384 174 2440 ἰι
201 2399 234 2444 se
264 2383 481 2460 multiplimtse
510 2380 601 2465 (qnod
631 2386 677 2443 ast
704 2380 905 2462 rastaugulum
935 2378 1072 2464 iormare)
1100 2382 1213 2442 iaciunt
1240 2379 1441 2458 rectangulum
1463 2383 1493 2458 4,

152 2470 230 2530 roam
251 2470 384 2532 siisbila.
393 2467 419 2552 ⁴)
461 2468 528 2531 lloc
547 2469 642 2542 idm,
669 2469 808 2546 iuquam,
839 2470 951 2532 iasiuro
980 2472 1070 2532 etism
1100 2468 1177 2530 duaa
1206 2485 1261 2530 nec
1288 2467 1419 2530 eilabiles
1439 2484 1494 2530 nec

153 2572 242 2619 uass
265 2557 452 2637 ampliusque
478 2559 555 2617 iuter
580 2572 612 2616 se
639 2554 729 2633 plane
750 2557 1076 2620 incommensurabiles:
1107 2573 1201 2633 eoque
1222 2572 1299 2630 uon,
1329 2563 1363 2616 ut
1383 2557 1494 2635 priores

153 2643 227 2719 iias,
259 2647 293 2706 in
325 2644 485 2707 mnndum
517 2644 567 2705 vel
595 2644 713 2705 tertium
747 2644 870 2726 pradum
902 2647 1044 2710 scientiae
1072 2650 1141 2708 sunt
1167 2642 1352 2720 referendae,
1382 2642 1435 2708 sed
1464 2645 1495 2703 in

229 2827 312 2889 Nota
333 2828 431 2906 igitur,
455 2826 535 2905 qood
556 2829 586 2887 in
608 2828 665 2889 boc
686 2827 780 2910 pradu
798 2844 997 2891 mensuremus
1018 2843 1077 2887 non
1099 2825 1192 2889 lineas
1214 2829 1295 2906 ipsas
1316 2842 1371 2887 neo
1392 2827 1495 2903 singu·

159 2912 242 2975 lurum
265 2912 426 2994 quadrata,
448 2915 502 2977 sed
524 2933 724 2981 mensuramus
746 2922 777 2978 ot
797 2932 949 3001 commuue
971 2918 1102 2994 ipsarum
1122 2913 1324 2992 memngulnm
1345 2920 1375 2974 et
1394 2912 1497 2989 jnncta

159 3004 303 3081 utriusque
326 3001 471 3081 quadrata
492 3005 522 3062 iu
543 3020 632 3064 unam
655 3020 815 3081 summam3
837 3011 871 3065 ut
891 3001 972 3081 quod
993 3004 1045 3063 uni
1067 3000 1210 3080 quadrato
1225 3001 1308 3064 deest
1329 3001 1497 3080 quominus

158 3092 189 3150 dt
209 3090 336 3166 ambus,
359 3089 390 3149 id
412 3091 451 3151 ab
471 3087 567 3151 altero
588 3093 732 3171 quadrato
753 3093 867 3154 sociato
890 3098 992 3153 mete
1015 3097 1226 3170 compensatur.
1305 3112 1310 3125 ·

235 3194 357 3257 xviii.
371 3193 571 3255 Definitio.
608 3196 716 3261 Sextus
738 3205 768 3260 et
790 3196 947 3276 ignobilior
962 3195 1101 3259 sdeutiae
1115 3192 1223 3273 gradus
1246 3199 1300 3270 est,
1322 3208 1387 3256 oum
1409 3192 1498 3255 binae

157 3281 279 3359 budae,
303 3297 379 3360 quse
400 3296 455 3343 nec
476 3280 609 3344 eiisbiles
630 3302 686 3349 noc
706 3301 807 3348 mesae
829 3285 934 3347 ambae
956 3283 1044 3345 dmul
1066 3283 1213 3360 etiamque
1236 3283 1310 3343 inter
1331 3299 1363 3343 se
1384 3281 1498 3342 incom-

160 3370 378 3445 uensurabiles,
410 3369 581 3431 alterutrum
603 3373 707 3435 saltem
730 3370 847 3435 effabile
869 3372 994 3445 iaciunt,
1016 3369 1160 3448 reliquum
1182 3386 1253 3431 vero
1275 3386 1385 3432 meson.
1428 3368 1501 3429 Set·

159 3474 207 3534 epa
227 3460 376 3537 gemmus:
400 3464 452 3519 aut
474 3456 552 3517 enlm
574 3476 689 3522 summa
711 3459 920 3539 quadratorum
935 3458 1068 3534 effabilis,
1090 3457 1292 3535 rectaugnlum
1313 3474 1424 3533 meson,
1446 3463 1498 3517 aut

159 3543 201 3606 iia
220 3562 332 3621 meson,
353 3544 412 3607 boc
432 3543 549 3606 &abile
571 3554 625 3607 est

234 3644 303 3701 illae
321 3643 419 3701 eiiectu
445 3642 545 3700 similes
562 3651 626 3700 sunt
652 3645 758 3702 duabus
777 3645 940 3717 effabilibus,
965 3647 1025 3703 sola
1051 3645 1173 3717 potentia
1199 3643 1496 3703 commensurabilrbus.

160 3722 219 3779 Μ
235 3722 375 3794 potentiae
391 3721 500 3792 ambae,
527 3723 581 3780 hoe
604 3730 646 3780 ast
664 3726 798 3796 quadrata
821 3724 954 3797 effabilia,
980 3724 1086 3781 iaciunt
1103 3724 1184 3779 etiam
1203 3740 1335 3780 summam
1352 3722 1495 3793 utriunque

160 3802 291 3861 eiabdem.
325 3799 524 3872 Βιιιιιςιιὶιιιι
540 3817 605 3859 vero
623 3811 667 3861 est
683 3819 777 3862 meson
795 3804 884 3874 (Euat
903 3804 936 3859 x.
949 3803 1001 3873 ιιι.
1037 3802 1098 3860 Hoc
1115 3817 1179 3859 vero
1198 3802 1298 3859 eiiectu
1314 3800 1416 3860 similas
1434 3808 1498 3858 sunt

160 3879 256 3940 (habos
273 3880 364 3951 masia
379 3879 439 3937 sols
454 3880 578 3950 potantia
594 3882 895 3953 commensurabilibus,
913 3896 984 3953 quae
1002 3887 1066 3937 sunt
1082 3882 1118 3938 ad
1135 3896 1166 3936 se
1183 3887 1277 3938 mutuo
1295 3887 1326 3938 ut
1342 3880 1413 3937 duse
1430 3878 1496 3935 eiia-

159 3958 227 4032 bier,
243 3961 401 4031 intorques
416 3958 504 4031 prima
518 3974 557 4016 ex
573 3960 591 4018 2
607 3960 691 4018 mosis
708 3967 751 4018 est
766 3959 978 4032 proportionalis
1001 3959 1091 4017 ιιιιὶι
1117 3961 1204 4026 (Euol
1221 3962 1255 4017 ii
1274 3961 1316 4030 26,
1335 3960 1391 4031 28).
1428 3961 1497 4016 llam

160 4038 214 4109 qria
230 4043 295 4096 suut
309 4036 433 4108 potentia
449 4039 718 4110 commensurabiles,
736 4040 846 4096 additae
859 4039 941 4110 igiter
958 4039 1097 4109 potentiae
1113 4038 1216 4096 iaoiunt
1227 4054 1359 4096 summam
1375 4039 1498 4111 partibus

161 4116 427 4193 commensurabilem.
462 4119 500 4173 st
520 4124 614 4189 partas
631 4124 696 4175 sunt
712 4134 801 4191 mesa,
828 4125 856 4174 et
879 4118 953 4190 quod
970 4132 1046 4173 meso
1068 4123 1112 4174 est
1129 4116 1382 4188 commensurabila,
1408 4118 1497 4189 ipsum

162 4207 232 4254 emm
249 4203 293 4254 est
309 4211 404 4253 meson
419 4194 508 4266 (Euol.
524 4196 559 4251 K
576 4196 630 4266 bd).

236 4288 295 4350 llic
317 4288 520 4366 rectaugulum
542 4287 676 4349 binarum
697 4289 834 4349 metimur
856 4288 973 4366 qnidam
1001 4287 1091 4365 plano
1120 4289 1264 4366 quadrato
1287 4287 1437 4363 diametri,
1467 4296 1499 4351 at

164 4392 211 4437 non
234 4379 325 4437 etiam
347 4392 491 4437 summam
514 4375 736 4452 quadratorum:
759 4394 828 4437 nam
847 4376 946 4449 polum
968 4379 1134 4436 invenimus
1155 4375 1229 4437 dass
1251 4377 1359 4451 lineas,
1383 4384 1499 4438 rectan-

165 4464 260 4540 qolurn
283 4465 311 4523 al
333 4462 457 4540 aequale
479 4463 647 4538 formantes,
672 4480 795 4541 quarum
818 4463 962 4540 quadrata
983 4467 1137 4524 metiemur
1159 4463 1302 4541 quadrato
1324 4465 1467 4525 diametri.

243 4566 336 4629 XIX.
360 4566 558 4628 Definitio.
603 4566 754 4646 Septimus
776 4566 873 4628 adhuc
893 4567 1051 4645 ignobilior
1072 4569 1212 4629 scientiae
1227 4567 1334 4644 medus
1356 4575 1409 4642 est,
1433 4584 1499 4628 cum

165 4653 278 4717 durum
299 4656 375 4715 inter
394 4671 427 4716 sa
449 4655 785 4727 incommensurabiiinm
807 4661 910 4716 neuter
932 4655 1052 4716 allectos
1075 4661 1119 4717 est
1141 4655 1281 4729 effabilis,
1309 4673 1364 4716 nec
1386 4672 1499 4716 summa

166 4743 381 4820 quadratum,
405 4759 460 4802 nae
481 4756 635 4804 commune
656 4742 874 4821 rectangulum:
897 4742 950 4804 ssd
972 4749 1069 4803 tamen
1092 4740 1189 4804 adhoc
1210 4749 1365 4821 utrumque
1386 4760 1496 4805 meson.

239 4844 325 4899 Hisne
344 4850 409 4899 sunt
431 4840 530 4900 mesu
543 4840 646 4898 similes
662 4840 734 4897 duae
756 4855 856 4911 masse,
874 4840 997 4910 potentia
1014 4840 1073 4895 sola
1091 4841 1357 4911 commensurabiles,
1384 4856 1497 4911 qnorum

165 4938 213 4980 uns
226 4923 264 4981 sit
279 4923 315 4980 sd
333 4923 461 4993 alteram,
490 4928 522 4980 ut
546 4938 600 4979 una
622 4936 731 4992 wem,
757 4935 826 4992 quas
847 4919 918 4978 intes
941 4932 1015 4979 mese
1032 4933 1094 4975 vare
1111 4925 1156 4975 eat
1172 4918 1263 4976 medis
1278 4917 1496 4991 proportionalis,
