3840 5854
373 436 394 494 4
702 466 704 475 1
956 424 1127 482 Prooemium

372 626 478 669 munus
497 610 527 667 in
542 608 694 686 gymnasio
712 604 872 667 Graetiano
887 604 961 665 adiit
974 603 1121 681 Keplcrus
1141 599 1270 686 (1594),
1293 611 1380 664 antea
1402 603 1568 663 universam
1591 609 1723 662 veterum

373 696 590 774 philosophiam
620 694 700 754 haud
730 700 808 753 certo
839 692 960 753 consilio
991 690 1174 769 complexus,
1206 691 1305 751 studia
1338 709 1393 751 sua
1423 689 1461 751 ad
1496 699 1606 751 certum
1636 689 1723 749 finem

374 783 486 845 direxit.
516 782 675 859 Regularia
688 781 875 858 Pythagorae
899 796 1022 857 corpora
1044 779 1112 854 ulia,
1136 796 1223 856 quarn
1246 780 1284 838 ab
1307 779 1364 839 hoc
1385 779 1495 838 iactum
1517 785 1588 852 eret,
1610 779 1724 836 ratione

374 889 439 932 cum
455 872 637 948 planetarum
651 870 778 928 motibus
793 869 969 945 conjungere
985 867 1130 942 studebat,
1147 866 1417 944 Pythagoraeorum
1433 864 1584 944 symbolos
1596 866 1723 925 retinens

375 976 531 1034 eorumque
553 959 693 1034 mysticos
715 972 849 1015 numeros
871 954 951 1014 haud
974 957 1016 1014 ita
1037 956 1121 1032 parvi
1142 953 1282 1031 pendens.
1330 953 1397 1029 ,Ad
1426 970 1611 1013 numerorum
1640 970 1724 1013 men-

374 1063 481 1119 suram,
504 1047 608 1120 inquit,
632 1042 765 1103 conditus
787 1050 831 1102 est
854 1042 987 1117 mundus,
1011 1059 1080 1119 ergo
1104 1040 1142 1101 ad
1165 1043 1360 1117 quantitatum
1382 1057 1564 1116 mensuram,
1594 1042 1624 1099 in
1645 1040 1725 1099 linea

374 1136 444 1193 vero'
467 1132 566 1191 nullus
588 1141 632 1191 est
653 1148 791 1190 numerus
812 1147 867 1189 uec
889 1134 920 1189 in
941 1129 1102 1207 superficie,
1125 1128 1178 1189 sed
1196 1129 1324 1188 infinitas
1339 1161 1381 1174 —
1395 1130 1485 1206 igitur
1499 1131 1528 1187 in
1545 1128 1723 1205 corporibus.
1810 1146 1814 1151 ·

374 1220 436 1300 Nee
463 1237 533 1280 vero
563 1226 703 1295 superant
729 1235 879 1278 numerum
903 1218 921 1275 6
950 1219 1008 1276 ista
1036 1233 1171 1294 corpora,
1203 1216 1240 1275 ad
1268 1215 1369 1275 mundi
1391 1219 1634 1277 constructionem
1656 1232 1724 1291 per-

376 1309 511 1380 tinentia,
546 1306 657 1366 scilieet
683 1305 789 1383 globus
819 1307 882 1364 sive
911 1307 1009 1381 potius
1038 1305 1222 1381 sphaericum
1253 1321 1430 1379 concavum,
1465 1311 1493 1364 et
1517 1305 1535 1363 5
1563 1303 1721 1363 rectilinea.

375 1393 566 1471 Sphaericum
587 1393 690 1453 ultimo
707 1394 789 1452 coelo
808 1391 937 1466 debetur,
961 1409 1029 1451 nam
1044 1391 1153 1469 duplex
1168 1399 1212 1451 est
1227 1390 1361 1467 mundus,
1384 1391 1502 1451 mobilis
1517 1399 1546 1451 et
1561 1393 1723 1468 quiescens,

376 1481 426 1541 ille
448 1481 487 1541 ad
508 1483 665 1557 imaginem
687 1481 753 1554 Dei,
777 1491 921 1555 quatenus
943 1488 1036 1554 creat,
1065 1479 1113 1539 hie
1135 1478 1173 1538 ad
1196 1482 1353 1556 imaginem
1377 1481 1521 1539 essentiae
1543 1479 1723 1537 Divinae·in

375 1586 408 1628 se
431 1560 640 1629 consideratae.
686 1567 814 1627 Currum
837 1568 910 1641 Deo,
942 1574 1053 1627 rectum
1083 1574 1231 1627 creaturae
1260 1575 1453 1643 comparatur.
1499 1567 1533 1624 Iu
1562 1566 1651 1644 globo
1680 1572 1726 1624 est

376 1658 504 1716 trinitas:
528 1656 719 1733 sphaericum,
743 1663 881 1728 centrum,
904 1656 1067 1731 capacitas3
1090 1656 1133 1714 sic
1147 1657 1177 1712 in
1192 1654 1300 1714 mundo
1317 1656 1416 1730 quieto
1430 1653 1515 1727 fixae,
1538 1652 1600 1728 Sol,
1623 1652 1725 1713 aethra

375 1743 556 1805 intermedia.
589 1741 718 1802 Mundus
740 1741 857 1801 mobilis
880 1759 916 1801 ex
938 1741 1095 1803 rectilineis
1117 1741 1293 1817 censendus3
1317 1741 1432 1801 iliorum
1453 1750 1522 1801 aunt
1544 1743 1672 1817 quinque
1695 1749 1725 1800 et

375 1832 402 1890 si
424 1831 475 1891 illa
497 1849 550 1908 pro
574 1831 702 1890 terminis
724 1829 860 1889 habenda
882 1836 964 1903 sunt,
987 1846 1045 1889 non
1069 1837 1206 1906 poterunt
1227 1829 1325 1906 plures
1347 1847 1392 1890 res
1416 1828 1607 1906 distinguere,
1635 1845 1724 1904 quam

376 1935 440 1977 sex:
467 1937 519 1979 sex
541 1920 629 1994 igitur
650 1916 770 1976 mobilia
793 1916 893 1977 Solem
916 1918 1222 1978 circumambeuntla.“
1272 1916 1359 1977 Hane
1381 1919 1554 1977 sententiam
1577 1914 1724 1992 quomodo

375 2004 521 2082 Keplcrus
549 2005 752 2082 explicaverit,
783 2003 930 2080 quomodo
958 2007 1086 2081 quinque
1114 2004 1259 2081 regularia
1288 2021 1410 2081 corpora
1440 2006 1469 2062 in
1496 2005 1631 2082 planetas
1662 2012 1723 2062 tum

376 2095 510 2168 cognitos
533 2092 677 2164 diviserit,
706 2100 862 2152 retractare
884 2090 1012 2151 alienum
1034 2109 1099 2152 esse
1121 2092 1159 2151 ab
1182 2090 1239 2151 hoc
1259 2091 1327 2152 loco
1349 2091 1472 2151 videtur.
1526 2089 1635 2151 Videre
1656 2089 1725 2149 lieet

376 2180 411 2241 de
426 2180 471 2239 his
486 2181 653 2257 primarium
668 2178 789 2255 Kepleri
803 2196 887 2256 opus,
909 2178 1158 2253 Prodromum,
1182 2181 1274 2255 primo
1291 2180 1440 2239 volumine
1461 2179 1549 2254 hujus
1573 2177 1723 2251 editionis3

374 2268 460 2327 nobis
490 2271 561 2327 sutis
591 2270 686 2326 visum
715 2265 888 2339 intendisse,
922 2265 1069 2342 quomodo
1093 2266 1239 2343 Keplcrus
1261 2269 1395 2327 nohones
1421 2268 1496 2327 inter
1521 2264 1725 2343 philosophica

374 2353 473 2414 studia
487 2355 641 2431 'lubingae
664 2354 700 2413 de
714 2353 919 2431 Pythagoricis
941 2355 1088 2431 mysteriis
1110 2362 1268 2430 conceptas
1290 2357 1320 2412 iu
1342 2371 1427 2413 usum
1449 2371 1535 2413 suum
1558 2354 1723 2425 contulerit,

375 2444 529 2502 utstatim
552 2451 782 2502 astronomorum
805 2442 992 2516 omniumque
1014 2441 1165 2501 hominnm
1187 2441 1278 2501 literis
1301 2440 1479 2501 eruditorum
1501 2443 1614 2501 animos
1637 2442 1666 2498 in
1691 2457 1723 2499 se

378 2536 568 2589 converteret
611 2528 748 2588 Proxime
778 2536 877 2589 autem
906 2527 962 2587 hoe
991 2527 1092 2588 libello
1120 2529 1230 2588 iactum
1261 2536 1317 2603 est,
1352 2536 1387 2588 ut
1412 2538 1645 2589 astronomorum
1671 2525 1722 2586 ilio

373 2624 505 2693 tempore
528 2615 729 2689 celeberrimo,
762 2615 896 2693 'lychoni
917 2614 1024 2691 Brahe,
1051 2617 1258 2690 innotesceret,
1288 2616 1339 2691 qni
1370 2633 1438 2675 eum
1465 2617 1546 2677 brevi
1576 2625 1659 2693 post,
1692 2622 1724 2682 ut

371 2704 491 2780 juvenis
524 2705 642 2780 ingenio
673 2706 703 2761 in
736 2721 820 2763 suam
853 2721 914 2763 rem
942 2704 1125 2777 abuteretur,
1158 2703 1285 2779 Pragam
1317 2704 1478 2763 arcessivit
1530 2703 1568 2762 Et
1598 2704 1723 2780 primum

376 2790 493 2867 quidem
512 2789 615 2868 Tyoho
638 2790 768 2867 collegae
786 2792 891 2867 juveni
912 2790 1073 2865 mandavit,
1096 2799 1132 2850 ut
1151 2793 1248 2867 ipsum
1268 2788 1370 2850 libello
1393 2790 1600 2851 conscribendo
1622 2798 1723 2850 cenna

374 2878 544 2940 Reimarum
566 2875 673 2938 Ursum
695 2877 870 2939 defenderet
918 2877 1011 2939 Ursus
1033 2880 1200 2938 enimcum
1221 2876 1281 2937 alia
1301 2876 1436 2956 Tycboni
1459 2879 1571 2937 crimini
1594 2876 1722 2950 dederat,

376 2973 438 3026 tum
464 2984 558 3027 rerum
588 2968 787 3026 universitatis
815 2966 971 3040 rationem,
1003 2965 1136 3043 Τγοιιοιιί
1162 2965 1330 3042 probatam,
1358 2982 1417 3024 non
1440 2982 1504 3026 esse
1525 2982 1648 3040 novam,
1671 2964 1723 3024 sed

377 3052 497 3114 Graccis
519 3054 668 3114 veteribus
690 3054 789 3113 deberi
811 3055 987 3128 auctoribus,
1011 3062 1183 3114 asseruerat
1206 3052 1348 3129 Idemque
1363 3049 1455 3113 Ursus
1478 3068 1557 3113 nova
1580 3052 1724 3129 quaedam

377 3141 414 3202 de
436 3138 638 3201 astronomicis
659 3140 871 3218 hypothesibus
893 3142 1041 3217 professus
1063 3147 1134 3214 erat,
1158 3157 1231 3216 quas
1254 3140 1324 3200 dicit
1347 3140 1484 3215 „fictitias
1507 3142 1724 3217 suppositiones

375 3228 551 3303 minimeqbe
565 3245 649 3287 veras
663 3246 716 3287 seu
731 3228 969 3304 substantiales“,
985 3227 1149 3304 cujusmodi
1163 3228 1342 3306 hypotheses
1357 3229 1594 3303 ,concentrieaa“
1608 3227 1724 3288 Eudoxi

376 3322 406 3375 et
430 3316 647 3391 ,excenuicw
671 3315 941 3393 Pythagoraeorum
968 3324 1086 3376 anctore
1109 3315 1266 3376 Adstotele
1289 3317 1506 3389 nominaverat,
1536 3330 1665 3393 suaeque
1689 3314 1725 3374 de

375 3402 587 3479 hypothesibus
618 3405 780 3462 sententiae
809 3407 1068 3464 astronomicarum
1099 3402 1306 3480 hypothesium
1336 3404 1500 3477 historiam,
1533 3414 1604 3463 vera
1633 3401 1723 3477 iaisis,

377 3502 455 3549 certa
468 3490 610 3550 sabulosis
624 3490 705 3550 nulio
717 3490 828 3565 judicio
845 3493 1044 3565 commisceas,
1067 3499 1255 3551 annexuerat.
1294 3490 1402 3551 Contra
1418 3491 1497 3550 iliam
1518 3490 1724 3568 hypothesium

275 3594 277 3599 ’
377 3576 587 3650 definitionem,
627 3585 728 3637 contra
762 3577 913 3638 historiam
947 3581 990 3638 ita
1024 3586 1189 3654 corruptam
1221 3580 1282 3655 jam
1315 3576 1459 3654 Keplcrus
1494 3576 1591 3654 prodit
1622 3576 1724 3637 libello

376 3664 517 3725 adversus
540 3661 647 3724 Ursum
670 3666 847 3741 conscripto,
870 3665 950 3742 quod
972 3672 1005 3725 ut
1026 3665 1149 3739 iaceret,
1178 3665 1278 3726 studia
1299 3667 1458 3725 novissimo
1480 3674 1610 3742 tempore
1633 3667 1724 3727 inter·

376 3754 467 3837 missa
487 3752 615 3828 recipere
639 3762 759 3812 coactus
782 3761 844 3812 erat
866 3755 926 3839 (cir.
944 3758 965 3811 1.
985 3755 1108 3826 ilites).
1154 3750 1238 3827 Quae
1255 3752 1323 3812 dum
1345 3755 1471 3829 repetit,
1486 3755 1606 3830 propius
1627 3769 1725 3812 rursus

377 3839 414 3901 ad
438 3857 504 3901 eum
526 3838 669 3899 accedunt
690 3839 893 3917 Pythagorica
911 3840 1055 3919 symbola,
1078 3843 1200 3914 numeri,
1222 3840 1333 3917 tignrae
1355 3848 1385 3901 et
1406 3839 1574 3901 bumoniae
1598 3843 1723 3900 arctius-

378 3945 435 4004 que
457 3945 489 3986 se
512 3927 692 4003 conjungunt
714 3945 780 3987 cum
802 3930 853 4002 iis,
877 3945 953 4003 quae
976 3927 1013 3988 de
1035 3946 1122 4002 nexu,
1144 3945 1274 4002 numero,
1297 3926 1511 4006 magnitudine,
1535 3927 1672 3987 distantia
1694 3934 1724 3987 et

376 4023 458 4074 motu
480 4013 662 4091 planetarum
684 4024 780 4075 mente
804 4024 977 4092 conceperat
999 4023 1029 4077 et
1051 4032 1126 4092 quae
1142 4014 1259 4090 quidem
1281 4023 1377 4076 mente
1400 4023 1541 4093 concepta
1562 4016 1641 4091 prius
1659 4014 1722 4090 jam

376 4103 618 4179 pronunciatums
640 4103 734 4164 iuerat
756 4103 972 4164 conscribendis
994 4103 1127 4179 pluribus
1149 4101 1266 4177 libeliis,
1290 4120 1364 4179 quos
1380 4102 1472 4164 literis
1487 4102 1525 4164 ad
1540 4102 1722 4162 Hervvartum

377 4190 453 4249 datis
476 4197 626 4249 enumerat
648 4191 709 4263 (cir.
727 4194 749 4248 I.
768 4194 821 4258 62).

474 4276 615 4354 'l'ychone
637 4285 750 4336 mortuo
774 4270 893 4357 (1601)
916 4282 1101 4335 astronomus
1124 4275 1317 4338 Caesarianus
1339 4284 1464 4353 creatus,
1487 4293 1552 4337 oum
1574 4274 1723 4355 'lychonis

377 4379 467 4440 opera
486 4364 588 4425 relicta
610 4382 725 4425 cernere
748 4372 779 4423 et
800 4364 885 4423 edere
904 4364 1004 4438 jussus
1027 4371 1114 4438 esset,
1136 4363 1252 4442 Pragee
1274 4364 1383 4442 degens
1406 4363 1561 4442 impeditas
1583 4372 1637 4436 est,
1663 4382 1723 4440 quo

378 4453 474 4523 minus
496 4454 689 4529 propositum,
713 4450 791 4527 quod
815 4451 948 4524 diximus,
971 4450 1129 4526 perficeret.
1169 4453 1210 4511 at
1233 4451 1302 4512 dam
1323 4471 1370 4514 res
1391 4469 1411 4513 a
1431 4453 1581 4529 proposito
1603 4451 1723 4527 alienas,

375 4537 526 4615 Rudolphi
547 4540 733 4616 Imperatoris
756 4548 786 4597 et
808 4538 970 4599 aulicorum
992 4553 1092 4598 amore
1114 4547 1144 4599 et
1165 4542 1371 4616 superstitione
1393 4541 1538 4614 obtrusas,
1561 4541 1631 4618 agit,
1653 4538 1723 4600 dum

375 4626 487 4702 majore
514 4628 545 4685 i11
575 4626 637 4687 dies
664 4624 803 4702 astrologi
829 4627 946 4686 nomine
976 4625 1171 4688 inclarescens
1194 4626 1231 4688 de
1253 4627 1398 4689 sideribus
1419 4625 1566 4687 nataliciis
1588 4635 1619 4688 et
1639 4629 1723 4704 geni-

376 4716 449 4774 turis
470 4716 501 4772 in
522 4714 675 4774 consilium
696 4720 819 4773 vocatur
847 4721 877 4772 et
904 4730 999 4773 rerum
1025 4715 1126 4791 inopia
1153 4714 1371 4777 consulentibus
1397 4714 1573 4792 respondere
1600 4717 1721 4792 cogitur,

376 4800 439 4863 tisri
460 4817 519 4861 non
541 4803 647 4877 potuit,
675 4805 746 4877 quin
768 4800 811 4859 illi
832 4800 879 4859 his
902 4800 989 4860 rebus
1012 4809 1157 4879 occupato
1183 4805 1275 4878 nodo,
1303 4820 1392 4879 quam
1421 4802 1457 4864 de
1487 4803 1723 4880 proportionibus

376 4886 553 4953 harmonicis
575 4888 832 4957 cumeosisetium
859 4904 1013 4965 corporum
1038 4897 1121 4953 motu
1150 4890 1362 4968 coniungendis
1388 4899 1573 4969 conceperat,
1602 4891 1723 4968 propius
