3792 5860
575 456 754 528 Harmonicis.
781 472 934 565 hiberin.
958 474 1046 547 Caput
1058 477 1104 533 Ν.
1455 490 1516 553 lit

242 640 336 707 Porro
365 651 593 726 comparationis
624 671 678 714 san
706 654 913 715 abstractionis
942 655 1097 717 methodus
1112 655 1186 718 'slis
1220 669 1265 720 est
1291 661 1435 737 generalis
1463 650 1516 725 seu

155 730 349 806 arithmetica,
373 734 433 793 alia
454 738 600 815 specialis,
624 739 807 803 harmonicen
828 746 953 820 proprio.
1001 745 1191 807 Arithmetice
1220 749 1339 824 quidem
1369 750 1517 828 eliguntur

156 832 287 879 consona
309 823 423 882 minora
448 822 555 901 duplo,
587 844 710 905 quornm
733 847 824 889 tinum
851 847 910 890 non
934 833 973 890 sit
994 831 1114 891 alterius
1136 851 1205 911 pars
1234 837 1318 913 talis,
1349 856 1437 916 quam
1461 838 1515 900 de·
1621 891 1623 895 ,

153 906 318 982 signaverit
339 909 442 987 aliqua
461 912 605 975 medietas
628 916 797 979 hannonica
819 921 923 996 capitis
945 921 1113 996 superioris.

174 1023 328 1087 Intersunt
352 1045 421 1105 ergo
796 1035 930 1105 innotis,
951 1050 985 1089 ex
1004 1036 1158 1106 anticipato.

154 1124 221 1164 tntsr
233 1135 289 1166 cos·
338 1130 426 1169 conrin-
621 1119 634 1152 ⁸

160 1179 289 1220 sonaistar
316 1164 732 1278 nuwffq—fssg-'ff
864 1207 932 1213 -w-
1030 1173 1046 1230 ἶ
1138 1217 1143 1229 .

380 1262 392 1303 r‘
495 1242 526 1279 ἰ
631 1278 655 1283 ”⁴
699 1242 744 1285 :-
817 1280 823 1284 ·
951 1315 969 1322 -

157 1316 167 1346 a
235 1318 244 1346 r
355 1319 368 1352 o

446 1735 542 1787 ortum
564 1745 678 1802 eornm,
712 1743 741 1793 et
763 1752 852 1811 quam
874 1736 1027 1814 quodlibet
1054 1755 1090 1798 ex
1113 1743 1177 1795 ortu
1198 1751 1253 1794 suo
1281 1736 1419 1795 sortiatur
1440 1735 1511 1796 alti·

154 1807 297 1870 tudinem.
340 1812 416 1873 Nam
457 1831 507 1892 par
536 1831 637 1876 amnes
664 1822 883 1898 proportionum
919 1822 1179 1901 comparandarum
1214 1823 1354 1882 terminos
1385 1822 1511 1899 majores

156 1914 233 1956 unns
255 1906 285 1958 et
306 1898 383 1960 idem
407 1900 532 1962 circulus
554 1911 634 1964 totus
655 1917 890 1984 repraesentatur
910 1914 997 1989 cique
1011 1912 1139 1989 analoga
1158 1908 1266 1970 chorda
1282 1911 1404 1985 integra,
1428 1926 1511 1970 conr·

156 1986 253 2044 munis
275 1990 410 2049 omnibus
433 1990 613 2051 sectionibus
634 1992 820 2058 harmonicis.
854 1999 960 2075 ¹Igitur
983 2000 1117 2059 omnibus
1131 2001 1261 2057 numeris
1283 1998 1429 2079 majorum
1450 2008 1511 2057 ter·

155 2074 300 2131 minorum
323 2093 358 2135 ex
381 2078 559 2137 sectionibus
582 2079 767 2157 harmonicis,
789 2085 902 2145 scilicet
924 2088 958 2157 ⁸2,
982 2088 1015 2160 3,
1039 2090 1077 2159 4,
1102 2088 1137 2159 i,
1153 2090 1197 2160 -ti,
1223 2086 1257 2157 5¹
1284 2084 1302 2142 Β
1325 2084 1509 2160 timiiudus

157 2168 202 2219 est
224 2166 386 2223 communis
409 2167 545 2226 minimus
568 2166 706 2228 dividuus
732 2173 807 2245 120,
831 2181 861 2232 et
883 2172 992 2232 chorda
1007 2182 1070 2234 tota
1092 2182 1136 2233 est
1153 2170 1361 2250 distinguenda
1383 2172 1413 2228 in
1436 2173 1509 2231 tnti-

156 2247 222 2305 clem
245 2258 344 2324 partes
367 2250 521 2328 aequales,
554 2263 588 2313 ut
609 2272 699 2315 sonus
721 2261 812 2319 totius
835 2259 960 2322 chordae
984 2261 1177 2321 constituatur
1205 2277 1258 2338 pro
1281 2252 1426 2318 communi
1449 2266 1511 2319 ter·
1605 2303 1613 2330 ,

92 2399 98 2409 Ι
156 2336 233 2392 mino
257 2337 368 2412 majore
391 2341 520 2400 omnium
543 2358 736 2404 consonorum
767 2364 817 2424 per
846 2350 992 2408 sectiones
1019 2348 1178 2419 factorum,
1209 2355 1238 2408 et
1266 2344 1508 2407 accommodanti

156 2423 272 2481 termini
293 2427 440 2501 minores,
471 2435 504 2486 ut
525 2430 600 2488 inter
623 2448 655 2492 so
678 2437 837 2513 comparati
861 2426 1039 2496 constituant
1060 2435 1217 2496 intervalla
1244 2435 1401 2506 concinna,
1435 2451 1511 2510 quas

158 2507 214 2569 hoc
238 2513 335 2588 capite
359 2516 589 2592 investigantur3
612 2519 757 2594 prodeunt
779 2531 879 2585 autem
901 2522 1021 2597 eadem,
1044 2541 1122 2599 quae
1143 2526 1225 2601 prius
1247 2520 1438 2593 arithmetice.

575 2604 649 2701 Ecce
672 2608 701 2665 in
724 2611 802 2667 notin
824 2628 860 2670 ex
882 2613 1051 2688 anticipato.

726 2721 870 2815 ΗΖ-
907 2760 923 2767 -

559 2827 665 2878 sipon.

358 2873 376 2945 ἦ
479 2852 496 2955 s
518 2880 552 2936 00
561 2891 597 2922 nm
617 2891 667 2931 nro·

581 2935 654 2983 portin

577 2986 647 3028 haas:

519 3065 553 3122 as
799 3030 803 3129 l
886 3006 924 3099 Ι.

554 3063 610 3259 p
887 3130 889 3145 -

360 3240 375 3312 i
519 3258 610 3476 repn
632 3230 665 3301 1⁹0
779 3316 849 3376 1no

298 3450 376 3559 :l
420 3478 459 3523 ast
520 3468 556 3524 80

554 3500 738 3693 }·l›
825 3516 1023 3642 '³⁷²srs

519 3678 554 3734 ⁹⁰
1023 3653 1126 3781 2⁸⁰3
1162 3726 1198 3783 so

884 3850 890 3909 ι
1197 3794 1346 3908 ⁴⁹⁶srno
1430 3818 1433 3827 ’

634 3897 664 3969 ¹⁹⁰
778 3939 864 3997 rs
934 3940 1038 4013 exa
1107 3943 1125 3998 r
1195 3930 1373 4003 ncrm'

160 4331 207 4386 scd
224 4329 298 4384 hene
316 4327 344 4382 in
361 4328 480 4382 minores
499 4326 601 4398 speciei
619 4324 737 4380 citerius
774 4326 798 4380 3.
816 4324 858 4393 Si,
880 4330 914 4380 ut
930 4341 996 4395 pars
1020 4325 1199 4397 multiplicata
1221 4335 1303 4398 auget
1327 4328 1515 4401 quantitatem,

159 4408 301 4466 nicetium
319 4423 384 4477 pars
402 4407 596 4463 consonantiae
614 4402 795 4466 consonaret
812 4402 945 4459 concinna
962 4414 1074 4474 angeret
1092 4408 1296 4463 consonantiam
1318 4408 1361 4464 vel
1379 4407 1514 4463 concinni-

158 4496 243 4545 tatem
260 4487 356 4555 totins,
375 4503 430 4542 non
448 4485 620 4542 efficerentur
635 4483 744 4539 tandem
762 4498 797 4537 ex
815 4483 1031 4540 accumulatione
1049 4484 1234 4541 dissonantiae
1257 4495 1284 4541 et
1301 4485 1471 4543 inconcinna

230 4566 362 4638 Quassus
379 4565 414 4619 Π.
449 4565 492 4620 An
510 4564 703 4620 consonantiae
719 4564 840 4618 habeant
857 4579 939 4618 unam
957 4579 1125 4619 communem
1142 4579 1309 4634 mensuram,
1327 4571 1395 4635 puta
1411 4574 1513 4622 tonnnn

161 4642 258 4712 diesin,
277 4660 383 4698 comma
401 4643 474 4703 etei
509 4644 649 4714 Nequiter,-
667 4659 754 4713 neque
772 4645 843 4698 enim
862 4650 893 4699 ut
910 4650 975 4698 sunt
986 4644 1184 4713 proportiones,
1202 4643 1266 4712 quia
1278 4644 1318 4700 sic
1330 4651 1396 4701 sunt
1413 4645 1513 4702 mcum·

159 4722 371 4793 mensurabiles,
394 4721 423 4776 iu
445 4729 488 4779 est
506 4721 740 4779 commensurabili
757 4736 885 4776 mensura
901 4729 1041 4790 carentes3
1066 4734 1154 4791 neque
1171 4728 1202 4775 ut
1219 4729 1284 4776 sunt
1303 4724 1425 4794 species,
1451 4724 1514 4792 quia
1539 4746 1542 4753 ¹

141 4801 265 4867 causis,
288 4817 323 4856 ex
343 4800 442 4869 quibus
460 4810 535 4857 ortae
554 4800 706 4871 quibusque
724 4799 864 4857 definitae,
893 4799 973 4855 etiam
992 4808 1087 4855 contra
1108 4815 1138 4855 se
1156 4807 1250 4856 mutuo
1273 4802 1417 4859 distinctae
1441 4811 1512 4859 sunt.

158 4880 270 4934 Habent
287 4896 313 4934 n.
333 4878 531 4953 quodammodo
549 4886 675 4934 naturam
692 4878 846 4948 figurarum,
862 4877 920 4947 jam
937 4890 1002 4932 reru
1019 4877 1143 4946 trigonus
1154 4886 1183 4933 et
1193 4884 1363 4949 pentagonus
1375 4879 1404 4936 ln
1418 4880 1513 4934 eodem
1585 4886 1587 4890 “

159 4959 262 5016 circulo
285 4956 471 5031 longitudines
500 4957 603 5014 hahent
623 4957 739 5016 latemm
768 4955 1062 5015 incommensurabiles.
1104 4957 1227 5031 Denique
1253 4974 1382 5016 mensura
1405 4959 1514 5031 quidem
