3840 5854
612 1728 1078 1829 PROOEMIUM.

773 1932 926 1955 --··-ι····

295 2053 422 2166 Kepleri
457 2087 523 2147 libri
556 2091 634 2167 typis
668 2090 813 2166 expressi,
846 2105 914 2149 cnm
945 2089 1074 2148 maxims
1107 2107 1144 2150 ex
1180 2094 1262 2166 perte
1295 2089 1460 2166 pertinssut
1487 2086 1525 2149 ad

172 2179 397 2248 astronomiam,
429 2181 526 2236 tamen
555 2177 592 2235 ad
620 2193 710 2236 unum
743 2193 844 2236 omnes
873 2184 1046 2254 argumento
1077 2183 1159 2251 eant,
1191 2184 1301 2252 quanto
1331 2175 1429 2235 studio
1457 2192 1526 2235 ver-

171 2266 285 2324 severit
314 2264 468 2337 classicos,
497 2280 571 2339 qnos
598 2271 719 2339 socam,
747 2264 903 2340 scriptores
927 2272 959 2324 et
985 2272 1096 2340 questa
1122 2264 1209 2323 luerit
1237 2264 1301 2340 ejus
1322 2262 1526 2340 philosophiae

172 2353 306 2411 mentia„
351 2350 446 2410 Plena
472 2358 541 2409 sont
568 2354 668 2412 omnia
689 2354 840 2423 essentiis
870 2349 1049 2411 Greecmum
1070 2351 1329 2429 Romanorumque
1354 2353 1526 2428 scriptorum

173 2448 204 2498 et
225 2446 394 2515 poetarum,
425 2444 555 2501 ueterum
589 2438 859 2499 mathematicorum
892 2428 922 2499 et
951 2446 1183 2499 astronomorum
1216 2438 1525 2516 philosophorumque,

173 2525 214 2584 sd
237 2542 299 2585 rem
319 2542 404 2585 snam
426 2524 608 2601 prebendam
631 2528 736 2586 citetis.
790 2526 836 2585 En
856 2525 992 2585 omnihus
1020 2526 1084 2603 ejus
1112 2526 1249 2603 operibus
1270 2526 1367 2602 elucet
1387 2526 1525 2601 etudlurn,

175 2614 344 2673 recentioris
371 2614 477 2672 aeuus
505 2614 648 2673 rationem
676 2613 919 2691 disciplinamque
941 2612 979 2673 ad
1002 2631 1046 2689 ea,
1077 2628 1153 2692 quae
1175 2622 1289 2674 ueteres
1311 2621 1526 2691 perspexerant,

176 2699 318 2760 releeudi
340 2697 520 2775 slteremque
541 2708 668 2761 aetatem
691 2700 784 2762 altera
805 2698 968 2763 dissuendi
992 2708 1022 2761 et
1043 2699 1220 2777 stabiliendi,
1253 2699 1436 2762 Gravissima
1449 2703 1526 2763 enim

175 2786 345 2848 Aristotelia
378 2802 480 2873 epora,
514 2804 574 2864 qua
606 2790 713 2866 scripta
742 2795 811 2848 eunt
839 2787 956 2865 lingua,
989 2788 1174 2849 lectitaverat
1203 2787 1325 2864 ejusque
1354 2790 1525 2867 interpretes

174 2876 288 2951 priores
310 2882 340 2935 et
359 2876 535 2951 posteriores
558 2875 658 2935 subtili
676 2875 789 2951 jndicio
809 2878 1046 2952 masuerum
1076 2874 1209 2936 Platonis
1230 2892 1300 2935 vern
1322 2876 1441 2953 ingenio
1464 2884 1527 2937 eret

175 2964 344 3036 innutritus,
366 2969 396 3022 et
418 2979 494 3038 qnae
516 2961 552 3022 de
567 2962 738 3039 Pythagora
760 2963 883 3039 ejusque
904 2961 1007 3023 schole
1028 2962 1072 3022 illi
1094 2962 1185 3023 aetati
1206 2960 1315 3021 tradita
1337 2970 1428 3040 mant,
1450 2980 1527 3039 queo

174 3051 215 3109 ah
246 3048 420 3126 aequalibus
449 3047 487 3109 de
515 3048 619 3109 schole
653 3051 711 3110 ista
741 3053 850 3127 scripte
883 3057 978 3126 erant,
1015 3051 1045 3108 in
1079 3067 1115 3111 ea
1148 3047 1352 3126 cognoscenda
1384 3050 1526 3127 quidquid

174 3135 323 3212 reliquum
344 3143 408 3195 erat
427 3138 567 3212 temporis
589 3139 786 3198 aeconomiae
808 3137 869 3198 dati
892 3137 1089 3215 impendebat.
1129 3135 1298 3197 Sententiae
1320 3153 1390 3196 vero
1411 3137 1528 3216 Pytha·

173 3240 350 3299 gmaeomm
374 3221 410 3283 de
432 3232 513 3282 motu
536 3240 689 3300 corporum
713 3225 883 3286 coelestium
908 3226 946 3285 ah
967 3224 1127 3286 Aristotele
1149 3233 1180 3284 et
1201 3223 1375 3284 Arohlmede
1396 3224 1528 3301 proditas

174 3313 285 3387 insigni
317 3327 386 3371 eura
418 3311 656 3387 prosequebatur,
690 3312 975 3390 Pythagorieamque
1006 3314 1045 3373 ab
1080 3309 1238 3375 Aristotele
1269 3314 1367 3370 minue
1401 3310 1527 3374 dilucide

173 3398 315 3459 traditam
327 3414 423 3457 rerum
440 3399 637 3459 uniuersitatis
651 3401 793 3460 rationem
806 3398 952 3461 illustrare
966 3407 996 3461 et
1010 3398 1164 3461 emendare
1175 3396 1312 3459 studebat
1324 3400 1539 3478 notitiamque,

173 3495 297 3546 enetore
319 3478 479 3562 cepemico'
502 3486 541 3546 ab
563 3485 739 3547 Archimede
762 3486 940 3562 deauratam,
970 3505 1031 3565 qua
1053 3487 1173 3548 'l'ersm
1195 3487 1273 3547 circa
1294 3485 1394 3547 Solem
1414 3490 1527 3549 moueri

174 3572 363 3634 Aristarchus
385 3570 521 3633 doemme
544 3572 716 3650 crederetur,
748 3574 786 3636 ad
805 3574 1015 3637 stahiiiandam
1036 3574 1267 3653 Gopmpieeuam
1289 3590 1384 3633 rerum
1407 3577 1526 3636 umre-

171 3662 273 3721 eitatie
286 3663 437 3733 rstiouena
460 3662 569 3739 quippe
582 3678 660 3739 quae
674 3679 741 3723 eum
757 3663 824 3735 aliie
837 3663 943 3737 sends,
967 3671 1027 3723 tum
1043 3670 1191 3724 retustste
1206 3663 1331 3721 maxime
1347 3662 1526 3738 probaretur,

173 3756 377 3810 oeuoearerat
422 3747 530 3808 Mirum
556 3757 654 3810 autem
681 3751 711 3809 in
740 3749 858 3811 modum
880 3757 976 3810 motus
999 3756 1063 3811 erat
1082 3749 1203 3828 Kepleri
1226 3749 1340 3809 animas
1362 3749 1527 3810 mathema·

174 3838 250 3910 ties,
272 3852 292 3895 a
312 3833 526 3915 dersgoraeis
555 3835 696 3911 adiuama
723 3836 933 3914 philosophicis
962 3838 1269 3911 commentationibus,
1306 3836 1526 3912 quaestionibus

174 3940 279 3984 eoram
309 3921 345 3983 de
374 3925 500 3983 nemeis
529 3931 560 3983 et
588 3922 623 3984 de
651 3942 700 3998 ea,
727 3941 805 4000 quae
832 3926 907 3984 inter
935 3923 989 3984 hos
1011 3932 1041 3985 et
1063 3922 1233 3985 coelestium
1254 3939 1408 4000 corporum
1429 3931 1526 3985 motus

175 4008 379 4083 intercederet,
393 4012 515 4083 ratione,
539 4009 574 4069 de
589 4013 698 4070 tributa
712 4009 926 4088 Pythsgoreeis
942 4020 1014 4086 arte,
1036 4028 1126 4072 sonos
1141 4012 1325 4074 hannonieos
1339 4010 1526 4072 adnumeres

175 4095 334 4171 referendi,
364 4095 401 4159 de
430 4096 543 4159 illorum
571 4098 732 4175 geometris
755 4106 784 4159 et
806 4100 835 4156 in
856 4115 895 4158 ea
917 4097 953 4159 de
978 4099 1161 4176 regularibus
1191 4099 1317 4160 maxime
1345 4100 1526 4175 corporibus,

176 4185 285 4263 quihus
303 4183 501 4262 Pythagoraei
523 4185 722 4263 symbolorum
744 4186 936 4245 amentissimi
956 4186 1113 4263 plurimum
1136 4188 1306 4248 tribuerunt.

285 4270 390 4349 Itaque
412 4271 571 4348 Keplerus,
598 4272 661 4349 jam
688 4272 758 4333 dam
786 4275 816 4332 in
843 4275 999 4335 seminario
1028 4273 1196 4352 theologmo
1218 4273 1400 4350 'l'uhingeusi
1427 4272 1541 4359 philo-¹

174 4358 301 4437 sophiae
327 4367 357 4419 et
382 4360 577 4420 astronomiae
604 4377 723 4437 operam
743 4359 810 4434 dat,
838 4368 953 4422 erectus
973 4364 1168 4439 cogitatione,
1197 4360 1368 4423 coelestium
1394 4368 1525 4423 metram

176 4447 259 4524 leges
290 4445 329 4505 sd
358 4462 540 4506 communem
568 4463 700 4508 normam
728 4447 963 4509 mathematicam
993 4449 1148 4523 referendi,
1180 4466 1240 4510 rem
1266 4465 1286 4507 a
1311 4447 1526 4526 Pythagorasis

176 4541 322 4596 tentatam
344 4540 374 4592 et
395 4536 458 4610 ipse
478 4550 636 4611 eggressus
659 4543 712 4594 est
747 4534 934 4613 Quamquam
956 4536 1124 4598 dissertatio
1148 4534 1204 4612 ,de
1219 4535 1323 4596 Luna“
1347 4553 1425 4596 enno
1442 4537 1524 4596 1593

176 4640 197 4682 a
217 4621 347 4699 Keplero
370 4622 542 4695 conscripta,
565 4622 649 4699 cujus
670 4639 879 4698 nonnunquam
900 4626 1009 4684 mentio
1031 4623 1065 4683 tit
1086 4625 1146 4695 (atr.
1159 4623 1220 4681 Vol
1232 4625 1253 4681 i.
1264 4641 1291 4694 p.
1306 4625 1347 4682 lt.
1357 4626 1393 4680 11.
1412 4641 1439 4695 p.
1451 4626 1525 4695 tet),

176 4710 300 4770 lormaru
328 4709 423 4785 magis
450 4715 480 4769 et
510 4710 689 4785 superlielam
711 4709 814 4772 husee
842 4717 990 4786 spedmm
1019 4719 1051 4772 et
1071 4706 1217 4785 quaedam
1239 4706 1276 4768 de
1296 4707 1401 4768 Lunae
1422 4707 1526 4767 incolis

176 4798 283 4859 lusisse
297 4794 424 4871 videtur,
446 4797 592 4859 mentione
615 4803 712 4857 tamen
727 4794 913 4875 Pythagorae
935 4799 1044 4874 injecta
1065 4794 1259 4857 adolescentie
1282 4797 1412 4856 animum
1433 4793 1524 4855 Samii

177 4886 276 4964 magui
296 4882 488 4962 philosophie
506 4883 569 4959 jam
582 4889 645 4945 tum
664 4890 777 4945 mium
791 4901 857 4947 esec
870 4893 1000 4963 apparet
1037 4883 1126 4944 Brevi
1140 4889 1311 4961 postquam
1328 4882 1525 4961 praeceptaria

1318 4982 1352 5036 1*
