3940 5856
392 407 454 465 342
903 392 1052 451 Ptolemaei
1068 394 1225 451 Harmonia.

389 566 537 656 faciliora,
562 585 591 639 et
612 596 725 655 rursum
748 595 813 638 cum
837 595 890 657 ea,
913 586 990 653 quae
1012 578 1079 635 visu
1102 577 1220 654 cognita
1243 584 1324 651 sunt,
1353 579 1476 657 poitiois
1499 575 1744 655 descriptionibus

389 672 644 745 repraesentantur
667 666 704 727 ad
726 669 838 741 virum,
860 673 894 724 ut
915 665 1145 739 suntduetuum
1168 673 1304 742 aspectus
1333 675 1362 725 et
1385 665 1517 725 locorum
1539 665 1630 726 iacies
1652 667 1744 725 situs·

396 773 453 833 que
477 764 506 814 et
527 772 644 832 pugnae
667 764 696 814 et
718 754 989 813 affectuum·animi
1012 753 1236 813 constitutiones
1258 754 1446 828 subitancae;
1470 751 1544 812 adeo
1560 753 1688 829 quidem,
1713 760 1744 811 ut

390 842 556 903 auditorum
585 843 675 901 animi
704 843 858 918 speciebus
885 848 1066 900 narratarum
1104 848 1134 899 et
1157 838 1375 917 ‚descriptarum
1404 857 1500 901 rerum
1528 841 1745 902 conformentur

390 947 448 990 non
471 947 571 1004 secus,
595 946 630 990 ac
652 931 676 987 si
699 929 765 988 illas
788 945 886 1011 eoram
910 922 1188 1005 intueremnrffl).

474 1050 531 1110 Sic
551 1054 650 1126 itaque
673 1050 722 1130 dt,
754 1058 788 1110 ut
810 1049 868 1110 duo
892 1051 939 1108 isti
963 1066 1067 1109 sensus
1094 1064 1154 1107 non
1176 1065 1211 1107 eo
1233 1047 1345 1122 solum,
1374 1047 1453 1125 quod
1479 1052 1597 1127 propria
1619 1051 1744 1127 quilibet

392 1138 509 1213 objecta
530 1140 671 1225 percipit,
702 1138 753 1198 sed
778 1140 865 1197 etiam
889 1154 933 1211 eo,
958 1136 1076 1214 qnodc
1061 1137 1212 1196 conserunt
1234 1152 1338 1213 operas
1367 1144 1397 1196 ιι
1419 1145 1542 1196 ιοιιιιι
1564 1147 1681 1196 mutuos
1705 1138 1744 1198 ad

389 1225 529 1285 discenda
561 1234 590 1285 et
620 1224 844 1303 contemplanda
874 1225 941 1295 illa,
974 1242 1050 1300 quac
1081 1224 1222 1299 cujusque
1253 1225 1371 1300 propria
1395 1225 1509 1283 ratione
1540 1225 1683 1285 elaborari
1714 1234 1744 1285 et

389 1314 529 1389 compleri
552 1313 676 1388 debent,
701 1322 734 1372 ut
756 1321 879 1388 utroque
900 1310 1036 1385 modo,
1028 1328 1164 1412 mquam,
1195 1310 1349 1389 plurimum
1372 1310 1525 1387 proficiant
1551 1312 1588 1371 ad
1612 1313 1743 1389 pulchri-

388 1401 519 1460 tudinem
543 1409 572 1460 et
595 1401 767 1481 utilitatem,
791 1403 892 1476 sicque
914 1415 973 1458 non
996 1400 1052 1475 ipsi
1075 1406 1197 1472 tantum,
1221 1397 1382 1458 sedetiam
1404 1401 1553 1473 scientiae,
1578 1416 1653 1476 quae
1675 1408 1744 1459 sunt

388 1488 521 1548 alterutri
543 1487 720 1559 familiares,
744 1494 778 1546 ut
800 1503 935 1563 quaeque
957 1485 1074 1546 illarum
1098 1495 1143 1545 est
1164 1486 1277 1544 ratione
1301 1488 1426 1545 maxime
1448 1486 1613 1565 particeps3
1638 1487 1743 1563 cujus·

390 1574 470 1634 modi
495 1582 539 1634 est
563 1592 598 1635 ex
621 1574 846 1651 parteqnidem
869 1577 952 1632 visus
975 1582 1004 1632 et
1025 1578 1123 1632 motus
1139 1571 1242 1632 localis
1266 1589 1374 1647 eorum,
1398 1590 1474 1648 quae
1491 1577 1557 1633 visu
1571 1574 1636 1633 solo
1660 1592 1743 1634 com-

389 1658 528 1741 prehendi
552 1670 691 1741 possnnt,
722 1661 780 1721 boc
810 1669 855 1722 est
877 1660 1048 1720 coelestium
1072 1677 1239 1740 corporum,
1272 1657 1464 1732 astronomia,
1494 1679 1529 1720 ex
1561 1670 1644 1739 parte
1673 1679 1742 1722 vero

389 1751 586 1810 astronomiae
620 1757 650 1809 et
683 1749 867 1809 harmonices
890 1743 1119 1827 cognationi).
1166 1746 1292 1805 Auditus
1322 1757 1352 1807 et
1379 1755 1475 1807 motus
1505 1750 1608 1809 iterum
1639 1748 1742 1809 localis
1830 1750 1834 1757 ’

390 1854 503 1910 eorum,
528 1853 604 1913 quae
628 1836 729 1896 auditu
753 1836 821 1897 solo
845 1834 1049 1912 comprehendi
1072 1844 1210 1912 possunt,
1233 1834 1290 1892 hoc
1313 1843 1358 1894 est
1378 1853 1530 1896 sonorum:
1559 1837 1742 1913 harmoniae;

388 1923 492 1984 ambae
516 1923 634 1999 quidem
656 1925 794 1984 ministris
818 1932 847 1985 et
869 1926 1068 1983 instrumentis
1092 1924 1164 1981 citra
1182 1925 1411 1983 controversiam
1426 1923 1609 2007 arithmetica
1625 1932 1654 1984 et
1668 1942 1743 1999 geo·

388 2014 491 2071 metria
513 2029 600 2086 usae,
634 2012 671 2070 ad
695 2013 889 2088 quantitatem
913 2027 983 2070 vero
1016 2018 1046 2070 et
1067 2009 1240 2085 qualitatem
1263 2011 1422 2086 primorum
1452 2019 1584 2071 motuum
1610 2023 1742 2073 contem·

387 2099 536 2176 plaudam,
559 2099 749 2159 consobrinae
760 2095 845 2179 W)
867 2099 919 2158 et'
912 2115 993 2173 ipsae
1009 2101 1177 2168 existentes,
1200 2098 1311 2173 quippe
1334 2097 1449 2157 duabus
1472 2109 1560 2160 natae
1583 2101 1741 2171 sororibus,

387 2188 454 2246 risu
476 2193 507 2246 et
527 2185 641 2260 auditu,
665 2206 683 2247 a
705 2187 865 2247 nutricibus
890 2202 959 2244 vero
982 2202 1018 2247 ex
1043 2186 1218 2301 cognatione
1240 2201 1295 2243 sua
1309 2189 1450 2261 montenis
1472 2186 1625 2260 educatae,
1648 2187 1742 2246 arith·

387 2277 495 2334 metica
516 2282 546 2334 ot
562 2276 729 2350 geometria
740 2270 848 2351 ΜΠ).

473 2409 547 2464 Nota
564 2396 638 2465 XXI
675 2408 771 2464 Statim
795 2423 812 2462 a
830 2413 889 2461 tota
906 2405 1146 2477 mathematica,
1137 2421 1165 2458 m
1184 2419 1265 2474 quam
1293 2414 1462 2471 excurrerat,
1488 2423 1517 2462 se
1537 2409 1685 2479 recipiens,
1709 2411 1744 2466 ad

387 2494 495 2556 partem
514 2485 574 2554 ejus
591 2485 775 2541 harmonicam
793 2485 924 2556 paulatim
943 2484 1097 2551 revertitur,
1116 2484 1179 2538 dum
1199 2485 1318 2554 explieat
1336 2487 1405 2541 duos
1419 2502 1516 2543 sensus
1536 2489 1744 2545 mathematicae

387 2566 495 2638 quidem
513 2565 564 2634 tqti
583 2564 750 2630 famulantes,
771 2565 819 2620 ssd
837 2580 952 2633 qnorum
970 2563 1040 2617 alter
1057 2562 1215 2617 harmoniae
1234 2564 1361 2633 proprius
1380 2568 1423 2637 sit,
1442 2568 1551 2623 auditus
1570 2569 1682 2635 scilicet,
1701 2585 1744 2625 ιι·

386 2647 451 2704 teris
470 2647 540 2700 enim
560 2644 757 2699 mathematicis
777 2641 926 2713 disciplinis
945 2649 1051 2697 ιιιιιιι
1073 2655 1124 2709 per
1141 2642 1268 2697 accidens
1287 2647 1382 2699 seruit
1408 2653 1521 2716 propter
1544 2647 1648 2713 scilicet
1666 2647 1743 2702 insti·

384 2724 504 2803 tationes
522 2723 619 2793 orales,
638 2739 708 2794 quac
728 2731 843 2816 possent
862 2724 944 2777 etiam
963 2734 1012 2791 per
1032 2720 1117 2775 solam
1137 2720 1279 2776 lectionem
1296 2723 1366 2793 fieri,
1385 2733 1413 2779 at
1431 2724 1745 2794 harmonicadisciplina

387 2806 446 2861 sine
470 2803 564 2873 auditu
591 2803 678 2874 (qnod
703 2804 833 2859 musicam
858 2801 970 2867 attinet)
999 2799 1070 2855 tradi
1094 2800 1197 2870 nequit
1239 2802 1389 2871 Propterea
1416 2803 1536 2857 ostendit
1547 2804 1743 2887 Ptolemaeus,

387 2868 522 2973 quomodo
548 2889 663 2950 uterque
689 2897 788 2937 sensus
812 2881 886 2936 circa
902 2889 1006 2935 motum
1033 2880 1149 2935 localem
1176 2896 1253 2935 snam
1272 2882 1409 2951 propriam
1428 2870 1567 2938 seientiam
1592 2884 1744 2954 progignat,

386 2960 461 3016 uisus
479 2961 680 3027 astronomiam,
702 2959 812 3016 auditus
831 2959 1014 3015 harmonicen
1052 2958 1133 3012 Certo
1152 2964 1243 3012 autem
1263 2959 1375 3014 consilio
1395 2959 1429 3013 de
1447 2961 1490 3015 bis
1504 2960 1609 3019 duabus
1624 2964 1744 3018 scientiis

385 3038 538 3107 praefatur,
565 3039 724 3105 ostendens,
749 3039 884 3107 quomodo
903 3040 977 3094 cirea
994 3052 1042 3093 eoa
1060 3053 1157 3092 sensus
1183 3038 1291 3094 auditus
1311 3046 1338 3094 et
1356 3038 1430 3093 visits
1456 3039 1533 3094 sibi
1524 3041 1641 3097 mricem
1659 3042 1743 3097 famer·

386 3116 492 3184 lentur,
509 3115 614 3173 scilicet
631 3125 661 3172 ut
680 3118 724 3173 rel
743 3118 782 3173 ιιι
801 3117 893 3172 statim
910 3114 988 3173 initio
1007 3123 1117 3184 gustum
1136 3116 1266 3185 praebeat
1290 3118 1429 3171 societatis
1448 3119 1590 3187 utriusque
1616 3121 1744 3176 scientiae

386 3192 414 3247 in
432 3194 639 3263 participatione
658 3196 864 3285 proportionum
882 3192 1101 3247 harmonicarum
1125 3201 1153 3247 et
1171 3193 1211 3249 sic
1229 3194 1366 3248 axiomata
1384 3204 1552 3263 praestruat,
1580 3198 1680 3265 quibus
1698 3199 1744 3254 de·

386 3278 532 3336 monstret,
557 3273 745 3328 harmonias
738 3291 766 3327 ιι
784 3272 860 3327 coelo
883 3272 951 3326 essa.
989 3268 1064 3325 Hae'b
1089 3270 1257 3328 discurrendi
1282 3275 1368 3337 ratio
1363 3273 1507 3329 lectorum
1526 3275 1680 3343 aliquibus·
1689 3292 1743 3331 non

386 3349 453 3404 satis
470 3349 548 3404 firma
572 3366 622 3405 nee
640 3353 760 3420 legitima
779 3358 805 3406 et
823 3351 912 3421 logica
930 3364 991 3405 esse
1009 3349 1157 3419 videbitur,
1184 3351 1233 3406 sed
1258 3352 1356 3407 saltem
1375 3352 1591 3421 symbolicam
1615 3354 1744 3423 sequelae

386 3434 439 3484 seri
454 3418 616 3486 connexioni
639 3432 821 3501 qualicunque
844 3429 1008 3485 fabularum.
1018 3393 1165 3485 Ouidiana'e
1183 3431 1438 3500 Metamorphoscos
1464 3431 1584 3487 similior.
1621 3435 1658 3487 At
1682 3450 1743 3488 cum

387 3508 424 3563 sit
440 3508 519 3563 locus
536 3526 587 3578 per
603 3526 634 3566 se
647 3510 787 3580 jucundus
805 3516 833 3564 et
850 3507 939 3577 utilis,
966 3509 1096 3576 detegens
1115 3509 1214 3563 artium
1232 3510 1484 3564 mathematicorum
1509 3525 1692 3582 sensuumque
1710 3515 1744 3569 iis

385 3588 588 3643 inservientium
601 3589 789 3658 cognationem
807 3589 877 3644 inter
895 3604 926 3643 se
942 3593 1052 3653 mutuo,
1075 3588 1162 3643 lector
1179 3602 1283 3656 aequus
1301 3587 1391 3651 illam,
1417 3604 1582 3658 quacunque
1601 3591 1744 3647 occasions

386 3667 563 3739 propositam,
583 3678 661 3739 grato
678 3668 768 3723 animo
786 3669 912 3737 accipiet.
948 3668 993 3721 lde
1012 3667 1085 3735 quod
1103 3667 1209 3733 attinet,
1228 3667 1361 3735 explicavi
1379 3667 1438 3723 lihr,
1457 3669 1505 3723 ill.
1524 3684 1583 3737 cap.
1601 3671 1626 3737 3,
1646 3668 1750 3740 quibus'

282 3794 287 3801 .
386 3746 529 3804 decausis
547 3747 576 3801 in
594 3747 764 3816 qualibctre
782 3752 868 3802 totins
887 3746 1006 3801 universi
1024 3746 1107 3800 insint
1125 3745 1282 3801 harmoniae
1300 3754 1329 3802 et
1345 3748 1480 3816 quomodo
1501 3750 1528 3802 in
1540 3749 1670 3817 singulis3
1689 3768 1744 3807 ιιι

387 3826 492 3882 scilicet
509 3826 570 3882 ideo
590 3826 765 3894 singulariter
786 3825 881 3881 insunt
906 3824 933 3877 in
960 3831 1043 3879 cantu
1065 3825 1147 3892 inque
1173 3830 1248 3879 motu
1267 3822 1403 3894 siderdm,¹
1427 3826 1491 3895 quia
1509 3829 1554 3882 hic
1572 3826 1671 3897 oculis,
1698 3828 1744 3884 ille

385 3906 497 3961 auribus
515 3905 671 3977 percipitur,
690 3904 739 3959 sed
751 3905 816 3975 quia
831 3903 980 3972 utrobique,
988 3911 1077 3957 motus
1097 3911 1151 3971 est,
1168 3909 1283 3971 uterque
1301 3914 1428 3961 accurate
1446 3907 1610 3976 percipitur,
1630 3914 1745 3976 uterque

386 3984 561 4052 dispensatur
580 3999 613 4037 ex
632 3982 744 4038 arbitrio
762 3981 874 4049 mentis,
902 3981 1057 4037 harmonias
1081 3981 1258 4052 intelligentis
1283 3990 1310 4036 ιι
1336 3983 1459 4038 amantis.
1498 3984 1535 4037 Et
1553 3984 1611 4037 visu
1635 3986 1743 4053 quidem

385 4062 448 4130 lux,
476 4061 570 4118 auditu
590 4077 673 4117 sonus
692 4061 894 4130 percipiuntur,
921 4058 979 4114 illic
1002 4059 1181 4128 asaperiicic
1201 4076 1344 4129 corporum
1369 4061 1483 4130 delapsa
1503 4063 1619 4129 species,
1646 4061 1691 4117 hic
1710 4062 1743 4116 ab

385 4140 446 4210 lpse
465 4140 635 4211 corpulentia
657 4155 759 4204 rerum,
790 4145 820 4193 nt
843 4138 958 4199 suntin
975 4144 1053 4193 motu
1071 4141 1244 4194 constitutae.
1281 4140 1379 4209 ltaque
1403 4157 1436 4193 ex
1455 4141 1514 4194 visu
1543 4141 1664 4210 simplice
1689 4158 1743 4196 non

382 4218 536 4290 judicamus
555 4219 589 4275 do
606 4220 735 4288 internis,
764 4219 815 4272 nisi
834 4216 948 4273 accedat
972 4217 1142 4285 experientia
1160 4234 1250 4272 rorum
1268 4217 1435 4272 internarum
1462 4220 1496 4273 ab
1516 4219 1635 4274 externis
1662 4235 1743 4274 nexa-

386 4316 454 4367 rnm,
473 4304 504 4353 nt
522 4292 555 4354 e'x
575 4298 670 4354 auditu
687 4297 756 4363 soni,
776 4296 810 4351 de
828 4296 941 4351 internis
959 4294 1073 4350 iacimus
1091 4297 1228 4365 propriam
1241 4296 1434 4365 conjecturam.
1471 4296 1559 4352 Aliter
1571 4298 1655 4367 igitur
1667 4299 1743 4353 andi·

387 4386 433 4433 tna
452 4377 486 4431 do
504 4385 586 4433 canta
605 4383 737 4444 motatur,
767 4375 847 4429 aliter
864 4374 939 4429 ιιιιι
959 4373 993 4427 de
1011 4372 1193 4429 coelestibus:
1221 4374 1262 4429 illi
1281 4390 1365 4429 sonna
1392 4376 1460 4429 iacit
1480 4375 1609 4431 indicium
1626 4376 1743 4445 longitu.

388 4455 459 4511 dinis
477 4463 505 4510 et
522 4454 653 4509 tensionis
677 4452 839 4509 chordarum
862 4460 927 4519 etc,
956 4450 1055 4521 quihus
1079 4451 1251 4507 continentur
1274 4452 1447 4519 harmoniae,
1475 4452 1540 4507 huic
1561 4453 1666 4521 anguli,
1692 4456 1743 4509 sub

387 4534 486 4604 quibus
504 4533 635 4591 coelestia
652 4534 792 4602 ridentur,
820 4547 875 4586 ιιι
895 4528 1015 4600 produnt
1033 4529 1152 4584 visarum
1171 4546 1260 4586 rerum
1280 4529 1475 4599 quantitatem,
1495 4530 1543 4584 sed
1562 4537 1593 4584 ιι
1609 4531 1677 4589 hacc
1695 4534 1742 4589 ha-

388 4613 499 4683 beatur,
523 4614 633 4682 oportet
649 4611 704 4667 elia
721 4612 802 4681 plura
820 4627 869 4680 per
887 4609 1061 4679 longissimas
1081 4609 1253 4665 inductiones
1272 4611 1410 4665 accedere.
1448 4610 1573 4666 Vicissim
1592 4622 1633 4667 est
1651 4614 1744 4684 aliqua

387 4692 484 4747 horum
502 4707 631 4746 ιιιιιιιιι
651 4691 807 4759 similitudo,
826 4706 908 4761 quam
926 4689 1060 4759 ignoravit
1078 4689 1261 4756 Ptolemaeus,
1280 4687 1361 4756 hujus
1380 4688 1432 4744 loci
1451 4695 1573 4761 propria,
1592 4694 1665 4764 quod
1684 4698 1742 4751 soni

387 4770 496 4840 quidem
515 4775 542 4822 et
560 4779 656 4826 cantus
674 4770 808 4825 humanus
826 4767 921 4825 auditu
939 4767 1144 4837 percipiuntur,
1162 4774 1252 4820 motus
1263 4781 1336 4834 vero,
1358 4768 1485 4823 coelestis
1503 4770 1661 4826 harmoniae
1679 4772 1743 4827 sub·

385 4844 504 4919 jectum,
530 4850 588 4903 risu
608 4865 656 4903 seu
674 4847 766 4921 aliqua
789 4848 862 4905 risus
881 4847 997 4919 analoga
1014 4846 1159 4914 facultate,
1188 4861 1259 4919 quae
1284 4844 1321 4905 sit
1337 4846 1365 4903 in
1385 4847 1462 4919 Sole,
1493 4847 1590 4921 partim
1616 4849 1697 4909 etism
1715 4850 1743 4907 in
