3940 5856
757 373 845 433 Lhor
855 373 906 431 111.
927 373 1074 447 GsputVI.
1188 448 1194 463 Ι
1529 390 1592 450 dh'l

238 554 388 623 clementia,
407 551 673 625 cohoerentem
691 549 860 621 disciplinae,
877 548 992 606 libertas
1003 549 1153 622 popularis,
1171 551 1325 623 submissio,
1338 554 1500 629 obedientia,
1520 557 1594 629 paci·

237 634 290 690 lica
308 641 336 689 et
353 633 459 689 servilia
476 631 660 702 tranquillitas
679 630 722 685 vel
740 628 911 701 compositio.
947 628 1014 684 Tale
1031 629 1098 699 qnid
1116 632 1309 701 exspectabam
1327 632 1380 690 dici
1398 634 1594 707 aPtolemaeo,

236 713 284 782 qui
301 711 428 777 ἐείειει,
454 709 687 769 Lacedaemonios
713 706 823 779 publice
849 707 989 778 punivisse
1011 707 1226 764 introductorem
1253 712 1360 780 generis
1379 713 1548 771 enharmonii
1564 716 1593 772 in

237 807 315 849 suam
332 790 544 861 rempublicam
573 789 621 860 qui
639 788 721 845 otiam
737 785 834 857 procul
852 785 935 841 duhio
953 786 1070 856 sciehat,
1097 789 1162 859 quiid
1180 790 1342 847 ΑήειοιεΙεε
1364 792 1399 849 de
1415 796 1594 865 proportione

236 871 406 929 arithmetica
424 877 452 926 ει
469 869 635 940 geometrica
652 866 792 937 scripserit
811 865 841 921 in
855 863 980 933 justitiae
998 866 1143 935 speciebus
1170 866 1349 926 observanda.
1384 871 1484 928 Verum
1502 872 1593 929 Ptolo

236 965 330 1006 maeus
351 949 496 1006 laborabat
517 947 692 1004 multitudine
709 945 827 1015 partium
855 948 952 999 cautus
976 945 1220 1015 comparandarum
1242 962 1305 1003 eum
1321 947 1404 1004 rehns
1424 950 1458 1005 a'd
1477 953 1593 1009 animam

236 1030 444 1101 pertinentibus.
481 1030 548 1086 Cum
573 1027 655 1097 igitur
677 1025 712 1081 de
730 1025 774 1080 his
796 1022 869 1078 inira
890 1028 1002 1079 acturus
1024 1025 1061 1081 sit
1078 1024 1132 1081 alio
1151 1026 1255 1097 capite,
1281 1025 1411 1084 hocloco
1434 1039 1593 1088 contentum

236 1125 298 1167 esse
316 1110 439 1180 oportuit
455 1107 639 1181 qualicunque
657 1103 840 1185 similitudine.

321 1187 395 1243 Nota
411 1188 460 1243 111.
496 1183 704 1256 Operativsrum
727 1183 859 1240 umatum
884 1180 1047 1251 principium
1080 1187 1123 1236 est
1149 1182 1290 1254 voluutas,
1322 1184 1594 1258 contaupbtirarun

150 1292 155 1301 ·
235 1267 399 1324 intessectas.

321 1345 395 1400 Nota
411 1344 459 1399 IV.
496 1342 604 1399 Genera
629 1340 668 1397 ait
686 1333 795 1397 hieme
821 1338 893 1395 mole
923 1354 974 1394 seu
997 1337 1188 1408 amplitudine,
1207 1338 1288 1412 ὀγεφ,
1316 1358 1385 1413 quae
1409 1344 1541 1402 consistat
1565 1346 1594 1401 in

235 1425 385 1482 elevatione
403 1424 447 1480 rel
459 1423 659 1491 contractione,
684 1427 754 1490 puta
769 1440 802 1474 ro
821 1419 957 1483 inanem
979 1413 1218 1487 incurrerimus.
1254 1421 1321 1475 Cum
1334 1422 1462 1491 uanus,
1480 1439 1594 1494 quarum

234 1503 401 1561 differentias
418 1500 478 1557 ruit
495 1500 530 1557 ad
547 1516 649 1572 genera
671 1507 769 1555 cantos
788 1495 1007 1565 accommodare,
1031 1494 1104 1551 iuter
1122 1511 1152 1550 se
1170 1496 1301 1567 distingui
1320 1498 1433 1557 dixisset
1459 1504 1592 1572 magnitu.

234 1583 298 1640 dine
316 1581 432 1653 quadam
451 1581 631 1649 obiectorum,
649 1578 758 1636 censuit
775 1578 826 1634 sibi
845 1579 928 1632 etiam
944 1575 1018 1631 inter
1034 1590 1136 1644 genera
1154 1584 1251 1634 cautus
1274 1579 1468 1648 magnitudinis
1487 1580 1593 1650 siquas

235 1662 402 1719 differentias
420 1659 605 1716 ostendendas
622 1674 697 1728 ease,
722 1664 752 1713 ut
770 1656 937 1726 comparatio
955 1654 1080 1725 speciose
1101 1654 1207 1710 institui
1230 1657 1328 1725 possit
1365 1658 1446 1727 Quod
1463 1654 1546 1730 igitur
1563 1663 1592 1716 iu

232 1743 293 1814 ipsa
305 1738 375 1796 serie
393 1737 575 1793 distinotionis
592 1736 831 1795 muneborderum
849 1751 904 1790 non
920 1732 1069 1804 appellarit
1081 1735 1296 1804 magnitudinem
1314 1738 1414 1807 (omnia
1426 1740 1497 1794 enim
1509 1740 1592 1795 iuter·

234 1819 306 1875 valla
323 1816 488 1875 tetrachordi
506 1817 649 1887 complexa
666 1824 732 1873 sunt
754 1816 826 1872 inter
843 1829 874 1871 se
890 1811 1039 1884 εειιιιιῑὶε),
1064 1812 1165 1882 idjam
1183 1815 1229 1870 hic
1250 1824 1381 1887 respectu
1398 1820 1591 1889 magnitudinis

233 1901 317 1971 hujns
335 1899 408 1954 circa
425 1897 538 1953 virtum
557 1897 680 1968 appellat
695 1894 922 1967 magnitudinem
946 1892 1012 1962 quia
1029 1907 1067 1949 sc.
1091 1900 1134 1946 εει
1157 1892 1289 1947 habitndb
1316 1897 1450 1965 quanm
1478 1898 1591 1965 chorda.

233 1997 293 2037 rnm
311 1994 361 2034 sen
379 1994 507 2034 sonorum
524 1976 691 2033 tetrachordi
709 1977 745 2033 sd
762 1990 793 2031 se
809 1981 904 2030 mutuo
917 1971 1048 2028 distincta
1063 1971 1250 2040 magnitudine
1262 1973 1591 2045 diversaintervallornm,

232 2058 335 2114 Verum
353 2056 472 2127 explicat
489 2055 611 2124 ulterius,
630 2054 766 2125 quomodo
784 2068 885 2122 genera
902 2050 1089 2120 magnitudine
1106 2049 1215 2107 divorsa
1226 2051 1431 2113 intervallorum
1448 2058 1504 2114 sint
1521 2058 1593 2115 iuter

160 2158 165 2184 ι
233 2151 263 2192 εε
281 2135 422 2203 distincta,
449 2140 575 2190 manente
594 2134 816 2207 eademsemper
832 2131 917 2187 totius
935 2127 1128 2184 tetrachordioi
1145 2128 1282 2188 intervalli
1301 2136 1469 2207 qumdmte,
1493 2155 1591 2209 nempe

234 2214 383 2273 secondum
401 2213 579 2269 elevationem
598 2220 626 2267 et
643 2212 872 2279 contractionem
898 2209 987 2264 inesse
1006 2207 1078 2262 euim
1101 2205 1129 2260 iu
1148 2209 1294 2278 generibus
1311 2212 1352 2282 id,
1379 2215 1453 2285 qnod
1476 2217 1592 2274 densum

234 2301 262 2350 et
281 2292 425 2349 indensnm
443 2290 605 2361 appelletur,
625 2291 668 2346 eui
686 2291 755 2347 haec
774 2289 890 2347 elevatio
909 2295 938 2344 ει
955 2285 1105 2342 contractio
1124 2286 1238 2358 accidat,
1258 2296 1286 2344 et
1302 2305 1336 2345 ea
1353 2292 1462 2361 quidem
1475 2294 1592 2367 gemina,

235 2374 277 2430 rel
296 2374 367 2430 enim
384 2372 488 2427 rationo
506 2370 659 2441 positionis,
678 2371 721 2425 vel
738 2372 844 2426 milone
862 2368 1017 2439 potestatis.
1054 2367 1130 2421 Haec
1147 2365 1264 2424 obseura
1276 2377 1342 2425 sunt
1353 2378 1509 2443 propterea,
1528 2375 1593 2444 quio

233 2467 362 2520 generum
388 2448 436 2506 iila
459 2448 596 2506 distinctio
619 2464 673 2503 non
698 2456 741 2504 εει
764 2447 911 2517 naturalis,
939 2445 989 2501 sed
1015 2445 1165 2501 artificialis
1189 2454 1296 2527 tantum
1322 2457 1351 2505 et
1375 2451 1591 2509 instrumentalis

236 2531 372 2601 hodieque
390 2546 445 2585 non
463 2527 580 2599 amphus
598 2528 626 2583 ln
644 2543 696 2584 usu
713 2535 770 2599 εει;
793 2542 876 2599 qnare
895 2528 978 2581 edam
995 2539 1077 2579 voces
1095 2522 1171 2593 ipsae
1193 2525 1341 2584 desierunt.
1377 2530 1474 2586 Dicam
1492 2537 1591 2601 umen,

236 2618 267 2667 ut
286 2606 548 2665 exisdmoiacillime
560 2606 775 2677 perceptumiri.
809 2606 983 2662 Diatonicum
1006 2603 1077 2663 libro
1096 2618 1146 2659 sno
1163 2606 1251 2674 primo
1275 2622 1333 2677 cap.
1351 2608 1393 2664 13.
1414 2610 1535 2680 appellat
1551 2611 1592 2665 in-

236 2689 362 2758 deusnm,
386 2687 581 2743 chromaticum
603 2701 667 2742 vero
686 2694 715 2742 ει
733 2686 953 2742 enharmonicum
978 2684 1077 2752 densa,
1101 2682 1169 2739 illud
1187 2685 1290 2756 minos,
1315 2687 1371 2761 hoc
1385 2690 1480 2759 magis.
1517 2690 1592 2746 Ecce

233 2783 313 2825 voees
331 2765 523 2835 magnitudinis
542 2765 659 2833 alicuius
677 2763 864 2836 qualitativae,
887 2767 1045 2834 indensum,
1069 2762 1287 2835 densiuscnlnm,
1306 2766 1428 2824 densum.
1463 2769 1593 2826 Densitas

234 2849 398 2904 censebatur
420 2844 502 2898 trium
524 2858 653 2898 sonorum
678 2842 712 2898 de
736 2850 854 2915 quatuor
880 2845 961 2900 unius
980 2841 1148 2899 tetrachordi
1166 2845 1356 2915 propinquitas
1379 2847 1414 2902 ad
1432 2862 1462 2903 so
1479 2854 1590 2919 matu03
1642 2852 1645 2861 ⁴

234 2926 305 2982 sicut
326 2922 492 2994 inphysicis
516 2921 631 2977 densum
654 2922 682 2978 id
704 2931 763 2992 est,
789 2924 817 2978 in
836 2941 890 2995 quo
909 2923 1024 2980 multum
1041 2921 1174 2978 materiae
1192 2924 1317 2980 doacttrm
1335 2933 1378 2981 εει
1398 2925 1427 2980 iu
1445 2936 1591 2996 augustum

232 3003 360 3076 spatium.
398 3000 443 3057 Sic
459 3008 507 3070 ιιι,
525 3018 556 3057 rc
573 3001 633 3056 soni
651 3002 741 3056 rarius
758 3001 930 3058 intervallum
949 3002 1067 3068 iaciunt,
1085 3003 1138 3070 mi,
1156 2990 1192 3071 fa*
1204 3000 1328 3069 densius,
1348 3004 1422 3075 qnod
1439 3002 1527 3060 solum
1545 3004 1592 3062 do·

234 3082 492 3141 cumdomscaosa
515 3079 590 3150 dico,
617 3097 673 3136 non
699 3079 773 3151 quod
796 3087 903 3138 veteres
925 3080 979 3137 hoc
997 3078 1184 3149 intervallum,
1211 3080 1285 3152 quod
1307 3082 1335 3137 in
1358 3084 1412 3140 hoc
1429 3100 1490 3140 mco
1509 3100 1592 3156 opere

233 3162 404 3219 semitonium
421 3160 544 3233 appello,
571 3160 696 3216 absoluto
714 3161 785 3216 inter
803 3160 889 3216 densa
906 3160 1060 3217 habuerint.
1097 3159 1167 3215 liam
1185 3160 1349 3216 addiderunt
1366 3168 1467 3217 certam
1486 3164 1592 3234 quanti
1656 3224 1661 3233 ,

232 3248 330 3309 tatem,
353 3240 425 3297 intra
441 3255 523 3310 quam
541 3239 662 3294 densitas
685 3240 740 3295 ista
756 3245 943 3308 reputaretur,
967 3240 991 3294 si
1010 3255 1048 3295 sc.
1068 3253 1104 3293 ax
1132 3236 1219 3294 trihus
1237 3240 1387 3296 intervallis
1409 3241 1490 3296 unius
1509 3249 1592 3297 tetra·

233 3319 328 3378 chordi
352 3320 406 3377 dno
434 3327 527 3375 essent
549 3320 654 3375 minora
678 3318 760 3374 tertio
786 3316 867 3373 omui
893 3324 998 3387 summ,
1032 3316 1106 3386 quod
1136 3318 1239 3374 usitata
1265 3320 1371 3391 ratione
1404 3318 1518 3377 canendi
1545 3335 1592 3375 ne·

233 3399 292 3468 quit
311 3397 461 3469 declarari,
485 3398 526 3454 sie
549 3405 642 3454 tamen
664 3412 714 3466 per
737 3395 826 3452 dares
850 3411 1013 3465 organorum
1038 3395 1170 3452 declarari
1194 3398 1309 3466 poterit:
1332 3398 1369 3454 sit
1387 3398 1591 3454 tetrachordum

232 3476 303 3533 inter
316 3478 349 3547 G,
370 3478 402 3546 G,
422 3478 609 3548 exprimantur
621 3475 681 3531 soni
691 3475 725 3543 (i,
742 3475 779 3544 B,
797 3475 836 3544 H,
857 3474 973 3532 Oetsit
987 3475 1045 3543 jam
1063 3474 1180 3531 omissus
1192 3490 1276 3531 sonus
1288 3478 1323 3531 Δ.
1361 3476 1414 3531 Εει
1426 3477 1510 3545 igitur
1520 3477 1591 3532 inter

233 3556 266 3624 G,
284 3556 312 3610 B
330 3555 501 3611 intervallum
519 3554 553 3627 Ὗ,
570 3554 654 3619 tertia
671 3553 769 3624 mollis,
787 3562 816 3609 ει
832 3554 904 3608 intar
920 3554 957 3623 B,
975 3554 1008 3609 Η
1024 3560 1068 3608 εει
1088 3553 1144 3622 'iffi
1162 3552 1259 3624 diesis;
1283 3554 1399 3625 denique
1416 3555 1488 3611 inter
1505 3556 1548 3623 Η,
1569 3557 1593 3613 0

231 3644 274 3691 eat
301 3636 560 3707 ¹⁶s15samitonium.
594 3634 697 3690 iuncta
722 3648 786 3688 vero
815 3633 874 3702 lli„
898 3640 927 3688 et
953 3633 1009 3701 ΜΛ,
1034 3630 1139 3687 iaciunt
1160 3631 1222 3702 ²⁰11„
1246 3642 1344 3689 tonum
1361 3632 1501 3690 minorem.
1538 3634 1590 3689 Hic

232 3714 315 3782 igitur
334 3714 373 3784 (i,
400 3713 443 3783 H,
473 3714 585 3772 (linter
602 3713 691 3768 minus
714 3709 888 3766 intervallum
906 3709 1013 3765 reducti
1031 3716 1108 3777 suut,
1136 3724 1218 3783 quem
1238 3710 1274 3780 G,
1301 3712 1337 3766 B.
1373 3709 1590 3766 Tetrachordom

230 3792 313 3862 igitur
331 3792 363 3859 G,
382 3792 418 3861 B,
436 3792 475 3860 H,
496 3792 519 3849 0
534 3791 617 3846 habet
634 3791 670 3861 id,
689 3791 762 3862 quod
783 3790 897 3847 densum
916 3789 1023 3859 dicitur,
1043 3787 1116 3859 qnod
1129 3790 1255 3845 consistit
1270 3790 1298 3845 lu
1311 3792 1497 3847 contractione
1508 3792 1590 3847 trium

233 3887 361 3927 sonorum
378 3872 407 3927 iu
426 3878 577 3941 angustum.
613 3872 651 3925 ht
668 3870 873 3926 tetrachordum
892 3870 930 3939 G,
954 3869 995 3938 A,
1012 3868 1056 3936 H,
1082 3868 1163 3924 (lest
1180 3869 1329 3926 intemallis
1348 3871 1504 3937 ffiremtum,
1530 3887 1590 3927 sus·

235 3965 359 4020 pensum,
379 3949 523 4021 elevatum,
542 3948 659 4018 denique
671 3947 824 4004 indensum.
861 3948 937 4005 Haeo
949 3947 1032 4016 igitur
1049 3949 1199 4003 contractio
1212 3955 1241 4003 ει
1252 3949 1369 4005 elevatio
1380 3957 1423 4004 est
1436 3951 1589 4021 potestatis,

229 4028 300 4098 ‘qnia
324 4030 477 4100 queantur,
501 4046 583 4099 quam
605 4036 772 4099 potentatem
795 4027 917 4084 habeant
941 4026 1002 4094 ipsa
1024 4039 1074 4094 per
1097 4040 1128 4081 se
1146 4026 1289 4084 intervalla
1310 4016 1390 4085 unius
1413 4029 1589 4100 tetrachordi,
1673 4022 1680 4047 ⁸

232 4108 426 4162 contractivam
449 4124 483 4163 an
507 4108 694 4164 dilatativam?
730 4110 783 4164 Est
801 4107 856 4163 alia
872 4105 1027 4176 positionis,
1054 4118 1116 4158 nam
1142 4104 1210 4163 haec
1229 4113 1368 4162 contracta
1384 4107 1529 4163 intervalia
1546 4111 1589 4167 vel

233 4198 317 4253 snpra
334 4193 399 4240 sont
416 4186 459 4242 vel
476 4185 559 4254 inira3
580 4186 652 4242 unde
665 4201 746 4242 voces
758 4185 913 4254 ὀξυκνκνοε,
931 4195 1112 4255 βαρυπυενον,
1130 4183 1198 4240 iilud
1215 4185 1298 4254 igitur
1309 4184 1425 4240 habetur
1445 4190 1589 4252 ιφειμεεον,

234 4259 279 4316 Sic
297 4262 379 4319 etiam
396 4265 423 4320 in
442 4264 587 4334 diatonico,
607 4281 669 4319 cum
687 4265 809 4321 cauimus
826 4272 866 4334 at,
884 4280 922 4335 re,
941 4266 988 4333 sai,
1004 4266 1045 4334 sa,
1063 4262 1117 4319 hoc
1128 4269 1373 4333 συεεαιμεεοεεροε,
1392 4270 1423 4318 nt
1440 4265 1512 4321 etin
1531 4264 1587 4322 dia-
1699 4272 1703 4285 ²

233 4341 338 4410 ionico,
357 4360 419 4399 eam
437 4344 559 4399 cauimus
576 4345 619 4408 io,
637 4345 692 4413 acl,
709 4345 755 4414 (a,
772 4347 825 4415 mi,
844 4352 873 4400 et
888 4346 940 4413 mi,
956 4345 1000 4413 fo,
1018 4344 1073 4409 aoi,
1091 4344 1120 4399 lo
1137 4350 1189 4399 etc.

321 4423 394 4478 Nota
412 4424 446 4478 V.
483 4423 696 4492 chromaticum,
714 4430 842 4493 respectu
859 4422 969 4493 quidem
986 4421 1125 4491 diatonici,
1149 4429 1193 4477 εει
1209 4429 1378 4479 contradam
1394 4432 1423 4479 ει
1439 4422 1534 4493 molle,
1561 4433 1590 4480 ει
1629 4442 1634 4451 ·

235 4507 362 4570 respectu
380 4502 548 4557 enharmonii
567 4510 610 4556 est
626 4500 763 4557 intensum
789 4511 818 4556 ει
841 4502 952 4573 durnm;
975 4503 1014 4557 ita
1031 4502 1225 4557 chromaticam
1252 4501 1284 4557 fit
1301 4496 1588 4567 diatonico-enharmo

235 4578 309 4634 nium
327 4580 479 4652 quoddaln,
497 4581 529 4636 fit
548 4588 575 4637 et
592 4580 946 4640 enharmonio-diatonicum
964 4579 1108 4655 quoddam.
