3872 5846
195 408 206 419 .
333 353 399 415 ²08
444 385 447 391 ,
771 349 814 404 De
829 347 1055 427 hopertiouipus
1071 345 1251 404 Harmoniam.

333 526 383 603 qui
413 527 449 585 iis
476 506 622 587 aecidnut.
666 524 742 585 Nam
764 544 841 603 quae
864 525 997 587 Baalim
1023 524 1166 587 moranus
1195 526 1225 585 in
1244 525 1364 602 judiciis
1386 534 1616 605 temperamenta
1638 527 1692 590 de·

333 613 490 689 slderavit,
520 630 556 674 ea
578 615 838 691 provocationibus
869 614 987 675 tandem
1019 612 1059 672 ad
1088 615 1184 690 ipsum
1207 616 1278 691 reip.
1302 632 1449 674 summum
1478 616 1693 677 moderatorem

334 699 539 761 devolvuntur.
584 703 684 778 Atque
712 708 782 762 tunc
811 701 874 778 ille,
906 718 972 763 cnm
994 701 1247 778 proportionibus,
1276 719 1351 778 quas
1373 703 1548 764 Aristoteles
1571 703 1692 780 judiciis

334 798 365 859 et
383 789 518 865 justitiae
534 787 623 861 dedit,
647 789 780 864 derogat,
801 805 859 848 non
879 790 943 865 jam
955 789 1078 865 judicat,
1101 789 1153 847 aad
1169 789 1266 850 officio
1285 792 1427 867 superiori
1444 792 1583 867 Iungitur,
1606 799 1692 852 tuens

333 893 425 954 remp.
449 887 479 935 ct
500 875 618 951 siugula
640 876 704 952 ejus
727 877 865 936 membra
911 876 990 937 llnie
1012 893 1082 936 sana
1104 877 1289 950 moderatori,
1313 880 1377 939 alre
1400 895 1451 938 rex
1473 881 1511 937 sit
1534 881 1597 938 sire
1612 880 1692 956 opti·

333 974 426 1024 metes
448 966 513 1023 sira
534 964 661 1041 popalus
684 968 855 1038 universus,
886 981 941 1041 ego
966 963 1119 1024 suaderem
1150 967 1355 1041 proportiones
1377 964 1578 1040 harmonicas,
1609 966 1690 1027 nullo

332 1052 527 1128 geometricae
551 1050 724 1127 maiogiae,
754 1052 836 1110 nullo
859 1052 1061 1113 arithmeticae
1084 1051 1289 1127 aequalitatis,
1319 1052 1372 1113 scd
1395 1053 1475 1112 nudo
1499 1062 1692 1113 concentuum

331 1147 475 1216 respectu,
494 1140 687 1215 juberemque
702 1146 735 1197 ut
749 1139 872 1199 cubillas
887 1139 953 1199 illas
968 1139 1122 1216 analogias
1139 1139 1314 1216 harmonicis
1329 1141 1528 1214 concentibus,
1554 1143 1603 1200 sic·
1619 1143 1691 1218 rigi-
1812 1145 1816 1160 '

333 1226 400 1286 dam
429 1229 581 1303 utriusque
606 1227 740 1303 justitiae
762 1226 1045 1287 administrationem
1075 1229 1197 1286 summis
1226 1229 1356 1303 imperiis
1387 1236 1417 1288 ei
1445 1227 1534 1288 saluti
1567 1231 1637 1305 reip.
1660 1232 1690 1287 in

331 1313 398 1374 loco
422 1313 534 1374 cedere.
578 1314 657 1374 Proh
679 1315 788 1388 Deum,
812 1322 923 1392 quanta
936 1314 985 1374 hic
1000 1314 1229 1391 disputationum
1246 1331 1341 1391 seges,
1365 1319 1389 1374 si
1411 1318 1476 1392 quis
1493 1315 1690 1392 comparando

331 1418 385 1478 per
406 1400 522 1478 singula
545 1400 636 1463 vellet
654 1401 721 1461 lrei
768 1401 929 1463 Considera
942 1419 972 1460 rr.
996 1411 1131 1462 naturam
1149 1405 1301 1480 uniusque
1316 1405 1368 1463 rei.
1414 1401 1602 1463 Geometrica
1616 1421 1690 1476 sue·

331 1487 414 1565 logia
436 1492 597 1549 communis
619 1496 665 1549 est
686 1492 814 1550 numeris
838 1497 867 1549 et
888 1492 1048 1566 quantitati
1070 1491 1234 1560 continuae,
1257 1494 1301 1549 sic
1317 1498 1350 1548 ut
1371 1492 1517 1567 posterius
1539 1493 1569 1549 iu
1585 1508 1689 1551 nume·

331 1593 380 1637 ros
404 1580 518 1652 veniat,
550 1586 620 1637 tune
649 1578 801 1650 nimirum,
836 1594 902 1636 anm
930 1574 1067 1655 figuratio
1096 1578 1308 1655 quantitatibus
1336 1578 1393 1638 lroc
1417 1578 1482 1651 dat,
1514 1588 1547 1637 ut
1567 1595 1688 1639 numero

333 1664 425 1725 efferri
448 1667 571 1742 possint
616 1662 686 1724 Jam
710 1665 882 1725 creberrime
904 1663 946 1739 fit,
970 1673 1003 1724 ut
1026 1664 1188 1725 ineffabiles
1210 1668 1270 1724 sint
1291 1666 1405 1724 termini
1428 1665 1595 1741 analogiam
1614 1682 1690 1743 geo·

332 1754 482 1812 metricam
496 1750 650 1829 complexi,
673 1760 703 1812 ct
724 1769 783 1829 quo
807 1751 1008 1830 progredimur
1029 1752 1161 1829 lougius,
1185 1752 1241 1812 hoc
1263 1755 1357 1829 magis
1380 1753 1418 1812 ab
1441 1753 1613 1815 affabilitate
1634 1753 1689 1814 de·

332 1847 481 1917 generent.
525 1840 549 1899 E
572 1843 717 1901 contrario
740 1842 868 1900 numeris
891 1841 972 1900 effari
995 1847 1094 1917 potest
1116 1842 1210 1900 omnis
1231 1839 1400 1900 harmonica
1413 1843 1573 1918 proportio.
1610 1840 1689 1917 Quid

333 1928 391 1987 hoc
412 1930 470 1988 sibi
494 1928 558 1987 vult
578 1927 661 1987 alind
681 1927 721 1987 ad
744 1928 866 2005 politica
888 1928 1082 2005 applicatum,
1112 1945 1200 2004 quam
1223 1929 1384 1990 sententias
1402 1927 1536 2003 judicum
1557 1928 1688 2006 justIssi·

333 2032 398 2075 mas
428 2015 525 2092 adque
553 2014 650 2092 legum
680 2018 900 2092 aequitatisque
932 2033 1063 2075 normam
1085 2016 1327 2075 ventilationibus
1351 2015 1585 2092 jurisperitomm
1614 2016 1688 2075 suh-

333 2103 467 2162 iilissims
490 2110 610 2164 exeam
634 2120 698 2163 esse
722 2111 882 2180 oporter03¹
895 2102 1126 2164 moderationem
1157 2110 1258 2162 contra
1279 2105 1351 2180 reip.
1374 2101 1500 2163 solutam
1522 2106 1612 2162 tantis
1633 2100 1717 2163 ne·'

333 2192 529 2267 caecitatibus,
551 2198 640 2268 prout
661 2198 795 2268 tempora
816 2190 934 2264 luerint,
957 2194 1020 2251 sine
1035 2190 1128 2250 multo
1144 2192 1265 2269 strepitu
1288 2190 1334 2250 ad·
1346 2188 1472 2250 salutem
1487 2193 1690 2251 universorum

332 2279 475 2343 arbitratu
497 2280 665 2354 imperantis
688 2278 976 2338 accommodandam.
1021 2276 1080 2337 Hic
1095 2277 1260 2338 diducenda
1279 2285 1356 2339 esset
1371 2281 1506 2355 quaestio
1529 2280 1558 2337 lu
1581 2285 1689 2356 partes,

333 2366 488 2442 quomodo·
504 2365 705 2426 arithmeticae
726 2368 940 2443 progressionis
961 2367 1037 2425 ratio
1059 2366 1149 2440 rudis,
1172 2360 1234 2425 siue
1253 2365 1346 2425 nobili
1369 2365 1473 2441 aliqua
1492 2366 1594 2441 forma,
1617 2366 1690 2425 solis

332 2455 473 2513 materIae
495 2452 725 2514 dimensionibus
748 2456 893 2527 insistens,
917 2456 1106 2527 commerciis,
1131 2452 1262 2530 opificiis,
1287 2455 1377 2513 victui
1401 2453 1518 2529 plebejo
1540 2453 1689 2513 assimila·

332 2550 419 2616 retur,
442 2542 619 2618 geometrica
640 2541 803 2600 similitudo
826 2541 935 2618 (legem
951 2559 1039 2601 unam
1055 2540 1148 2600 solam
1165 2541 1334 2614 observans,
1358 2556 1412 2599 nec
1431 2542 1587 2618 quicquam
1602 2543 1687 2617 pensi

332 2627 454 2703 hahens,
477 2628 565 2703 linea,
590 2646 678 2706 quam
702 2631 839 2703 intuetur,
861 2629 941 2689 latus
963 2628 1179 2713 quinquangnli
1201 2630 1299 2687 sitan
1323 2629 1474 2703 trianguli,
1499 2627 1626 2688 effabilis
1647 2646 1687 2687 an

337 2712 509 2798 iueffabilis)
538 2716 662 2794 simplex
687 2716 820 2793 judicum
851 2715 979 2775 cilicium
1007 2716 1178 2791 adumbret3
1211 2723 1242 2775 at
1263 2718 1392 2775 rationes
1415 2715 1617 2791 harmonicae,
1647 2732 1687 2776 ex

332 2803 431 2863 multis
455 2812 537 2864 ortae
560 2803 660 2880 liguris
681 2804 863 2881 regularibus
885 2804 1055 2879 scibilibus,
1087 2820 1193 2880 genere
1215 2801 1416 2863 dillerentibus
1438 2804 1468 2861 ln
1491 2820 1580 2862 unum
1605 2820 1689 2863 esm-

332 2894 500 2968 paginatae,
522 2891 616 2950 multa
638 2891 776 2951 distincta
797 2883 910 2969 imperii
933 2893 1034 2952 munia
1055 2897 1282 2969 repraesentent,
1305 2906 1428 2968 quorum
1452 2892 1611 2967 uuicqunc
1633 2907 1688 2950 sua

331 2981 449 3056 propria
471 2978 534 3054 lex,
565 2988 678 3039 secreta
704 2998 723 3039 a
750 2982 862 3039 ceterIe.
908 2978 967 3038 Hic
995 2996 1061 3038 cum
1083 2979 1256 3039 Ptolemaeo
1279 2973 1371 3060 (inira
1400 2979 1428 3035 in
1457 2978 1620 3055 appendice
1650 2977 1687 3039 ad

331 3067 383 3126 lib.
413 3061 468 3148 V.)
499 3084 536 3126 cx
565 3068 722 3143 generibus
755 3067 970 3137 harmoniarum
1003 3075 1034 3127 et
1063 3074 1182 3138 cantus,
1211 3065 1300 3126 molle
1330 3064 1449 3142 quideru
1470 3067 1538 3142 paci
1561 3065 1687 3140 daretur,

332 3153 436 3214 durum
459 3153 546 3228 bello,
570 3154 751 3231 dlasidiaque
773 3172 912 3231 generum
935 3153 1047 3228 cadem,
1071 3172 1147 3230 qnae
1171 3155 1200 3211 iu
1224 3155 1344 3213 ciuitate
1367 3161 1555 3229 utrorumque
1571 3160 1688 3228 tempo,-

331 3260 405 3301 rnm.
451 3240 559 3301 Verum
589 3242 662 3302 haec
692 3242 759 3302 aliis
786 3242 914 3302 curanda
941 3242 1091 3318 relinquo,
1122 3242 1230 3319 quibua
1253 3242 1333 3300 vitae
1354 3242 1467 3300 mdone
1497 3243 1592 3317 magle
1614 3257 1688 3305 con-

334 3331 474 3403 veniunt3
497 3332 560 3406 ipse
582 3346 660 3389 nunc
682 3329 720 3389 ad
743 3337 901 3408 sequentes
923 3347 1007 3390 meae
1029 3329 1219 3406 professionis
1242 3329 1380 3389 materias
1401 3344 1536 3404 propero.
1580 3327 1687 3404 Itaque

330 3417 478 3476 Bodinum
500 3420 580 3494 prius
603 3417 766 3494 expediam.
814 3417 861 3476 Ad
889 3418 953 3494 ejus
977 3420 1054 3478 euim
1076 3416 1142 3475 libri
1171 3415 1258 3477 finem
1287 3414 1434 3493 simulque
1456 3415 1494 3474 ad
1515 3415 1605 3491 hujus
1627 3418 1685 3475 mei

240 3572 248 3577 ,
333 3507 410 3565 tertii
433 3505 606 3581 principIum
628 3507 778 3582 pervenio.

329 3618 334 3628 ·
419 3590 541 3650 XXIII.
564 3591 635 3652 Jam
662 3596 739 3653 enim
762 3592 894 3652 Bodinus
924 3599 1004 3652 totus
1033 3590 1072 3650 ad
1101 3593 1257 3664 musicam,
1287 3597 1319 3649 ut
1349 3596 1395 3651 est
1422 3606 1442 3647 a
1465 3605 1513 3647 me
1541 3586 1690 3663 descripta

332 3683 454 3739 seorsim
476 3696 495 3737 a
517 3681 754 3758 proportionibus
776 3682 970 3756 geometricis,
995 3680 1138 3738 transiens
1158 3695 1291 3755 eamque,
1315 3685 1348 3735 ut
1361 3675 1433 3735 mihi
1448 3693 1566 3752 quoque
1582 3675 1688 3754 placet,

332 3767 443 3844 palitiis
466 3768 701 3844 accommodans,
724 3768 798 3843 nihil
821 3770 984 3846 speciosius
1000 3775 1063 3826 toto
1079 3765 1153 3825 libro
1170 3764 1309 3843 disputat,
1333 3782 1422 3841 qnam
1438 3764 1474 3823 de
1488 3766 1570 3840 regni
1584 3764 1688 3839 torma,

333 3870 472 3932 expressa
493 3858 619 3916 numeris
645 3859 672 3931 l,
696 3859 726 3930 i,
751 3857 780 3929 3,
804 3858 834 3929 t,
857 3857 918 3932 qui,
941 3862 975 3913 ut
996 3857 1081 3931 primi
1094 3863 1161 3912 sunt
1183 3861 1288 3913 natura
1317 3854 1466 3913 etunitas
1490 3851 1608 3927 quiden
1631 3867 1689 3909 nu-

332 3946 674 4020 merorumpriucipium,
697 3946 947 4020 ita-quantitatum
963 3944 1116 4020 principio,
1133 3949 1249 4017 puncto,
1272 3940 1397 4016 indeque
1419 3939 1575 4016 speciebus
1589 3954 1689 3999 aarum
1802 3974 1807 3981 -

332 4031 435 4102 tribus,
459 4033 477 4088 I
498 4030 606 4103 lineae,
631 4033 650 4090 3
674 4028 848 4107 superficiei,
871 4034 890 4089 4
915 4031 1028 4107 corpori
1051 4046 1125 4106 pene
1149 4028 1251 4089 eodem
1275 4028 1372 4100 modo,
1391 4044 1478 4105 quem
1500 4027 1583 4084 Initio
1600 4023 1688 4101 hujus

231 4186 244 4193 ,
331 4116 388 4179 III.
417 4116 485 4177 libri
519 4136 555 4178 ex
588 4118 793 4196 Pythagoricis
826 4120 974 4191 recensui,
1010 4116 1142 4192 jucundo
1176 4118 1286 4192 ingenii
1321 4115 1388 4173 lnsu
1421 4115 1582 4191 comparati
1610 4120 1687 4171 sunt.

331 4206 448 4265 Deinde
471 4208 570 4265 unitas
599 4205 641 4265 ilii
670 4224 721 4267 rex
743 4213 802 4279 est,
834 4206 891 4265 Dei
917 4207 1116 4284 praepotentis
1147 4205 1176 4261 in
1199 4223 1259 4280 rep.
1284 4205 1426 4276 vicarias,
1458 4205 1584 4260 isacar
1606 4199 1689 4273 ordo,

333 4295 351 4353 3
375 4292 511 4353 militaris
533 4311 585 4353 seu
609 4296 770 4372 equestris,
794 4296 812 4350 t
835 4293 975 4370 populus,
1002 4300 1032 4352 et
1053 4294 1078 4350 is
1101 4292 1219 4367 quidem
1243 4293 1361 4351 omnino
1384 4287 1583 4366 quadruplex:
1607 4290 1688 4363 agri-

333 4382 431 4456 colae,
462 4381 647 4455 scholastici,
677 4388 867 4454 mercatores,
899 4381 1028 4458 opifices.
1080 4378 1137 4438 Hic
1166 4382 1241 4438 inter
1268 4378 1323 4436 hos
1352 4395 1489 4436 nrrmmos
1520 4376 1689 4436 harmonias

332 4469 558 4548 conprehensas
581 4468 683 4528 eodem
705 4467 794 4527 modo
817 4475 962 4539 recenset,
985 4484 1045 4543 quo
1068 4483 1124 4542 ego
1146 4483 1236 4544 supra
1257 4483 1321 4524 sum
1344 4480 1431 4539 usns3
1460 4481 1566 4524 vanam
1589 4473 1688 4522 mmen

331 4567 427 4617 metus
454 4574 576 4616 causam
602 4556 705 4631 habet,
738 4554 775 4615 ad
805 4557 983 4630 quinarium.
998 4553 1218 4632 progrediendi,
1250 4553 1334 4629 quasi
1364 4552 1497 4612 turbetur
1524 4551 1686 4623 harmonia,

332 4643 412 4722 qnod
435 4644 540 4704 laisum
563 4660 629 4704 esse
652 4662 688 4704 cx
711 4651 773 4704 toto
796 4642 853 4702 hoe
875 4643 951 4702 libro
972 4649 1063 4719 patet.
1109 4641 1175 4700 Sint
1196 4658 1267 4701 saue
1291 4648 1321 4698 et
1343 4638 1465 4700 ualeant
1487 4637 1564 4699 aliae
1580 4652 1687 4698 musae

331 4732 509 4793 subshtendi
537 4733 567 4790 in
597 4732 800 4809 quaternarioz
829 4732 901 4807 quin
933 4732 1022 4790 etiam
1050 4732 1079 4788 in
1106 4731 1224 4790 homine
1256 4730 1320 4805 ipso
1349 4725 1479 4787 relucere
1508 4725 1688 4785 demonstrat

331 4819 408 4882 nna
428 4822 502 4901 reip.
524 4820 647 4881 iorrnam
669 4837 706 4880 ex
729 4818 868 4893 Platone,
900 4819 931 4876 in
954 4836 1014 4895 qua
1039 4820 1052 4876 i
1077 4835 1173 4892 mens,
1204 4819 1223 4873 i
1247 4816 1457 4878 ratiocinativa
1482 4813 1627 4889 incultas,
1656 4813 1687 4869 in

666 5026 677 5059 Ι
