3882 5862
795 419 936 489 Apologia.
1344 470 1349 477 .
1476 405 1537 467 sti

187 604 263 664 libro
286 605 339 664 IV.
362 605 504 666 Hermon.
528 624 592 683 cap.
618 606 646 665 3.
672 611 702 663 ιι
724 603 940 662 commentariis
969 600 999 657 in
1021 595 1184 656 Ptolemaei
1212 589 1381 653 harmonica
1409 584 1540 645 nondum

187 693 282 767 editis,
306 693 385 769 quod
408 694 519 753 scilicet
539 696 570 752 in
594 693 654 751 iilis
669 692 902 751 harmonicamm
925 686 1144 765 proportionum
1162 678 1333 749 rationulis
1347 676 1442 753 possit
1465 674 1539 731 iniri.

275 781 327 837 lid
354 781 533 860 hnalysin
557 778 678 840 XXIV.
724 778 825 837 Motus
849 779 909 835 tuis
931 775 1092 833 harmoniis
1114 768 1188 832 'tales
1207 768 1312 839 ademi,
1336 764 1438 842 quales
1455 778 1539 820 meae

187 884 240 943 pro
264 869 396 926 torminis
419 869 538 942 habent,
561 870 612 946 qui
635 883 739 942 nempe
762 867 883 925 meciah
904 861 1089 940 geometricis
1110 864 1236 938 possunt
1257 855 1427 915 mensurari.
1449 850 1539 908 anilo

187 955 221 1011 iu
250 955 305 1014 hoc
332 973 468 1016 ammone
496 959 661 1029 temeritas,
691 953 782 1012 nullo
811 952 948 1024 inuidia,
980 958 1012 1009 ut
1034 963 1104 1007 vero
1128 951 1346 1023 argumentum
1372 940 1405 999 id
1427 937 1482 997 tibi
1502 940 1541 995 sit

187 1044 325 1100 ιιιιιίιιαι
346 1061 449 1118 meae,
479 1046 591 1121 patior,
623 1041 746 1118 quiade
769 1038 828 1099 iliis
857 1042 915 1098 tuis
937 1037 1067 1097 motibus
1096 1033 1273 1111 analogicis,
1307 1028 1415 1106 quibus
1444 1026 1539 1085 iorma

187 1131 358 1201 materiam,
386 1130 439 1190 lux
461 1131 615 1203 tenebras,
648 1131 747 1188 anima
769 1144 875 1204 corpus
897 1126 1038 1201 subjugat
1061 1123 1235 1199 domuique,
1266 1136 1304 1179 ne
1330 1134 1383 1194 per
1404 1130 1538 1174 somnum

187 1215 305 1292 quidem
330 1208 470 1295 eogitari.
516 1217 614 1293 Quare
637 1219 797 1294 partiamur
820 1231 937 1292 operas,
967 1212 1100 1272 ridicule
1122 1211 1176 1271 tibi
1198 1227 1265 1270 mea
1288 1208 1327 1266 sit
1348 1205 1537 1274 meseratio,

188 1303 290 1362 ridebo
315 1323 369 1381 ego
395 1306 526 1365 vicissim
548 1314 614 1365 tuos
639 1303 706 1363 ilios
727 1303 835 1374 motus,
859 1319 919 1361 non
943 1300 1022 1377 quod
1045 1316 1104 1358 non
1120 1301 1188 1369 sint,
1210 1298 1261 1357 sed
1281 1295 1353 1370 quia
1368 1293 1539 1368 informare

185 1408 273 1450 nemo
305 1386 549 1471 philosophorum
570 1393 728 1461 hacteuus,
760 1390 839 1466 quod
869 1393 975 1461 seiam,
1007 1386 1081 1446 dixit
1110 1384 1244 1459 mouere,
1278 1396 1398 1440 causum
1422 1380 1538 1437 nominc

186 1478 325 1553 eiiectus,
358 1488 387 1539 et
409 1483 479 1557 quia
502 1482 610 1539 trustra
632 1487 664 1537 tu
683 1479 796 1555 jactas,
825 1485 852 1537 te
876 1493 1021 1554 quaerere
1042 1476 1253 1550 proportiones
1280 1469 1474 1528 harmonicas
1504 1468 1539 1523 in
1588 1514 1592 1519 -

156 1598 161 1611 ι
187 1566 384 1625 tenebrarum
406 1575 434 1626 et
455 1569 531 1627 lucis
552 1558 706 1645 pedibus,
730 1573 866 1642 respectu
887 1572 996 1638 motus,
1020 1580 1080 1639 quo
1101 1562 1205 1638 forma
1227 1563 1347 1619 moueat
1366 1555 1536 1625 materiam,

188 1655 213 1710 si
235 1652 316 1712 uuila
339 1655 394 1712 tibi
419 1656 547 1732 vestigia
568 1653 779 1730 magnitudinis
802 1661 934 1712 motuum
958 1651 1061 1711 borum
1084 1650 1206 1727 praebet
1227 1650 1292 1723 ipsa
1315 1652 1432 1712 natura,
1461 1657 1538 1715 quo·

186 1758 250 1798 rum
280 1741 462 1802 adminiculo
492 1751 525 1801 tu
555 1756 726 1819 comparare
756 1742 852 1818 possis
875 1748 986 1799 motum
1016 1755 1083 1797 eum
1113 1746 1210 1809 motu,
1244 1732 1281 1794 ad
1306 1730 1479 1792 eliciendam
1509 1737 1538 1788 et

186 1829 402 1888 aestimandam
425 1847 525 1889 eorum
549 1831 768 1908 proportionem
791 1829 1000 1888 harmonicam.
1022 1850 1026 1861 ·
1047 1825 1173 1901 Quaeris
1195 1831 1225 1883 et
1240 1820 1351 1881 metiris
1375 1818 1429 1876 iter
1451 1819 1535 1875 navis

189 1917 263 1973 inter
286 1917 401 1989 tinctus,
426 1918 554 1977 volucris
578 1920 758 1993 pereiram.
804 1916 994 1991 Comparatio
1017 1915 1094 1973 enim
1119 1913 1212 1971 omnis
1234 1910 1268 1969 iit
1297 1904 1458 1967 secundum
1481 1921 1538 1962 au-

189 2020 312 2076 merum,
336 2021 473 2064 uumerus
498 2024 533 2064 ex
556 2014 692 2065 mensura
715 2007 837 2080 capitur.
882 2002 1063 2062 Harmoniae
1083 2017 1153 2061 vero
1169 1991 1333 2074 subjectum
1349 1992 1538 2063 mundanum,

188 2090 271 2165 qnod
292 2095 397 2152 animo
419 2096 581 2168 respicitur
602 2093 673 2162 solo,
696 2110 760 2150 non
780 2094 872 2150 etium
894 2092 997 2159 omlis,
1021 2088 1079 2149 hoc
1101 2095 1161 2160 est,
1185 2084 1266 2162 quod
1288 2093 1389 2161 aptum
1412 2098 1470 2139 non
1493 2087 1538 2139 cst

187 2177 225 2234 ad
248 2182 362 2253 species
385 2188 479 2239 certas
495 2180 723 2252 harmoniarum,
747 2181 911 2254 quantitate
927 2177 1101 2249 differentes,
1125 2182 1158 2235 ut
1176 2173 1366 2243 diatessaron,
1391 2168 1537 2244 diapente,

186 2280 240 2323 scu
272 2264 310 2346 il,
342 2266 390 2325 vel
413 2263 455 2349 ²),
486 2267 664 2335 induendas,
696 2266 726 2324 id
750 2282 820 2325 vcro
851 2282 909 2325 non
936 2272 1049 2325 tantum
1081 2263 1252 2323 subeuntia
1282 2258 1379 2329 nulia,
1413 2258 1539 2314 auclesrs

186 2350 301 2424 nullus,
330 2352 381 2411 sed
405 2373 442 2415 ne
465 2360 566 2415 cortex
589 2353 792 2430 quidemst,
826 2356 884 2413 imo
912 2353 1025 2413 umbra
1053 2359 1099 2411 est
1120 2353 1184 2411 sine
1208 2364 1329 2426 corpore
1358 2353 1388 2406 st
1418 2343 1537 2404 umbrae

185 2455 341 2499 somnium.

274 2527 328 2584 ad
352 2527 536 2605 Anaiysin
560 2526 664 2587 XXV.
709 2527 827 2587 Novum
849 2526 1002 2587 discrimen
1026 2528 1055 2583 in
1075 2542 1197 2586 numero
1211 2521 1433 2583 intervallorum
1447 2520 1536 2579 statui

187 2612 324 2688 dixique,
356 2624 385 2673 te
415 2615 574 2692 applicare*
594 2614 722 2693 paucula
749 2614 923 2688 interualla,
954 2631 1000 2673 me
1023 2631 1094 2673 sero
1123 2617 1222 2673 omnia
1252 2609 1450 2689 applicatione
1472 2624 1538 2665 ntea

188 2700 371 2779 complexum
394 2720 468 2761 esse.
513 2702 571 2762 Hic
595 2713 625 2763 tu
648 2704 741 2762 muita
769 2705 798 2759 in
823 2704 997 2761 contrarium
1022 2701 1094 2760 dicis
1122 2699 1291 2777 magnilica,
1321 2698 1429 2773 probas
1453 2695 1535 2765 nibil,

187 2788 236 2847 liu
258 2791 481 2849 semidiametro
510 2790 620 2849 mundi
641 2799 669 2850 te
695 2792 740 2848 ais
769 2789 1008 2849 monochordum
1033 2790 1149 2866 (emese,
1180 2792 1214 2846 in
1236 2782 1437 2844 monochordo
1465 2800 1537 2842 vero

181 2883 328 2950 potestate
356 2880 452 2936 inesse
480 2879 645 2937 interualla
672 2880 787 2937 omnio.
834 2877 924 2952 Atqui
954 2886 1080 2934 nearest
1108 2876 1181 2943 hoc,
1212 2875 1356 2944 Roberte,
1387 2870 1536 2949 applicare

186 2963 463 3023 intervalla‘omnia
486 2967 619 3042 partibus
642 2963 759 3036 mundi,
789 2980 848 3023 non
871 2972 915 3022 est
936 2963 994 3021 boc
1017 2962 1230 3035 demonstrare,
1260 2962 1367 3037 quibus
1391 2960 1419 3015 lu
1443 2976 1536 3017 mern-

188 3050 246 3109 bris
270 3050 421 3127 quaelibet
444 3053 661 3111 harmoniarum
684 3053 763 3109 insit.
812 3053 875 3126 rige
897 3067 1023 3126 namque
1047 3050 1107 3121 dic,
1133 3051 1185 3108 ubi
1209 3057 1240 3108 tu
1262 3048 1447 3108 semitonium
1472 3047 1535 3106 coi-

186 3138 276 3209 loces,
301 3140 408 3214 quibus
431 3149 553 3199 naturae
577 3142 661 3198 metis
685 3139 716 3197 id
737 3140 777 3197 sit
799 3137 982 3211 distinctum,
1012 3136 1060 3197 dic
1082 3140 1189 3215 quibus
1211 3137 1314 3196 mediis
1337 3150 1475 3210 expressa
1498 3136 1536 3192 sit

188 3228 217 3282 in
241 3226 350 3285 mundo
375 3226 538 3286 differentia
561 3242 699 3302 generum
723 3232 841 3296 cantus,
864 3228 984 3284 nomina
1006 3227 1144 3285 terminos
1167 3226 1377 3299 contrapuneti‚
1406 3223 1535 3300 exprime

187 3314 317 3389 speciem
349 3313 500 3373 clausulae
531 3332 582 3373 seu
612 3313 782 3372 barmoniae
815 3312 940 3389 aiiquus
975 3312 1149 3372 universalis
1180 3314 1308 3372 oninium
1337 3314 1534 3381 terminonrm,

189 3394 318 3475 quos'tu
342 3399 481 3460 adsciscis
504 3401 542 3459 ad
557 3399 828 3477 „repraesentandae
857 3403 1059 3479 proportiones
1084 3401 1278 3461 harmonicas.
1288 3394 1328 3475 ⁶³)
1374 3398 1456 3458 llaec
1479 3414 1534 3473 ego

189 3504 378 3564 nequaquam
406 3488 586 3564 provocandi
619 3491 716 3546 animo
746 3505 800 3548 nec
829 3490 933 3565 scripsi
962 3505 1017 3547 nec
1039 3505 1116 3548 nunc
1146 3489 1258 3564 scrib03
1289 3503 1355 3545 narn
1380 3489 1435 3546 nisi
1461 3486 1535 3545 haee

190 3576 288 3634 omnia
313 3584 342 3634 et
364 3575 449 3651 plura
474 3575 533 3635 alia
556 3576 679 3635 luissent
706 3577 736 3633 in
758 3577 823 3654 ipsa
844 3592 938 3634 rerum
961 3582 1081 3649 natura,
1114 3577 1142 3633 in
1167 3578 1239 3652 ipsis
1260 3573 1373 3634 scilieet
1398 3573 1535 3651 plancta-

186 3678 249 3719 rum
277 3664 405 3722 motibus
434 3680 585 3738 expressa,
616 3680 765 3739 nunquam
793 3679 848 3738 ego
879 3662 931 3722 ilia
961 3661 1022 3722 ulls
1050 3665 1156 3722 mentis
1180 3664 1340 3739 agitatione
1372 3665 1533 3742 potuissem

187 3764 298 3810 eruere.
344 3749 402 3809 Sed
427 3767 492 3808 cum
515 3767 569 3808 nos
592 3757 743 3812 creaturae
769 3753 873 3810 merito
895 3751 1085 3821 admiremur,
1114 3750 1270 3809 adoremus
1298 3759 1327 3808 ιι
1349 3750 1535 3829 propalemus

187 3837 262 3895 haec
290 3839 416 3912 vestigia
445 3839 608 3912 sapientiae
639 3838 787 3898 creatricis
815 3839 934 3915 agnita,
966 3855 1020 3898 nec
1049 3836 1203 3914 quisquam
1234 3837 1307 3896 mihi
1331 3841 1402 3899 vitio
1431 3847 1533 3907 vertet,

185 3923 265 3999 quod
293 3923 397 4000 plenus
426 3923 599 3986 certitudine
631 3929 673 3985 rei
703 3924 828 3985 lectores
850 3927 964 3998 monui,
995 3924 1063 4001 plus
1085 3925 1198 4001 aliquid
1226 3924 1390 3984 divinorum
1415 3943 1535 4003 operum

186 4013 215 4067 in
239 4014 312 4070 meis
335 4012 520 4071 Harmonicis
545 4011 656 4088 detegi,
685 4030 774 4088 quam
799 4015 828 4071 in
851 4014 923 4085 tuis,
954 4015 1004 4087 qui
1027 4015 1151 4088 privatis
1174 4012 1210 4072 de
1233 4011 1341 4073 mundo
1365 4017 1535 4089 conceptio-

187 4097 282 4171 nibus,
306 4098 388 4171 pullo
411 4117 499 4158 sensu
523 4099 700 4158 confirmatis
723 4097 892 4175 indulgeam
915 4117 969 4160 nec
991 4117 1068 4159 nune
1083 4117 1139 4176 ego
1163 4102 1319 4160 connivere
1341 4101 1435 4162 debeo
1451 4104 1536 4178 quic·

187 4193 244 4259 tus,
269 4188 339 4261 quin
362 4190 462 4263 potius
485 4185 715 4263 indignationem
739 4204 834 4246 meam
858 4187 1067 4267 demonstrare,
1090 4186 1169 4264 quod
1191 4196 1220 4247 te
1237 4187 1324 4247 rideo
1339 4190 1536 4249 aemulatione

187 4274 331 4332 irritatum
354 4275 537 4351 injuriaeque
559 4274 659 4351 (quarn
683 4277 735 4334 tibi
757 4275 926 4349 imaginaris
949 4292 986 4334 ex
1007 4291 1052 4348 eo,
1075 4275 1153 4352 quod
1178 4292 1233 4351 ego
1251 4276 1314 4334 Deo
1337 4294 1422 4335 suum
1439 4276 1535 4347 tribui,

185 4377 305 4419 munere
328 4378 393 4420 meo
415 4362 531 4421 iunctus
554 4360 759 4438 distinguendo
782 4363 856 4420 inter
879 4372 929 4421 tua
951 4368 981 4421 et
1003 4359 1096 4441 mea),
1121 4362 1208 4438 hans
1231 4364 1350 4438 inquam
1375 4364 1535 4423 offensiun-

190 4446 274 4507 culas
297 4447 459 4509 ultionibus
482 4452 663 4527 exagitatum
686 4458 714 4509 te
736 4459 934 4509 transversum
956 4453 1028 4526 rapi,
1055 4456 1088 4509 ut
1110 4451 1315 4527 aspernatione
1338 4460 1367 4510 ct
1390 4450 1536 4510 deiorma·

187 4537 268 4594 tione
290 4538 348 4593 mei
372 4538 469 4612 operis
492 4554 581 4615 opera
604 4540 669 4614 ipsa
690 4530 1002 4597 Dei'diuturnioribns
1025 4539 1206 4615 ignorantiae
1230 4538 1369 4612 tenebris,
1394 4549 1535 4615 quantum

186 4624 216 4678 in
248 4631 276 4682 te
308 4624 413 4696 situm,
445 4623 591 4687 involvas.
636 4622 702 4683 lion
732 4640 787 4699 ego
818 4624 871 4684 tibi
895 4627 1018 4698 irascar,
1052 4624 1130 4701 quod
1161 4624 1307 4684 assimilas
1336 4643 1410 4702 opus
1440 4644 1535 4685 meum

186 4709 387 4769 harmonicum
424 4710 578 4771 chimaeris
615 4713 698 4771 vanis
736 4713 765 4769 in
803 4715 870 4770 aire
904 4715 1088 4789 imaginatis,
1126 4712 1219 4770 muita
1252 4712 1324 4772 talia
1363 4722 1394 4771 ιιι
1433 4731 1536 4773 occur-

185 4806 252 4855 rant
282 4798 312 4856 in
337 4814 372 4856 eo
396 4797 457 4855 lieri
480 4814 569 4873 posse
592 4808 681 4874 puto;
713 4807 744 4857 at
766 4797 845 4873 quod
875 4807 970 4858 motus
993 4799 1171 4877 planetarios
1200 4817 1253 4876 per
1275 4808 1453 4860 contemtum
1477 4821 1532 4879 ap-

185 4883 281 4967 pellas
305 4884 469 4946 accidentia
490 4901 572 4946 mera
593 4895 790 4947 creaturarum
811 4887 1004 4963 naturalium,
1033 4903 1128 4962 eaque
1156 4886 1192 4948 de
1215 4904 1306 4949 causa
1332 4891 1536 4968 proportiones
