3792 5860
421 443 464 498 De
480 441 642 512 Figuratum
659 439 883 497 Harmoricarum
901 438 1094 510 congruentia
1128 440 1212 499 Liber
1228 441 1263 498 11.
1460 449 1521 511 115

440 735 491 808 De
517 734 721 824 Figuratum
748 731 975 822 Regularium
1002 732 1253 823 corguuntur:
1306 786 1311 799 ,

254 884 280 945 Ι.
303 884 505 945 Definitio.
550 886 749 963 congruentia
770 884 829 945 alia
851 885 984 962 planitiei
1007 893 1068 960 est,
1094 885 1153 945 alia
1175 887 1204 944 in
1227 884 1332 946 solido.
1376 885 1411 946 In
1434 886 1523 965 plano

175 974 363 1049 congruentia
387 980 445 1048 est,
477 990 542 1033 cum
565 974 666 1050 auguli
689 973 847 1049 figurarum
869 972 996 1050 plurium
1017 973 1127 1051 singuli
1148 975 1191 1033 sic
1212 971 1251 1033 ad
1272 979 1413 1052 punctum
1434 991 1525 1035 unum
1641 1042 1649 1057 .

173 1066 355 1133 concurrunt,
377 1067 411 1119 nt
432 1060 530 1121 nullus
552 1062 734 1138 relinquatur
756 1059 865 1120 hiatus.

259 1146 299 1206 ll.
324 1147 531 1209 Definitio.
575 1148 659 1209 Haec
673 1149 802 1226 perfecta
817 1147 931 1222 dicitur,
955 1164 1020 1208 cum
1034 1147 1145 1225 figurae
1165 1149 1307 1226 cujusquo
1322 1156 1526 1211 concurrentes

173 1235 274 1313 auguli
298 1252 399 1295 omnes
423 1236 526 1296 eadem
548 1239 645 1314 specie
668 1236 849 1310 concurrunt,
873 1242 906 1295 ut
928 1238 970 1295 ita
984 1252 1085 1296 omues
1100 1228 1257 1298 concursus
1271 1241 1346 1298 inter
1361 1255 1394 1298 se
1415 1238 1527 1298 similes

172 1327 230 1383 sint
253 1329 283 1382 et
305 1340 498 1384 concursuum
521 1326 592 1383 ordo
616 1327 645 1383 in
667 1324 812 1383 inlinitum
834 1325 998 1384 continuari
1018 1325 1121 1401 possit.

261 1410 315 1470 [Π.
339 1411 540 1471 Definitio.
586 1411 811 1485 Perfectissima,
835 1429 902 1473 cum
918 1414 1006 1472 etiam
1028 1410 1139 1488 figurae
1162 1419 1364 1475 concurrentes
1386 1411 1527 1489 inploro

172 1505 240 1557 sunt
264 1498 396 1575 ejusdem
418 1501 535 1576 speciei.
591 1574 595 1583 .

260 1585 314 1644 IV.
338 1586 552 1647 Definitio.
596 1584 788 1663 Imperfecta,
811 1603 877 1645 cum
899 1586 993 1661 major
1015 1584 1134 1662 quidem
1155 1585 1250 1663 figura
1271 1587 1400 1667 undique
1422 1587 1529 1649 simili·

172 1674 228 1733 bus
252 1675 442 1734 concursibus
464 1675 583 1751 sepitur,
607 1691 703 1750 neque
725 1681 823 1734 tamen
839 1673 924 1732 datur
939 1675 1120 1733 continuatio
1142 1676 1172 1731 iu
1196 1673 1349 1750 infinitum,
1372 1681 1424 1736 aut
1445 1676 1530 1737 datur

172 1760 310 1838 quidem,
339 1761 393 1822 sed
420 1778 478 1820 uon
507 1763 570 1822 sine
598 1761 777 1822 admixtione
807 1759 987 1820 diversarum
1016 1777 1172 1821 concursus
1202 1765 1373 1839 specierum.
1416 1764 1530 1842 Imper-

172 1850 251 1909 fecta
274 1850 425 1910 deterioris
446 1849 568 1926 gradus,
599 1867 666 1909 cum
695 1851 789 1925 major
817 1848 911 1928 figura
932 1865 991 1907 non
1014 1851 1149 1909 omnibus
1178 1849 1293 1926 angulis
1315 1851 1404 1911 simili
1434 1853 1531 1931 specie

174 1953 347 1999 concurrere
370 1942 441 2015 apta
464 1943 517 1997 est.

262 2042 300 2101 V.
325 2042 531 2102 Definitio.
576 2041 679 2103 Solida
694 2038 883 2119 congruentia
903 2046 948 2099 est
970 2047 1000 2098 et
1021 2038 1115 2116 figura
1136 2038 1241 2115 solida,
1266 2058 1331 2101 cum
1346 2043 1447 2120 anguli
1468 2045 1531 2103 ain-

173 2130 233 2208 guli
256 2130 384 2209 plurium
406 2130 559 2209 planarum
574 2127 892 2207 figurarumaugutum
909 2129 1089 2186 constituunt
1108 2127 1244 2203 solidum,
1266 2132 1434 2208 aptatisque
1456 2131 1533 2210 figu-

171 2221 211 2278 ris
233 2218 418 2297 regularibus
443 2217 489 2279 rol
514 2218 769 2296 semiregularibus
803 2213 901 2274 nullus
922 2221 1013 2274 restat
1034 2214 1133 2275 hiatus
1153 2217 1227 2275 iuter
1259 2215 1353 2278 latera
1375 2218 1532 2297 figurarum

176 2307 330 2367 obviantia
351 2306 408 2366 sibi
430 2306 460 2364 in
484 2309 620 2383 opposita
641 2304 755 2366 solidae
777 2301 887 2380 figurae
908 2310 1005 2379 parte,
1037 2305 1089 2378 qui
1117 2319 1175 2361 non
1200 2303 1296 2362 claudi
1325 2309 1419 2382 possit
1439 2306 1534 2384 figura

175 2396 285 2471 speciei
309 2396 396 2454 unius
419 2411 455 2454 ex
478 2393 617 2454 adhibitis
639 2392 688 2453 rel
710 2393 816 2452 saltem
837 2390 1030 2465 regularibus.

263 2479 346 2546 Nota,
365 2476 439 2548 quod
457 2476 493 2531 sit
510 2477 564 2532 alia
581 2476 763 2546 congruentia,
781 2489 837 2528 non
854 2472 996 2541 planarum
1009 2472 1157 2540 figurarum
1175 2472 1211 2526 ad
1223 2472 1337 2541 figuram
1349 2474 1462 2531 solidam
1480 2475 1534 2531 fcr-

174 2559 313 2627 mmmm,
337 2557 386 2613 sed
413 2558 535 2626 ipsarum
553 2555 703 2613 solidarum
726 2555 873 2624 figurarum
896 2552 968 2607 inter
986 2566 1029 2619 se,
1052 2550 1086 2605 ad
1105 2549 1195 2605 locum
1218 2552 1335 2608 solidum
1356 2555 1429 2611 omos
1449 2572 1535 2612 unum

174 2645 311 2710 punctum
328 2636 505 2706 explendum:
525 2634 680 2703 hujusmodi
697 2633 801 2702 figurae
819 2644 966 2700 corporeae
984 2634 1050 2684 sunt
1067 2635 1174 2683 tantum
1192 2627 1276 2699 duaa,
1295 2632 1381 2688 cubus
1399 2641 1427 2688 et
1445 2634 1534 2691 rhom-
1596 2674 1598 2681 >

176 2721 229 2776 bus
255 2715 474 2773 dodecaedricus.
509 2715 579 2769 Nam
604 2720 665 2769 octo
690 2710 783 2783 anguli
809 2709 872 2765 cubi
894 2712 1061 2764 concurrunt
1082 2707 1117 2762 ad
1139 2724 1223 2762 unum
1248 2715 1378 2778 punctum
1400 2720 1429 2768 et
1451 2729 1535 2769 unum

176 2799 300 2867 undique
325 2795 416 2850 locum
442 2793 560 2863 explent.
601 2791 744 2846 Rhombus
775 2801 838 2843 raro
863 2787 946 2842 babet
970 2786 1025 2841 duo
1055 2800 1156 2855 genera
1181 2787 1355 2859 angulorum,
1385 2789 1536 2847 trilinearss

176 2864 294 2932 obtusos
318 2883 395 2943 octo,
429 2880 457 2930 et
480 2870 817 2944 quadrilincares‘lscutos
848 2883 903 2923 ser.
945 2864 1033 2941 igitur
1058 2863 1149 2919 obtusi
1178 2872 1296 2931 quatuor
1324 2878 1477 2938 congruunt
1501 2871 1536 2927 ad

177 2954 270 3011 locum
288 2953 462 3025 explendum,
488 2951 560 3008 acuti
578 2966 642 3005 rcro
662 2965 722 3004 sex:
747 2945 828 3016 quale
846 2951 956 3002 struunt
973 2942 1126 2999 aedificium
1143 2959 1223 3014 apes,
1241 2944 1316 3001 cellis
1336 2947 1483 3018 contiguis,
1507 2957 1538 3004 ut

177 3051 263 3090 unam
280 3033 457 3088 circumstent
475 3046 491 3085 a
508 3029 592 3084 fundo
611 3035 668 3083 tres
686 3025 807 3085 adversis
825 3022 932 3092 fundis,
958 3038 975 3076 a
992 3021 1123 3077 lateribus
1142 3038 1191 3076 sex
1215 3032 1243 3078 et
1260 3033 1374 3094 possent
1390 3028 1473 3083 etiam
1490 3044 1537 3083 au·

176 3117 266 3173 terius
284 3120 343 3171 tres
362 3110 432 3169 aliae
449 3110 624 3166 circumstare
642 3106 676 3162 ad
693 3105 810 3175 figuram
828 3101 1035 3167 absolvendam,
1059 3099 1112 3155 uisi
1130 3099 1202 3156 fores
1221 3105 1387 3173 oportuisset
1412 3122 1473 3163 esse
1490 3122 1537 3178 pa·

178 3204 281 3255 tentes.
317 3193 361 3250 De
377 3192 430 3248 hac
448 3206 512 3246 rero
531 3187 680 3244 solidarum
698 3184 846 3253 figurarum
865 3179 1043 3249 commentia
1060 3196 1111 3235 nos
1128 3179 1173 3235 hic
1191 3197 1245 3235 non
1264 3184 1377 3252 agimus.

268 3290 324 3351 vt
347 3284 550 3348 Definitio.
595 3277 811 3338 Perfectissima
839 3272 935 3333 solida
964 3273 1154 3350 congruentia
1181 3274 1334 3354 solidaque
1362 3277 1455 3357 figura
1484 3288 1538 3355 ,gg

180 3403 247 3448 cum
272 3382 362 3441 etiam
384 3374 473 3453 plana
496 3368 685 3446 congruentia
706 3370 774 3424 sunt
796 3361 926 3438 ejusdem
949 3361 1060 3438 figurae
1083 3362 1189 3451 omnia.
1277 3380 1282 3389 ·

267 3485 339 3547 VII.
363 3477 572 3542 Definitio.
617 3470 701 3531 Haec
716 3467 764 3527 vel
779 3475 824 3527 est
844 3465 985 3543 regularis
999 3472 1071 3539 tota,
1096 3485 1161 3531 cum
1182 3472 1273 3548 plana
1294 3484 1363 3535 sunt
1383 3477 1538 3554 regularia,

177 3581 331 3653 habetque
355 3584 455 3632 omnes
478 3561 601 3642 angulos
624 3562 653 3617 in
676 3555 779 3618 eadem
803 3553 955 3631 sphaerica
977 3554 1128 3631 superficie
1152 3568 1182 3620 et
1203 3564 1278 3623 inter
1298 3581 1331 3624 se
1353 3565 1472 3627 similes.

268 3678 355 3741 vni.
378 3670 581 3735 Definitio.
624 3663 681 3725 Vel
705 3669 750 3723 est
771 3658 1000 3737 semiregularis,
1032 3663 1209 3740 complana
1231 3671 1540 3747 suntsemiregularia

104 3773 107 3777 .
178 3770 262 3854 (vide
283 3769 352 3828 ΗΜ.
373 3765 398 3824 Ι,
422 3760 479 3819 (Μ,
503 3754 546 3836 a.)
575 3754 723 3827 habetque
746 3748 869 3827 angulos
892 3746 1004 3807 solidos
1027 3767 1146 3810 numero
1168 3752 1311 3815 linearum
1334 3756 1487 3818 distinctos
1510 3766 1540 3819 et

179 3856 358 3929 pingimus„
380 3866 440 3910 non
462 3855 559 3906 tamon
581 3840 709 3919 plurium
731 3854 821 3914 quam
837 3835 960 3895 duorum
983 3852 1132 3919 generum,
1155 3856 1210 3900 uec
1231 3844 1261 3900 in
1283 3845 1426 3921 pluribus,
1451 3863 1540 3923 quam

181 3949 301 4009 duabus
325 3938 486 4018 sphaericis
500 3928 718 4009 superficiebus,
741 3941 799 3985 uno
823 3930 922 3984 centro
938 3923 1097 4003 descriptis,
1124 3926 1287 4007 ordinatos3
1310 3940 1340 3992 et
1361 3934 1541 4011 singulorum

180 4050 325 4118 generum
347 4025 471 4105 angrrlos
493 4030 538 4081 tot
559 4033 688 4089 numero,
712 4020 784 4090 quot
805 4012 897 4107 habet
917 4028 976 4069 una
999 4012 1183 4108 regularium.

270 4117 336 4173 Non
355 4112 461 4177 obstat,
489 4101 694 4172 congruentiam
711 4096 783 4151 hanc
800 4094 914 4150 solidum
940 4093 1165 4163 perfectissimam
1190 4099 1254 4155 dici:
1277 4115 1339 4155 nam
1358 4117 1429 4172 quae
1451 4102 1539 4173 planis

182 4202 243 4271 ejus
261 4198 337 4253 inest
354 4184 537 4259 imperfectio,
561 4177 718 4237 solidationi
735 4190 789 4230 non
808 4174 890 4229 debet
908 4171 1033 4243 adscribi,
1062 4174 1110 4229 sed
1137 4175 1161 4229 ei
1180 4177 1285 4234 accidit.
1320 4181 1427 4237 Dicitur
1451 4190 1540 4240 tamen

181 4278 333 4348 murmure
351 4266 551 4341 perfectissima
566 4260 637 4315 haec
654 4253 863 4324 semirsgularis.

271 4364 332 4428 lx.
355 4358 560 4422 Definitio.
604 4350 738 4412 Perfecta
760 4347 903 4428 inferioris
925 4346 1034 4423 gradus
1057 4353 1115 4422 est,
1146 4365 1211 4407 cum
1234 4349 1323 4426 plana
1344 4353 1489 4430 regularia
1511 4361 1541 4415 ut

60 4512 63 4517 ,
183 4438 287 4537 anguli
311 4467 413 4514 omues
434 4448 465 4505 in
486 4442 589 4505 eadem
611 4436 763 4515 superficie
778 4434 931 4512 sphaerica
946 4444 976 4495 et
997 4437 1072 4494 inter
1093 4453 1125 4495 se
1147 4437 1255 4497 similes
1280 4447 1356 4515 sunt,
1378 4440 1431 4502 sed
1453 4441 1542 4521 plana

184 4558 285 4608 tamen
300 4541 480 4602 diversarum
502 4531 671 4611 specierum,
694 4522 874 4601 singularum
889 4521 1008 4599 quidem
1030 4530 1073 4583 tot
1095 4541 1224 4600 numero,
1248 4534 1320 4602 quot
1341 4535 1409 4587 sunt
1431 4531 1460 4588 in
1483 4548 1542 4591 ung

184 4630 463 4715 perfectissimarum
485 4621 656 4698 figurarum,
688 4629 728 4671 sc.
750 4627 809 4669 uon
831 4611 926 4670 minus
949 4627 1037 4686 quam
1061 4613 1094 4686 4,
1118 4620 1191 4687 quot
1212 4609 1250 4672 ad
1272 4615 1423 4677 minimum
1443 4617 1541 4697 plani-

184 4723 283 4785 tiebus
306 4716 404 4779 solida
425 4713 519 4790 figura
540 4708 718 4768 terminatur.
1211 4760 1215 4767 ⁸

274 4824 318 4886 X.
341 4816 553 4882 Definitio.
596 4805 771 4886 Inperfecta
793 4804 982 4882 congruentia
1003 4820 1055 4865 seu
1071 4803 1164 4881 figura
1186 4811 1239 4881 est,
1263 4824 1329 4868 cum
1351 4811 1455 4871 ceteris
1476 4826 1542 4870 ma·

185 4917 327 4979 nendbus
349 4909 444 4987 maior
465 4904 559 4982 ligura
579 4915 639 4960 non
660 4896 779 4973 saepius
801 4910 890 4971 quam
911 4890 1001 4955 semel
1023 4899 1075 4953 aut
1096 4892 1142 4953 bis
1164 4894 1319 4960 invenitur.

1342 5001 1389 5064 81
