3872 5846
398 438 458 498 tue
921 432 964 486 De
982 431 1206 501 Propertionious

396 614 504 672 tionem
527 612 616 670 maris
640 619 669 668 et
690 610 832 670 feminae:
864 609 935 685 quid
957 611 1063 669 mirum
1085 611 1191 686 igitur,
1221 613 1247 668 si
1269 614 1356 672 etiam
1379 611 1497 672 soboles
1519 609 1744 689 quinquanguli,

396 700 482 758 tertia
496 700 577 757 ‘dura
604 713 658 756 seu
682 694 720 776 ⁴l,
750 704 779 757 et
800 698 897 757 mollis
927 694 964 777 ⁵J',
992 706 1112 757 moveat
1134 700 1261 771 animos,
1291 699 1346 758 Dei
1369 702 1522 776 imagines,
1557 698 1595 758 ad
1621 698 1743 758 affectus

397 787 593 862 generationis
616 786 735 860 negotio
758 785 991 863 comparandos?
1035 782 1093 845 Ubi
1112 784 1298 863 repetendum
1321 804 1358 846 ex
1373 789 1467 862 capite
1481 790 1508 860 3,
1533 785 1612 861 quod
1635 803 1742 861 quam-

399 877 444 932 vis
471 867 508 953 ¹f,
530 875 568 932 sit
590 888 626 931 ex
649 872 819 947 sexangulo,
842 872 990 932 residuum
1005 880 1102 931 tamen
1116 867 1159 953 ⁵s,
1174 888 1233 930 non
1249 884 1389 933 consonet
1405 883 1523 951 propter
1537 872 1741 951 sexangulum,

396 959 448 1021 sed
470 967 586 1037 propter
608 959 817 1020 derivationem
841 978 877 1020 ex
899 958 990 1019 tribus
1012 959 1110 1019 circuli
1135 959 1262 1031 decimis,
1285 978 1336 1037 per
1352 963 1538 1020 terminorum
1561 958 1741 1036 duplicatio·

397 1065 464 1108 nem
486 1054 516 1107 et
540 1045 784 1119 dimidiationem
807 1049 908 1121 itaque
931 1049 1019 1131 etiam
1041 1046 1189 1107 residuum
1210 1046 1267 1107 hoc
1289 1048 1411 1123 eiusque
1427 1047 1552 1119 soboles,
1578 1048 1662 1105 tertia
1684 1049 1742 1104 mi-

395 1152 457 1209 nor,
481 1142 526 1193 est
547 1153 583 1194 ex
598 1135 843 1210 quinquangulari
859 1134 1015 1210 figurarum
1027 1134 1130 1195 classe.
1173 1132 1240 1195 Hoc
1254 1137 1343 1211 igitur
1358 1134 1497 1207 stabilito,
1521 1134 1600 1210 quod
1615 1135 1740 1193 societas

397 1222 517 1281 duarum
539 1223 688 1281 tertiarum
710 1229 907 1298 repraesentet
928 1224 1100 1281 societatem
1122 1223 1209 1280 maris
1233 1231 1262 1281 et
1279 1221 1419 1295 feminae,
1442 1222 1523 1280 nullo
1541 1222 1605 1297 Jam
1621 1223 1740 1296 negotio

397 1311 502 1385 cuique
524 1311 606 1369 sexui
635 1326 690 1368 sua
717 1311 882 1386 assignatur
904 1312 998 1369 tertia.
1043 1308 1141 1383 Major
1163 1306 1240 1366 enim
1270 1311 1355 1368 tortia
1377 1308 1468 1367 virilis
1495 1307 1615 1386 evadet,
1647 1310 1741 1368 minor

395 1398 535 1470 leminea,
559 1414 625 1455 cum
644 1395 751 1456 eadem
772 1399 810 1456 sit
833 1399 961 1472 ipsorum
985 1397 1074 1455 etiam
1089 1412 1241 1472 corporum
1259 1398 1420 1473 viriumque
1434 1404 1494 1455 tam
1509 1397 1637 1473 corporis
1652 1412 1741 1471 quam

396 1486 484 1543 animi
513 1486 671 1561 proportio.
717 1484 848 1559 Cumque
876 1485 969 1558 major
997 1486 1036 1542 sit
1066 1501 1103 1542 ex
1133 1483 1347 1560 imparilatera,
1376 1502 1416 1542 sc.
1447 1501 1482 1542 ex
1508 1481 1739 1560 quinquangulo,

396 1575 490 1631 minor
512 1588 582 1630 vero
606 1571 784 1648 originaliter
806 1589 841 1632 ex
863 1571 1020 1647 parilatcra
1041 1569 1217 1649 decaogula,
1247 1580 1474 1630 consentaneum
1501 1579 1551 1629 est.
1567 1572 1655 1629 etiam
1677 1568 1741 1646 Py-

397 1660 536 1734 thagorae
558 1656 682 1734 planitie,
705 1661 757 1734 qui
777 1676 912 1718 numeros
935 1661 1059 1735 impares
1082 1675 1175 1717 mares
1198 1658 1279 1732 dixit,
1303 1676 1387 1736 pares
1409 1659 1531 1717 seminas
1555 1652 1650 1737 (quod
1667 1673 1739 1715 con-

396 1746 525 1806 firmatur
547 1745 598 1804 illa
620 1763 790 1806 excessuum
813 1756 843 1806 et
859 1746 1024 1805 defectuum
1044 1744 1255 1821 speculatione,
1278 1763 1344 1805 cum
1359 1748 1453 1822 impar
1468 1747 1505 1802 sit
1525 1752 1555 1803 ct
1569 1739 1739 1824 excedens),

397 1844 430 1893 ut
451 1833 502 1892 illa
524 1831 676 1892 masculini
699 1851 786 1893 sexus
810 1834 968 1905 habeatur,
992 1832 1065 1892 haec
1086 1832 1211 1891 feminei

483 1920 612 1981 Accedat
640 1921 685 1979 his
714 1922 876 1980 rationibus
909 1923 998 1980 etiam
1025 1919 1244 1979 intervallorum
1278 1920 1484 1978 concinnorum
1521 1904 1738 1995 contemplatio,

397 2018 519 2085 quorum
540 2010 691 2067 minimum
712 2016 757 2067 est
779 2011 980 2081 semitonium
1002 2023 1116 2084 semper
1137 2009 1215 2066 enim
1236 2008 1422 2066 semitonium
1445 2004 1608 2065 succedens
1632 2006 1740 2063 invitet

398 2113 501 2156 vocem
523 2095 561 2155 ed
583 2113 615 2155 se
638 2096 833 2173 superandum
856 2095 894 2155 ob
917 2095 1105 2172 parvitatem,
1145 2100 1190 2153 est
1212 2096 1288 2154 enim
1310 2095 1401 2153 lustru
1419 2093 1485 2168 Jugi
1508 2094 1538 2150 iu
1561 2091 1639 2151 clivo
1663 2092 1741 2150 mol-

396 2184 531 2243 lescente.
575 2184 614 2243 Et
634 2186 749 2258 quoties
771 2184 957 2243 semitonium
978 2199 1080 2240 versus
1103 2182 1252 2258 superiora
1267 2183 1397 2255 occurrit,
1424 2180 1475 2239 illa
1490 2179 1635 2256 quaedam
1655 2182 1741 2254 quasi

395 2280 474 2331 meta
494 2277 597 2330 cautus
619 2271 752 2345 habetur,
775 2270 812 2329 ad
835 2286 923 2346 quam
944 2267 1045 2328 tendat
1067 2267 1191 2344 indeque
1216 2267 1305 2328 veluti
1325 2269 1398 2344 jugo
1421 2274 1558 2344 superato
1589 2267 1741 2326 coniecto·

396 2375 454 2434 que
482 2368 587 2418 conatu
616 2360 723 2417 reverti
753 2359 852 2418 crebro
880 2356 956 2431 solet
977 2355 1015 2414 ad
1038 2356 1180 2415 interiora
1225 2354 1324 2428 Certe,
1356 2357 1380 2413 si
1407 2371 1544 2413 canamus
1568 2353 1643 2426 RE,
1676 2351 1740 2427 ul,

394 2446 452 2504 uon
474 2448 596 2505 satiatur
618 2445 743 2517 auditus,
766 2444 819 2505 sed
840 2450 991 2520 exspectat
1012 2450 1045 2501 ut
1066 2450 1096 2500 et
1109 2441 1164 2500 ΡΑ
1186 2441 1317 2501 addatur.
1364 2441 1438 2501 Cum
1451 2443 1539 2517 igitur
1555 2443 1639 2499 tertia
1654 2439 1742 2519 dura,

397 2550 473 2609 quae
495 2532 584 2592 habet
606 2535 696 2591 imum
718 2533 814 2593 locum
836 2533 866 2589 in
888 2539 958 2590 tono
981 2538 1103 2601 octavo,
1128 2538 1226 2589 careat
1247 2531 1413 2601 semitonio,
1445 2528 1524 2605 quod
1546 2527 1661 2587 demum
1684 2545 1736 2587 ac-

397 2620 474 2693 cedit
500 2620 537 2679 ad
567 2618 770 2697 complendum
798 2620 1000 2697 diatessaron,
1024 2618 1126 2676 merito
1155 2616 1280 2676 habetur
1309 2632 1360 2693 pro
1382 2624 1504 2676 actuosa
1526 2625 1556 2674 et
1578 2623 1737 2674 conatuum

397 2708 492 2784 plena,
516 2708 598 2784 cujus
621 2711 666 2767 vis
688 2731 796 2786 yovtpoe
818 2717 848 2766 et
868 2704 944 2783 ἀκμη
967 2699 1100 2783 nepetae,
1129 2720 1271 2779 quaerens
1297 2702 1383 2761 finem
1406 2720 1506 2776 sunm,
1536 2701 1649 2761 scilicet
1671 2700 1739 2761 dia-

397 2804 542 2866 tessaron,
573 2795 655 2870 cujus
683 2797 869 2854 semitonium
899 2801 943 2853 est
971 2795 998 2852 ei
1028 2792 1111 2866 quasi
1134 2788 1258 2869 ἐκχυσις,
1289 2796 1351 2849 toto
1379 2799 1485 2849 conatu
1508 2790 1650 2865 quaesita.
1698 2789 1739 2847 At

396 2884 482 2941 tertia
503 2885 596 2941 minor
617 2884 675 2941 imo
698 2881 763 2942 loco
786 2884 847 2941 toni
870 2882 953 2958 primi
975 2880 1151 2951 consistens,
1174 2896 1240 2939 cum
1262 2879 1447 2938 semitonium
1468 2876 1622 2954 complexa
1642 2876 1697 2949 sit,
1723 2893 1742 2934 a

398 2986 457 3044 quo
480 2977 617 3048 snperato
647 2968 723 3029 solet
744 2969 806 3028 fieri
828 2969 971 3040 reversio,
1001 2967 1086 3042 quasi
1115 2982 1147 3024 se
1171 2967 1235 3042 ipsa
1261 2971 1398 3024 contenta
1429 2981 1540 3038 suaque
1569 2972 1673 3022 natura
1702 2962 1741 3022 ad

398 3059 612 3134 superationem
628 3064 657 3115 et
670 3059 838 3133 passionem
851 3055 942 3128 lacta,
965 3071 1077 3130 semper
1091 3069 1132 3126 se,
1156 3053 1247 3112 veluti
1261 3051 1381 3128 gallina,
1405 3053 1507 3110 sternit
1526 3050 1616 3124 humi,
1639 3066 1740 3127 prom·

398 3153 457 3203 mm
480 3146 617 3205 insessori
639 3143 726 3219 gallo.
772 3145 809 3202 lit
834 3160 901 3203 ecce
931 3158 1035 3200 causas
1057 3140 1213 3200 affectuum
1241 3142 1269 3196 in
1293 3140 1447 3219 generibus
1477 3140 1565 3213 inque
1588 3140 1664 3196 tonis
1686 3156 1740 3214 sy-

398 3234 529 3291 stematis
551 3234 695 3309 primarii,
719 3250 754 3290 er
781 3230 983 3305 Gsurgentis.

483 3318 566 3378 Nunc
589 3318 711 3378 eundem
733 3319 880 3377 semitonii
902 3319 988 3374 situm
1011 3311 1237 3390 contemplemur
1260 3313 1347 3372 ctiam
1365 3318 1497 3389 respectu
1514 3318 1649 3368 meorum
1669 3328 1741 3387 pro-

398 3407 507 3465 miscue
537 3409 682 3483 omnium,
714 3406 764 3464 ubi
792 3402 990 3481 attemperabo
1020 3404 1195 3473 orationem,
1227 3407 1259 3458 ut
1289 3399 1431 3459 hactenus
1456 3400 1560 3475 etiam,
1589 3395 1627 3455 ad
1656 3405 1744 3456 tonos

399 3494 548 3569 vulgares,
577 3496 620 3552 uti
644 3511 694 3552 eos
725 3510 761 3551 ex
782 3495 854 3552 meis
878 3491 1023 3567 principiis
1047 3489 1173 3547 distinxi.
1217 3487 1293 3546 Nam
1320 3486 1356 3546 de
1379 3486 1498 3560 reliquis
1528 3486 1566 3544 10
1588 3483 1742 3562 speciebus

399 3589 534 3645 octavae.
556 3598 630 3655 quas
653 3579 752 3661 addidi
775 3579 1000 3657 comparationis
1022 3593 1125 3649 causa,
1148 3592 1186 3634 an
1209 3578 1271 3635 toni
1293 3573 1349 3634 dici
1373 3579 1545 3646 mereantur,
1567 3572 1744 3631 musicorum

399 3669 453 3728 erit
472 3665 626 3744 judicium

438 3754 581 3833 Saepe
610 3754 732 3826 dictum,
764 3753 934 3813 naturaliter
964 3749 1081 3826 quidem
1114 3765 1150 3808 ex
1179 3749 1326 3808 concinnis
1356 3746 1518 3808 intervallis
1547 3746 1659 3822 majora
1686 3744 1743 3804 sibi

399 3841 548 3921 postulare
570 3841 698 3902 locum·
690 3859 778 3900 rmum
803 3841 872 3913 dari,
897 3846 929 3897 ut
950 3855 1058 3914 magna
1079 3839 1192 3911 magnis
1214 3838 1402 3895 associentur
1446 3833 1523 3893 Nam
1545 3841 1574 3892 et
1587 3834 1652 3892 soni
1673 3850 1743 3908 gra·

400 3949 463 4009 ves,
485 3933 535 4006 qui
558 3938 626 3990 snut
647 3928 746 3988 itidem
770 3930 851 4001 inira,
874 3924 1072 4002 magnitudine
1095 3924 1203 3999 aliqua,
1227 3924 1257 3982 id
1280 3930 1325 3981 cst
1345 3920 1441 3997 longis
1469 3920 1583 3980 chordis
1606 3920 1744 3980 determi-

399 4027 513 4093 nantur,
537 4020 615 4077 acuti
638 4015 784 4086 brevibus,
808 4034 859 4074 seu
883 4013 961 4090 quod
985 4012 1062 4071 idem
1084 4019 1135 4082 est,
1159 4027 1248 4069 sonus
1271 4011 1369 4095 gravis
1390 4025 1496 4084 magno
1520 3999 1550 4067 et¹
1564 4007 1646 4066 tardo
1661 4016 1744 4066 motu

400 4106 503 4178 editur,
526 4112 629 4165 acutus
651 4120 743 4180 parvo
766 4112 795 4161 et
816 4102 909 4162 celeri
957 4098 1101 4158 Naturalis
1125 4100 1212 4173 igitur
1234 4100 1324 4156 sevies
1346 4103 1399 4170 est,
1422 4113 1488 4156 cum
1510 4097 1539 4152 in
1557 4093 1742 4154 tetrachordo

400 4193 527 4270 perlecto
550 4194 642 4269 primo
664 4191 729 4249 loco
752 4197 797 4249 est
820 4199 904 4249 tonus
927 4186 1035 4261 major,
1059 4185 1187 4244 secundo
1210 4188 1311 4256 minor,
1335 4187 1421 4243 tertio
1445 4191 1474 4242 et
1495 4199 1629 4259 supremo
1652 4183 1743 4240 semi-

400 4283 521 4341 tonium.
565 4280 656 4354 Atqui
679 4294 744 4336 cum
767 4281 865 4336 omnia
886 4273 1043 4334 secundum
1066 4282 1199 4331 naturam
1214 4272 1332 4345 habent,
1355 4272 1425 4330 laeti
1445 4287 1564 4345 sumus,
1586 4270 1661 4335 laeti
1674 4286 1744 4346 ergo

400 4371 460 4426 toni
483 4374 559 4438 sunt,
583 4369 632 4442 qui
656 4364 869 4424 tetrachordum
892 4362 1010 4421 inferius
1032 4361 1074 4419 sic
1097 4359 1222 4418 divisum
1246 4359 1368 4433 habeut,
1399 4357 1508 4417 habent
1529 4346 1628 4416 autem
1649 4359 1743 4434 septi-

400 4473 467 4513 mus
496 4465 525 4514 et
548 4462 684 4524 octavus,
715 4469 789 4527 quos
812 4454 885 4510 mira
905 4449 1101 4509 inconstantia
1127 4463 1205 4505 nunc
1227 4446 1387 4549 Plirygios,
1416 4462 1493 4504 nunc
1514 4443 1694 4521 Mixolydios
1724 4461 1744 4502 a

400 4544 549 4602 veteribus
571 4539 735 4617 appellatos
756 4546 875 4616 putant,
905 4550 1082 4612 quamquam
1105 4551 1160 4609 ego
1185 4536 1277 4607 magis
1307 4532 1427 4607 inclino,
1458 4540 1490 4591 ut
1512 4531 1622 4608 Lydios
1645 4533 1744 4608 potins

400 4630 548 4691 veteribus
571 4627 665 4686 dictos
687 4625 817 4699 credam,
842 4626 911 4701 quia
934 4630 1076 4681 testantur
1098 4620 1134 4678 de
1156 4638 1210 4680 suo
1234 4618 1343 4697 Lydio,
1374 4619 1452 4695 quod
1481 4618 1601 4696 impleat
1630 4622 1745 4677 animos

401 4719 496 4776 lurore
527 4716 643 4786 divino,
675 4713 702 4771 id
731 4720 776 4773 est
803 4712 952 4772 alacritate
981 4718 1009 4768 et
1030 4708 1181 4786 spiritibus
1211 4707 1398 4780 militaribus,
1433 4707 1534 4783 quales
1556 4713 1624 4764 suut
1652 4707 1744 4765 nostri

322 4866 327 4871 .
402 4806 560 4881 septimus
552 4810 596 4863 et
619 4808 751 4862 octavus

489 4892 563 4952 Cum
585 4891 674 4966 igitur
695 4904 799 4948 eversa
822 4893 866 4945 est
887 4886 970 4955 ratio,
995 4883 1105 4941 ntimo
1128 4881 1193 4941 loco
1208 4883 1248 4939 sit
1261 4882 1455 4954 semitonium,
1477 4878 1555 4957 quod
1569 4878 1644 4938 litin
1659 4880 1744 4939 tertio
