3882 5862
397 380 460 440 atr
909 372 1059 429 Ptolemaei
1078 329 1235 429 Harmonia.

396 566 452 605 nou
470 554 583 619 propter
600 547 738 604 residuum
761 548 820 615 ''lao
837 547 879 602 val
899 549 945 615 ³l„
965 550 1013 603 sed
1030 555 1144 617 propter
1161 550 1554 618 215ςιιιιιιοιιιοοιοιιιιιιιιιιι.
1581 550 1747 618 Quinetiam

396 628 499 686 oucule
516 629 544 682 in
563 627 714 696 indiviso,
734 628 798 695 quia
816 642 871 687 una
889 626 969 681 runcis
986 627 1149 695 geometrice
1166 628 1284 683 rescissa
1302 636 1353 691 ast,
1372 627 1486 684 effectus
1506 632 1641 685 astrorum
1660 632 1748 700 sequi·

309 770 312 779 ,
396 718 442 765 tut
459 706 531 761 etin
549 706 712 762 bannonicis
730 704 1112 774 triadiapasonepidiapaute,
1139 721 1194 759 non
1212 705 1352 775 obstante,
1377 706 1452 777 quod
1475 707 1614 763 residuum
1632 710 1748 778 partium

397 790 427 840 11
448 787 477 840 in
495 784 658 840 harmonicis
677 799 738 837 cnm
756 791 815 839 toto
834 784 867 839 12
885 784 1090 839 consonantiam
1109 784 1211 838 nnllam
1227 784 1300 840 fecit.
1336 788 1425 843 Causa
1442 796 1496 855 est,
1516 788 1580 856 quia
1597 788 1638 843 ris
1655 804 1749 859 aspec-

295 929 301 941 .
395 874 455 929 tus,
479 863 531 919 etsi
549 878 566 917 a
583 862 676 917 circuli
695 864 813 917 arcubus
831 870 1011 929 monstratur,
1035 860 1167 929 redigitur
1188 872 1278 918 nmen
1299 863 1326 918 in
1349 866 1465 936 angulos
1489 866 1524 922 ad
1541 874 1678 936 centrum,
1702 869 1749 926 ubi

398 941 541 1000 confluunt
557 940 638 1009 radii3
654 942 713 1009 jnm
731 957 795 995 vero
815 942 934 1009 residua,
955 942 1056 1010 quippe
1074 942 1177 1009 maiora
1195 944 1376 1014 semicirculo,
1397 961 1451 1001 nnn
1464 945 1613 1001 metiuntur
1624 946 1748 1016 angulos.

397 1020 471 1093 quod
490 1020 559 1075 libro
578 1022 623 1075 lV.
643 1037 702 1091 cap.
721 1024 746 1077 t.
766 1029 793 1075 et
812 1023 836 1077 6.
857 1021 987 1074 omissum
1005 1020 1068 1074 hinc
1087 1021 1190 1089 supple.
1606 1091 1610 1098 Ι

482 1100 544 1154 Nou
562 1108 679 1168 possunt
704 1101 841 1155 axiomata
863 1098 910 1153 illa
928 1098 1084 1153 harmonica
1102 1098 1137 1154 de
1152 1099 1367 1156 identisouantia
1388 1101 1516 1157 continue
1535 1101 1678 1171 duplarum
1702 1120 1747 1175 ap·

395 1180 490 1252 plicari
508 1179 622 1237 circulo,
642 1186 673 1232 ut
690 1179 851 1248 probemus,
871 1181 952 1234 etiam
970 1177 1080 1234 reddas
1097 1179 1193 1234 circuli
1206 1180 1305 1248 jurare
1316 1180 1467 1249 garbarum
1485 1186 1659 1250 aspectuum,
1678 1182 1749 1239 sicut

394 1258 504 1316 residua
522 1257 640 1312 chordae
656 1259 754 1326 juvant
772 1260 924 1327 genituram
942 1259 1194 1313 consonantiarum:
1214 1260 1278 1328 qnia
1296 1261 1318 1315 si
1338 1259 1441 1315 clrculo
1458 1259 1655 1328 applicaremus
1674 1259 1748 1314 axio·

396 1348 468 1395 mata
486 1338 521 1392 de
538 1336 714 1407 quadruplis,
732 1337 868 1392 interdum
887 1352 921 1391 ex
940 1337 1044 1391 minme
1063 1338 1245 1407 proportionis
1264 1342 1380 1394 termino
1394 1338 1545 1394 laceremus
1563 1340 1701 1407 majorem,
1719 1350 1749 1394 ut

395 1419 419 1473 ai
436 1417 476 1473 sic
493 1416 676 1471 mttooinmis:
703 1414 824 1470 sectione
848 1415 942 1471 circuli
965 1423 1057 1484 potest
1082 1416 1211 1475 constitui
1236 1419 1376 1488 proportio
1401 1416 1497 1487 tripla,
1520 1434 1569 1473 sen
1598 1422 1628 1487 ¹),
1645 1418 1747 1486 drcnfi,

395 1512 460 1565 ergo
479 1502 597 1565 possunt
615 1502 644 1548 et
660 1496 693 1563 ²t,
712 1501 741 1549 et
758 1496 805 1563 ⁴r,;
824 1495 877 1549 hoo
896 1510 950 1548 non
969 1494 1049 1561 valet,
1068 1495 1132 1562 quia
1146 1495 1203 1563 J‘am
1222 1499 1254 1565 ⁴),
1273 1506 1404 1567 superant
1422 1496 1554 1553 cuculum
1571 1505 1667 1564 totum,
1685 1512 1748 1552 cou-

395 1576 527 1631 tinentem
552 1580 658 1627 tantum
681 1575 729 1643 il„
754 1582 781 1627 et
806 1573 902 1641 incipis
926 1572 1066 1641 duplicare
1090 1589 1182 1629 arcum
1207 1575 1315 1645 cuculi,
1345 1589 1492 1630 numerans
1517 1573 1619 1644 aliquid
1645 1576 1680 1632 de
1706 1592 1748 1646 eo,

398 1655 471 1724 quod
491 1662 534 1708 est
550 1653 612 1723 plus
629 1659 698 1708 toto.
734 1652 822 1721 Igitur
840 1653 910 1707 idam
930 1652 1039 1706 suntin
1058 1650 1160 1707 cuculo
1183 1668 1267 1708 eausa
1290 1654 1528 1710 demonstrationis
1546 1658 1592 1725 t„
1615 1655 1688 1725 quod
1710 1659 1748 1723 'lg

396 1736 462 1805 quia
479 1736 527 1803 ³1„
554 1733 657 1787 circqu
674 1733 702 1786 iu
722 1748 751 1786 se
768 1731 859 1799 ipsum
877 1731 1023 1793 redeunte,
1046 1729 1217 1798 abjiciuntur.
1251 1733 1310 1789 Aut
1333 1732 1357 1787 si
1375 1748 1408 1787 as
1426 1734 1461 1801 ⁴l,
1478 1731 1575 1789 leceris
1594 1749 1677 1788 uuum
1695 1733 1746 1788 air·

396 1814 486 1869 culum
509 1821 608 1880 totum,
628 1820 657 1866 et
680 1828 730 1880 pro
750 1813 783 1877 ll,
809 1810 906 1880 prioris
931 1808 1024 1865 aneoli
1043 1809 1101 1875 jam
1125 1808 1157 1876 lt,
1176 1810 1333 1877 posterioris
1350 1811 1418 1867 velis
1442 1810 1557 1878 inferre,
1581 1828 1689 1867 rursum
1713 1812 1741 1867 id

395 1911 449 1951 uon
467 1894 603 1950 succedet.
640 1892 709 1947 Nam
734 1898 790 1946 tres
813 1889 922 1960 quidem
946 1896 1039 1957 partes
1063 1886 1154 1942 iacere
1170 1888 1285 1956 potuisti
1302 1890 1330 1943 in
1349 1889 1450 1946 circulo
1467 1904 1518 1959 par
1540 1891 1743 1961 inscriptionem

396 1970 536 2042 trianguli,
561 1972 614 2039 jam
633 1980 665 2025 ιιι
683 1978 803 2038 quatuor
820 1970 900 2037 fiant,
924 1964 1124 2022 inscribendum
1142 1965 1214 2021 toret
1234 1967 1457 2038 quadrangulum.
1493 1969 1664 2040 Atriaugnli
1681 1987 1745 2026 terto

395 2048 559 2106 inscribendi
576 2048 758 2119 possibilitate
782 2047 818 2102 ad
837 2043 1053 2115 quadrangulum
1075 2042 1142 2097 nihil
1167 2046 1291 2113 sequitur
1313 2046 1338 2098 ri
1361 2047 1442 2109 huius
1464 2050 1623 2116 argumenti
1639 2096 1643 2103 .
1659 2048 1745 2104 Occu·

395 2136 478 2199 patur
496 2130 566 2184 enim
584 2127 733 2197 geometria
750 2126 865 2181 seorsim
883 2126 954 2179 circa
971 2124 1074 2193 figuras
1091 2121 1257 2189 singularem
1276 2131 1424 2192 sectarum,
1448 2124 1693 2182 demonstrationes
1711 2142 1745 2181 ar

396 2207 528 2276 cujusque
548 2220 660 2261 numero
678 2204 839 2272 angulorum
858 2210 1017 2269 exstrueus,
1035 2208 1065 2254 ut
1083 2200 1151 2255 libro
1169 2217 1230 2257 meu
1248 2204 1268 2258 1.
1288 2203 1480 2259 demonstravi.
1510 2204 1597 2273 igitur
1608 2205 1746 2260 axiomata

395 2284 429 2339 da
447 2284 529 2340 rectis
548 2282 741 2352 multiplicibus
760 2300 814 2337 non
832 2290 948 2351 possunt
967 2282 1164 2336 accommodari
1182 2284 1271 2339 curvis
1290 2292 1319 2338 et
1339 2284 1450 2339 circulo.

483 2381 618 2450 Legitima
636 2381 719 2451 igitur
737 2388 764 2433 et
782 2380 902 2435 causalis
922 2380 1088 2448 comparatio
1107 2379 1322 2434 humonicarum
1346 2382 1583 2436 consonantiarum
1604 2398 1666 2437 cnm
1684 2397 1744 2453 par·

397 2458 471 2535 tibus
488 2458 582 2514 circuli
601 2465 729 2528 aspectus
747 2458 926 2513 formantibus
945 2464 988 2511 est
1006 2457 1071 2510 ista:
1098 2464 1129 2512 ut
1147 2458 1210 2525 quia
1229 2459 1362 2528 principia
1386 2458 1474 2514 solum
1491 2460 1691 2516 harmoniarum
1710 2478 1743 2515 ex

394 2537 496 2594 onouto
522 2546 586 2593 sunt
607 2537 758 2606 iisdemque
783 2545 880 2606 postca
904 2536 1052 2590 miscentur
1076 2535 1129 2590 alia
1153 2535 1245 2605 aliqua
1267 2537 1339 2593 iutra
1363 2546 1442 2607 septa
1459 2539 1642 2606 hannonices,
1669 2539 1745 2595 solae

396 2616 480 2686 igitur
496 2614 558 2669 illac
570 2617 743 2686 harmoniae,
762 2632 832 2684 quac
851 2622 914 2671 sunt
932 2616 1064 2684 diapason
1082 2629 1136 2668 non
1155 2614 1285 2686 minores,
1304 2622 1496 2685 comparentur
1513 2618 1676 2686 aspectibus.
1702 2617 1745 2672 Ita

396 2694 522 2764 opposito
546 2695 620 2749 venit
644 2695 789 2764 diapason,
823 2696 967 2764 quincuuci
995 2694 1126 2761 diapason
1155 2706 1216 2745 cum
1244 2693 1419 2761 semiditono,
1450 2693 1585 2762 biquintili
1613 2694 1744 2764 diapason

395 2788 457 2828 cum
476 2771 581 2835 ditono,
607 2773 757 2843 sesqnadro
777 2774 908 2843 diapason
928 2788 988 2827 cunr
1007 2773 1188 2839 diatessaron,
1213 2772 1284 2826 trino
1302 2773 1434 2840 diapason
1451 2789 1513 2827 cnm
1532 2774 1671 2843 diapente,
1697 2775 1744 2829 tri·

394 2849 474 2907 dacili
492 2849 624 2920 diapason
642 2866 702 2906 cum
720 2860 799 2907 sexta
818 2852 899 2922 dura,
919 2852 1052 2920 quadrato
1075 2849 1262 2921 disdiapason,
1291 2852 1398 2920 quintili
1421 2852 1596 2922 disdiapason
1620 2869 1679 2908 cum
1706 2853 1745 2908 di-

396 2939 477 2998 tono,
509 2929 599 2985 sextili
625 2928 1002 3000 disdiapason-cpidiapente,
1038 2930 1114 2986 octili
1140 2930 1338 3000 trisdiapason,
1368 2931 1448 2986 decili
1473 2932 1655 3001 trisdiapnson
1683 2948 1744 2987 cum

397 3008 499 3076 ditono,
517 3009 664 3063 semisexto
683 3008 865 3078 triadiapasou
884 3025 944 3065 eum
959 3010 1096 3077 diapente.
1121 3010 1175 3065 Tot
1188 3018 1251 3066 stant
1264 3011 1334 3065 enlm
1347 3020 1485 3079 aspectus,
1504 3026 1617 3079 qnorum
1629 3009 1744 3065 effectus

395 3086 437 3140 vel
456 3084 565 3141 addens
583 3086 626 3139 vel
645 3085 741 3141 saltem
759 3088 786 3141 ln
805 3088 961 3157 suspicione
979 3094 1033 3156 est,
1058 3102 1109 3142 nec
1133 3088 1202 3143 aliae
1221 3089 1323 3157 flgoroe
1346 3088 1448 3144 circulo
1466 3090 1613 3158 inscriptae
1631 3089 1744 3145 nobilio·

395 3165 471 3219 ribus
497 3166 627 3221 scientiae
652 3166 944 3234 demonstrationisqnc
968 3165 1097 3234 gradibus
1122 3169 1287 3236 consistunt,
1313 3185 1395 3236 quam
1413 3169 1465 3222 hae
1489 3168 1579 3237 ipsae:
1605 3162 1743 3238 diameter,

395 3241 477 3298 stella
494 3242 709 3313 dodecagonica,
729 3246 809 3301 atella
821 3248 1012 3316 pentagonica,
1032 3244 1112 3301 stella
1131 3246 1303 3315 octogonica,
1322 3247 1459 3316 trigonus,
1478 3246 1559 3303 stalla
1572 3245 1742 3317 decagonlca,

392 3328 567 3391 tetragonus,
586 3332 770 3393 pentagonus,
789 3326 963 3394 hexagonus,
982 3325 1151 3395 decagonus,
1172 3325 1373 3395 dodecagonus‚
1391 3325 1425 3379 de
1438 3326 1537 3395 quibus
1550 3325 1677 3381 suntmei
1689 3324 1742 3380 duo

393 3400 471 3470 primi
498 3399 569 3455 libri.
606 3402 771 3458 Harmoniae
799 3403 908 3473 quidem
937 3422 971 3459 ex
994 3420 1049 3459 una
1075 3412 1153 3473 parte
1176 3413 1325 3460 excurrunt
1352 3405 1460 3473 longius
1488 3404 1522 3459 ob
1550 3403 1743 3459 admixtionem

392 3479 557 3534 axiomatunt
576 3479 709 3537 dictorum
727 3483 755 3537 in
773 3492 847 3538 recto
865 3483 1035 3553 possibilium
1055 3490 1175 3552 (semper
1192 3491 1280 3537 umen
1294 3489 1423 3537 contenta
1436 3488 1500 3537 sunt
1511 3480 1740 3551 proportionibus,

393 3572 462 3627 quas
479 3557 545 3612 iacit
564 3557 680 3614 circulus
692 3559 903 3617 demonstrative
921 3569 1012 3616 sectus
1031 3576 1091 3615 cnm
1110 3562 1257 3629 segmentis
1276 3559 1412 3631 singulis),
1432 3576 1463 3615 er
1483 3560 1569 3615 altera
1587 3575 1650 3615 raro
1662 3564 1741 3628 parta

393 3636 504 3692 eaedem
522 3637 679 3695 harmoniae
697 3642 752 3696 suis
770 3642 888 3711 propriis
906 3642 1020 3710 legibus,
1044 3641 1188 3695 arcadem
1212 3641 1377 3694 ariomatum
1390 3640 1508 3693 mixtura
1525 3637 1661 3707 demotis,
1680 3651 1741 3693 aeae

392 3717 581 3785 coustringunt
598 3720 708 3775 arctius.
745 3721 815 3775 Nam
833 3722 896 3791 quia
915 3723 942 3775 ia
959 3721 1066 3776 illarum
1085 3720 1208 3788 genitura
1225 3720 1253 3772 in
1272 3717 1513 3774 considerationem
1531 3719 1643 3773 veniunt
1660 3718 1741 3774 ιιίιιιι

392 3795 503 3852 residua
520 3794 682 3851 chordarum
702 3814 849 3868 eorumque
871 3799 1065 3854 consonantiae
1084 3814 1144 3853 curu
1164 3804 1222 3851 tota
1239 3806 1267 3850 et
1284 3814 1345 3850 cum
1364 3803 1517 3864 segmento,
1542 3796 1574 3849 fit
1590 3797 1684 3865 igitur,
1710 3804 1741 3850 nt

392 3890 426 3928 cx
445 3875 571 3930 omuibus
588 3876 704 3932 residuis
724 3882 807 3946 (qnae
825 3886 941 3947 possunt
959 3877 1065 3933 infinito
1084 3893 1196 3931 numero
1220 3893 1255 3931 ex
1277 3876 1406 3931 continua
1427 3875 1576 3930 bisantione
1599 3876 1692 3931 cuculi
1714 3884 1742 3931 et

394 3953 619 4023 multiplicatione
638 3953 770 4025 diapason
789 3956 931 4025 constitui]
956 3956 1015 4011 sola
1039 3966 1144 4027 septem
1168 3965 1234 4026 opta
1257 3956 1439 4022 inveniuntur,
1464 3971 1534 4024 quae
1558 3956 1741 4013 harmonicam

392 4034 510 4088 chordae
533 4036 680 4091 sennonem
704 4044 731 4089 et
756 4037 889 4106 cujusque
915 4036 1000 4091 totins
1018 4037 1191 4105 partiumque
1215 4035 1350 4105 triplicem
1373 4034 1578 4089 consonantiam
1597 4034 1742 4091 absolvant

392 4127 478 4181 eaque
496 4115 602 4168 ratione
620 4115 732 4182 gradum
752 4115 778 4169 in
798 4122 893 4177 cantu,
911 4117 964 4171 hoc
982 4123 1025 4170 est
1042 4116 1184 4185 vestigium
1204 4115 1329 4169 concinni
1347 4112 1484 4168 intervalli
1501 4121 1617 4181 ponant:
1637 4113 1741 4169 scilicet

390 4186 451 4259 illa,
470 4207 540 4260 quae
558 4192 663 4248 iaciunt
680 4210 740 4248 cum
754 4200 812 4249 tota
823 4195 1026 4264 proportionem
1044 4195 1258 4264 sesquiquintum
1276 4200 1303 4247 et
1321 4190 1525 4247 consonantiam
1544 4191 1742 4259 semiditonum,

392 4285 517 4339 quaeque
542 4271 758 4339 sesquiquartam
783 4278 810 4326 et
832 4272 968 4341 ditonum,
992 4273 1193 4342 sesquitertiam
1218 4280 1246 4326 et
1271 4272 1454 4336 maressarou,
1483 4269 1689 4338 sesquialteram
1712 4277 1742 4326 et

392 4349 532 4418 diapente.
553 4351 833 4420 supertripartientem
853 4353 961 4421 quintus
985 4360 1013 4406 et
1035 4357 1140 4406 sextam
1164 4350 1285 4416 mollem,
1309 4346 1583 4418 superbipartientem
1602 4348 1696 4403 tertias
1714 4357 1743 4403 ct

391 4436 497 4484 sermm
522 4429 617 4484 duram
640 4430 858 4500 concordantias,
883 4433 1001 4500 denique
1026 4428 1190 4497 subduplam
1213 4438 1240 4483 et
1265 4429 1409 4497 diapason;
1437 4426 1481 4480 hic
1504 4425 1575 4480 euim
1593 4426 1740 4495 semiserti,

391 4515 519 4578 aspectus
537 4507 730 4573 efficacissimi,
749 4511 887 4566 residuum
906 4510 1031 4565 undecim
1049 4506 1269 4562 duodecimarnm
1286 4504 1368 4574 plana
1386 4504 1489 4559 exulat.
1518 4507 1576 4561 Has
1593 4518 1657 4559 vero
1676 4505 1741 4559 tesi-

393 4587 508 4641 duorum
526 4588 716 4657 proportiones
735 4587 770 4643 ad
788 4596 876 4644 totum
894 4591 946 4643 etsi
965 4602 1110 4657 possumus
1129 4601 1200 4641 saue
1212 4586 1238 4639 in
1258 4584 1350 4639 cuculi
1369 4583 1437 4638 secti
1456 4584 1578 4653 partibus
1596 4584 1742 4639 ostendero

391 4674 420 4721 et
445 4664 543 4734 cuique
565 4681 599 4719 cx
622 4668 770 4735 majoribus
795 4668 979 4724 consonantiis
1002 4666 1059 4734 jam
1083 4667 1153 4720 inter
1178 4672 1304 4734 aspectus
1326 4662 1479 4725 distributis
1497 4679 1576 4719 suam
1593 4664 1742 4733 adjungere

391 4745 522 4799 minorent
541 4752 698 4813 cognatam,
717 4756 747 4801 ut
765 4747 868 4801 babeat
885 4745 991 4801 sextilis
1009 4744 1091 4799 etiam
1109 4744 1312 4807 semiditonum,
1332 4741 1454 4811 quintilis
1472 4743 1610 4809 ditonum,
1629 4741 1663 4797 de
1681 4739 1739 4810 qui·

392 4822 444 4883 bus
462 4830 536 4879 tacet
554 4822 740 4897 Ptolemaeus,
766 4827 915 4901 quadratus
934 4824 1116 4896 diatessaron,
1140 4822 1228 4877 trinus
1251 4822 1392 4893 impense,
1416 4830 1448 4878 ut
1465 4830 1493 4877 et
1510 4820 1658 4877 secuudum
1677 4819 1740 4875 Pto·
