3882 5862
495 1727 688 1820 ioannis
718 1730 917 1824 sursunt
950 1702 1276 1826 mansurum

217 1905 359 1987 PRO
396 1905 534 1988 SUO
568 1908 803 1989 OPERE
840 1910 1305 1993 HARMONIGES
1338 1915 1566 1993 MUNDI

735 2088 1042 2262 trition

566 2346 718 2408 Aduersus
740 2348 1020 2412 demonstrationem
1044 2353 1224 2431 analyticam

451 2498 524 2569 cr.
551 2474 609 2571 v,
636 2502 702 2572 ι).
725 2502 934 2576 monerer
963 2504 1025 2575 es
1052 2505 1332 2604 urussruus,

750 2617 851 2673 Medici
869 2618 1039 2675 Oxoniensis.

347 2757 381 2816 ln
410 2774 469 2833 que
488 2757 550 2823 ,ills
577 2777 609 2818 se
633 2759 705 2820 dioit
736 2761 923 2840 respondere.
943 2762 980 2821 ad
1006 2763 1208 2842 appendicem
1238 2764 1307 2825 dieti
1330 2768 1435 2842 operis.

369 2890 388 2921 γ’
439 2931 595 2983 Franooinrti
614 2933 743 2985 sumtibus
761 2935 891 2986 Godstridi
909 2936 1064 3000 iempaehii.
1101 2940 1174 2987 Anno
1195 2936 1348 2990 MDGXXH.

216 3443 271 3501 rs
291 3444 524 3502 onmnmum
547 3432 947 3521 exsenenmsrmumqiss
969 3448 1104 3517 umam,
1127 3448 1168 3507 n.
1191 3447 1380 3505 assertum
1403 3446 1445 3503 ue
1466 3445 1568 3504 riuo-

308 3530 417 3601 tibus,
445 3533 636 3591 Medioinae
658 3536 692 3590 et
713 3533 959 3605 Philosophiae
981 3536 1165 3593 Dootsrem
1192 3533 1472 3602 celeberrimum,

222 3632 226 3637 ·
380 3620 524 3679 ioannis
545 3621 693 3694 Kspleri,
716 3621 965 3692 Mathematici,
993 3622 1148 3717 Epistola
1170 3621 1393 3693 apologetice.

302 3774 374 3835 Sero
397 3783 465 3849 tna,
490 3775 544 3833 Vir
566 3776 830 3849 Excellentissime,
864 3777 1024 3837 declaratio
1047 3777 1194 3860 analytica
1216 3794 1297 3837 meas
1322 3775 1360 3835 ad
1382 3791 1487 3833 manus
1510 3772 1563 3833 de·

217 3864 296 3922 venit
318 3861 496 3941 offenditque
519 3865 645 3941 negotiis
667 3863 917 3924 inextricabilibus
939 3863 1121 3941 implicitam,
1145 3873 1177 3923 ut
1196 3867 1220 3922 si
1245 3865 1332 3940 piene
1347 3864 1563 3941 praeteriissent

215 3951 370 4021 intactam,
400 3967 502 4023 uerno,
531 3954 581 4029 qni
603 3969 733 4011 mearum
756 3968 852 4012 rernm
874 3955 1009 4011 conscius
1032 3962 1091 4026 est,
1123 3954 1339 4011 contumaciam
1361 3950 1469 4009 silentii
1492 3949 1563 4007 mihi

180 4088 184 4097 .
215 4038 244 4095 in
275 4030 430 4114 superbiae
461 4046 561 4098 notam
593 4042 736 4116 imputare
765 4042 866 4115 possit.
912 4038 993 4099 Vicit
1022 4046 1120 4099 tamen
1143 4046 1247 4099 nature
1275 4052 1398 4113 mosque
1421 4038 1562 4096 hamanus

214 4123 366 4199 obtentus,
393 4128 478 4198 visit,
512 4128 646 4202 inquam,
678 4126 809 4186 taedium
831 4126 975 4186 scribendi
999 4127 1190 4204 legendique,
1219 4144 1274 4188 nro
1296 4127 1483 4184 inhonestum
1505 4124 1562 4184 hoo

213 4218 358 4272 commen
381 4214 566 4285 existimavi,
598 4232 652 4273 nae
674 4214 813 4275 lentorem
835 4213 956 4273 avidum
987 4214 1183 4274 frustrandum
1207 4216 1324 4287 sensui,
1357 4212 1482 4301 danique
1506 4212 1563 4272 hoe

212 4297 319 4373 lucelli,
343 4300 423 4378 qnod
446 4302 623 4379 typographi
646 4309 764 4379 captare
786 4301 923 4363 videntur
946 4301 1092 4362 irritandis
1122 4305 1150 4360 in
1174 4319 1206 4362 ss
1229 4311 1331 4360 mutuo
1355 4298 1563 4359 incendendis·

213 4403 270 4462 que
292 4389 475 4461 auctoribus,
508 4399 650 4465 qnantum
679 4391 708 4446 in
731 4406 777 4449 me
801 4397 859 4461 est,
889 4391 1005 4448 nonnisi
1033 4407 1085 4465 par
1107 4389 1270 4448 honestatis
1300 4391 1443 4466 speeiem,
1477 4388 1562 4447 bonis

214 4474 348 4534 omnibus
371 4478 578 4554 approbatam,
606 4477 665 4536 iliis
687 4474 900 4553 expediendum
923 4479 1022 4536 sumet.
1067 4476 1129 4537 Neo
1150 4476 1284 4553 pluribus
1307 4475 1473 4552 praufetus,
1507 4474 1562 4533 de·

214 4561 403 4623 cierationem
428 4566 536 4638 ipsam,
566 4564 710 4641 proiixem
741 4575 828 4623 antea
851 4565 939 4638 satis,
974 4572 1005 4623 ut
1033 4565 1061 4620 in
1085 4581 1144 4641 qus
1165 4563 1236 4621 mihi
1267 4580 1320 4641 pro
1343 4564 1561 4637 comparatione

212 4666 279 4709 mea
302 4649 469 4727 centuplum
491 4651 636 4723 retundis,
660 4660 801 4728 quautam
823 4660 927 4727 potero
951 4653 1069 4711 ronoiso
1092 4652 1234 4710 orationis
1257 4666 1364 4726 gauere
1385 4666 1560 4728 percurram,

212 4753 348 4813 quaeque
370 4741 400 4796 in
424 4755 461 4797 ea
482 4737 552 4796 mihi
576 4738 755 4799 videbuntur
777 4738 909 4812 oiiiosro,
933 4738 1052 4799 diluam.

298 4823 334 4881 ln
366 4823 452 4884 titulo
481 4822 676 4902 ¹praefationis
708 4828 810 4899 miror,
848 4842 925 4902 qnae
957 4833 986 4886 te
1020 4826 1179 4885 necessitas
1213 4822 1252 4883 ad
1285 4823 1558 4902 „respondendnmi‘

211 4908 355 4988 adegerit,
385 4915 433 4975 eui
455 4915 534 4993 prior
555 4930 612 4990 ogo
633 4912 707 4973 nihii
736 4912 957 4992 spoponderim,
986 4914 1058 4973 nihii
1081 4914 1261 4989 rogaverim,
1290 4911 1364 4971 nihii
1391 4910 1558 4989 obJeeerim.
