3882 5862
428 420 491 479 iol
814 456 819 465 .
898 403 1064 476 Appenninis
1082 402 1307 461 Hurmouioornm
1422 482 1428 491 p

427 595 526 665 tione,
557 592 635 648 nitor
655 586 737 647 illam
766 588 797 643 iu
817 584 925 647 melius
946 584 1112 646 emendare.
1158 585 1250 662 Atqui
1280 586 1473 648 contradictio
1504 583 1586 650 nulla
1608 600 1669 663 est,
1701 609 1775 667 quas

430 680 574 740 lentorem
598 675 755 753 impediat,
785 690 850 755 qum
874 682 1006 747 constet,
1024 690 1089 749 ,quo
1111 682 1244 750 respectu
1268 674 1420 750 quodlibet
1441 693 1542 736 eorum
1564 679 1776 739 affirmaverim.

515 766 583 823 lilio
606 773 693 842 capto
716 764 828 836 impetu
859 763 1076 836 in·spati0sum
1104 763 1203 843 operis
1224 766 1282 821 mei
1305 780 1406 838 agrum
1435 769 1578 838 exourris,
1609 769 1775 826 vastitatem

427 860 577 929 utumque
604 861 635 910 et
658 849 768 908 damna
796 847 930 907 illaturus
961 849 1115 909 hostiliter.
1160 847 1313 927 Murtdur,
1345 852 1407 920 ais,
1431 856 1518 912 tortio
1541 853 1589 911 dis
1617 855 1776 930 completur

425 943 504 1018 suit,
528 940 679 999 edomantis
700 936 867 1009 ordinatis,
898 936 1028 995 seeundo
1050 937 1139 1009 coeli,
1171 953 1241 995 ιιιιιι
1261 937 1401 996 normam
1424 948 1519 998 emeat
1538 941 1648 1007 sidero,
1696 941 1776 1017 Erpa

429 1029 520 1087 Pluto
541 1035 570 1085 et
593 1026 784 1101 Pythoporos
807 1023 993 1098 apptioaario
1014 1024 1131 1098 piparas
1153 1025 1305 1082 elementia
1331 1042 1395 1084 aon
1419 1030 1595 1100 ooqitornrtt
1620 1030 1657 1087 de
1677 1030 1777 1087 otelin-

426 1134 499 1174 runs
519 1114 680 1173 distantiis.
727 1109 842 1170 Suliieit
864 1113 1044 1169 recensuisse
1067 1120 1280 1186 argumentum,
1304 1129 1372 1170 narn
1388 1112 1444 1171 lroe
1464 1116 1526 1188 jam
1547 1115 1614 1192 plns
1629 1126 1675 1175 est
1690 1133 1776 1191 quarn

428 1205 568 1279 refutare,
599 1216 768 1276 quanquam
792 1196 828 1256 ds
850 1197 1039 1257 conclusione
1061 1215 1119 1256 aon
1143 1215 1260 1275 pugno,
1292 1199 1371 1273 qnod
1398 1208 1545 1259 testantur
1573 1220 1775 1275 voees‘mess,

426 1293 513 1366 poete
535 1291 624 1366 forte,
649 1297 680 1345 ut
702 1289 768 1345 navi
791 1285 830 1349 ad
853 1284 989 1361 satyris
1015 1286 1064 1342 15,
1108 1285 1250 1360 Sequitur
1271 1286 1351 1345 haud
1375 1288 1464 1361 paulo
1486 1289 1646 1348 violentius
1668 1291 1775 1349 telum:

331 1368 333 1373 ’
431 1376 605 1453 incoeptos
634 1374 784 1449 Keplerut
812 1373 850 1430 rte
876 1372 1125 1447 pittoroptonm
1155 1374 1387 1444 inuntioaibua,
1420 1380 1517 1449 quoia
1546 1377 1637 1437 ualde
1667 1377 1777 1437 deditio

425 1465 632 1542 fundamenta
650 1462 834 1523 domnum
860 1461 925 1531 ejas
954 1460 1149 1531 mundanae,
1184 1477 1250 1519 enm
1279 1478 1337 1537 ogo
1368 1462 1609 1538 philosophorum
1635 1467 1777 1527 memine-

429 1555 485 1610 rint
506 1551 619 1623 obiter,
642 1566 696 1608 neo
718 1549 811 1606 ullum
832 1550 870 1604 iis
892 1546 991 1606 loeum
1014 1547 1133 1606 leoerim
1156 1548 1184 1603 in
1208 1548 1405 1607 fundamentis
1428 1554 1510 1609 meis.

516 1639 563 1697 De
586 1647 655 1696 tuae
677 1635 860 1695 harmonioes
884 1636 1013 1711 epitoma
1036 1620 1110 1694 linit
1132 1645 1220 1694 antea
1242 1635 1318 1709 diri,
1345 1636 1416 1694 nihil
1440 1639 1587 1713 igiturne
1610 1655 1688 1696 nuno
1710 1640 1778 1713 qui·

430 1726 496 1785 darn
519 1725 557 1785 ad
580 1742 626 1784 me
650 1725 792 1801 pertinere
815 1730 896 1799 puto,
919 1721 1069 1796 quomodo
1086 1732 1117 1780 tu
1133 1722 1263 1798 applices
1276 1722 1386 1799 figuras
1405 1724 1571 1800 regulares3
1595 1724 1667 1782 illud
1682 1725 1776 1784 solum

431 1814 604 1885 carendum,
627 1829 664 1870 ue
687 1818 718 1868 tn
741 1813 814 1869 rueis
835 1810 959 1873 abutare
982 1808 1088 1869 veihin.
1127 1809 1236 1886 Aooipe
1250 1827 1378 1869 sensum.
1417 1811 1518 1870 Oubus
1538 1816 1652 1872 ratione
1668 1813 1778 1889 figuras

431 1904 621 1980 primigenius
642 1907 688 1959 est
714 1907 746 1956 ot
767 1900 910 1957 rationem
928 1898 1031 1957 totins
1054 1896 1160 1968 lrabet,
1190 1906 1419 1957 consentaneum
1449 1901 1538 1975 igitur
1567 1909 1644 1971 arat,
1677 1908 1709 1957 nt
1734 1901 1778 1958 ilii

430 1993 518 2048 etiarn
546 1988 630 2049 loeus
660 1988 786 2045 extimus
816 1994 848 2044 et
875 1984 1077 2069 amplissimus
1100 1986 1216 2058 (eorum
1244 1986 1371 2055 seilicet,
1404 2002 1481 2061 qnos
1504 1988 1615 2062 ligurus
1647 1990 1776 2045 naseinai

430 2071 569 2157 possunt)
592 2077 798 2149 assignaretur.
846 2070 922 2147 Quid
946 2071 1011 2145 hoo,
1035 2075 1148 2148 inquis,
1176 2071 1212 2130 ad
1237 2072 1416 2132 Saturnum?
1461 2072 1588 2133 Omnino
1612 2073 1778 2151 plurimam.

430 2166 504 2224 liam
528 2167 658 2239 quinque
680 2160 792 2236 figurae
814 2177 867 2221 sex
888 2157 1031 2219 dedorunt
1052 2162 1199 2231 eirouitus,
1224 2160 1317 2219 esbus
1339 2163 1427 2235 igitur
1447 2161 1531 2221 ‹ladit
1552 2164 1691 2234 extimos,
1720 2162 1778 2222 Sa·

430 2262 547 2311 turnum
577 2260 607 2309 et
635 2248 754 2308 Jovem.
799 2249 894 2323 Atqui
923 2244 1043 2325 (regeris
1073 2244 1119 2320 tul
1149 2247 1308 2306 Statumae
1337 2256 1378 2306 ert
1407 2253 1540 2309 minimo
1566 2264 1644 2324 poss
1678 2254 1778 2310 unna

431 2340 509 2414 Quid
534 2337 620 2397 tum?
666 2334 834 2394 Dnmnrodo
856 2335 896 2392 sit
917 2335 982 2409 ejus
1003 2336 1084 2409 regio
1108 2333 1291 2409 amplissima
1313 2340 1403 2399 totius
1426 2337 1525 2396 mnndi
1551 2337 1684 2413 mobilis3
1710 2354 1779 2397 uam

431 2445 523 2485 eausa
545 2433 623 2498 erat,
653 2441 703 2483 our
732 2440 789 2481 non
814 2424 924 2493 omnis,
955 2437 1013 2480 nou
1036 2429 1133 2483 toturn
1156 2421 1242 2493 illud,
1276 2422 1329 2482 sed
1355 2425 1420 2482 sola
1441 2440 1509 2501 pars
1538 2424 1639 2483 mundi
1662 2425 1779 2484 mobilis

431 2532 466 2573 ex
489 2515 669 2590 praescripto
690 2510 849 2585 figurarum
871 2509 1124 2585 multiplicaretur.

516 2601 561 2659 Ex
576 2599 767 2674 Triamegisto
783 2608 815 2655 tu
830 2597 884 2655 tibi
900 2597 1006 2655 rideris
1021 2597 1172 2674 probasse,
1188 2595 1269 2669 quod
1279 2599 1518 2673 pmnoiqneor
1532 2601 1638 2673 uitam,
1653 2599 1780 2657 itermo-

430 2691 517 2747 ninru
540 2696 568 2745 et
590 2694 766 2747 manentum
789 2686 838 2743 det
858 2684 1009 2742 &mattis
1030 2691 1122 2759 atqua
1143 2683 1341 2757 densamus,
1370 2691 1399 2742 et
1419 2702 1618 2761 nequequam
1638 2687 1781 2762 planetae

429 2793 484 2834 neo
504 2793 609 2834 eorum
631 2781 740 2833 moires.
788 2774 879 2847 Atqui
901 2787 960 2830 nou
982 2771 1052 2844 dixi,
1076 2769 1125 2829 vel
1147 2770 1281 2846 planetes
1311 2770 1359 2830 vel
1382 2785 1478 2831 motus
1500 2775 1686 2848 planetarum
1709 2772 1781 2831 dare

432 2863 480 2922 rol
506 2862 658 2923 elementis
681 2860 728 2919 vol
752 2860 935 2919 elementatis
957 2866 1131 2939 oonoeutnm
1154 2866 1184 2917 et
1206 2857 1405 2932 harmoniam,
1429 2858 1480 2918 sed
1504 2861 1560 2919 troo
1583 2859 1661 2938 tileo,
1684 2860 1780 2919 Deum

431 2950 603 3010 ooueiliasse
626 2965 680 3009 seu
701 2947 818 3007 dedisse
840 2948 913 3023 ipsis
934 2948 1065 3006 motibus
1086 2945 1273 3024 planetarum
1303 2950 1508 3022 proportiones
1535 2948 1669 3021 medem,
1702 2964 1781 3023 quus

430 3045 499 3097 suut
520 3040 551 3097 in
572 3037 764 3097 oonoeutilrns
787 3035 933 3097 humanis
1311 3064 1316 3073 ·

519 3124 575 3183 Ad
605 3125 828 3183 testimonia
856 3128 892 3181 et
918 3120 1183 3180 auctoritates
1212 3117 1341 3179 eontra
1372 3119 1571 3196 Keplernm
1598 3122 1780 3197 jsotatas.

432 3213 576 3273 Distiuote
595 3214 625 3271 si
648 3228 706 3270 non
729 3208 884 3287 seripsisti,
915 3207 1022 3267 saltem
1043 3205 1143 3266 adhue
1165 3223 1231 3266 mea
1253 3210 1397 3284 percipias
1429 3208 1525 3267 velim.
1550 3209 1619 3273 ,Ao
1644 3219 1781 3270 ornatum
1884 3210 1886 3213 ’

433 3301 581 3361 ooulorum
604 3299 806 3358 harmonicum
831 3297 921 3356 basin
951 3297 1198 3370 ego-semitarii
1214 3290 1312 3354 eausa
1340 3294 1452 3353 nullum
1484 3299 1512 3353 in
1539 3298 1686 3374 ipsissimo
1709 3297 1781 3356 reali

434 3388 541 3447 Terras
561 3397 645 3447 motu
668 3389 765 3462 oripo3
789 3387 895 3443 frustra
916 3383 987 3441 milri
1010 3382 1068 3441 iroo
1088 3384 1179 3441 stium
1202 3398 1291 3458 supra
1306 3382 1421 3460 auolyoi
1438 3382 1509 3441 xli.
1527 3384 1688 3461 imputasti,
1711 3402 1782 3443 unm

433 3485 465 3534 ut
492 3477 533 3534 ibi
560 3476 679 3552 scripsi,
709 3474 781 3532 milri
804 3471 913 3531 suffieit
943 3470 992 3530 vel
1009 3486 1160 3547 apparens
1191 3468 1242 3527 ille
1273 3488 1308 3533 err
1331 3469 1402 3529 Sole
1432 3480 1529 3528 motas
1551 3471 1694 3545 Telluris,
1728 3474 1781 3547 qui

431 3561 605 3638 relinquitur
627 3566 718 3621 etiam
740 3559 926 3636 a'l'yoltone,
950 3574 1015 3617 eum
1030 3556 1121 3616 Terra
1143 3558 1259 3615 interim
1281 3556 1326 3614 illi
1347 3575 1379 3616 re
1404 3574 1473 3617 uera
1495 3552 1635 3633 quiescat.
1683 3558 1781 3619 Multo

432 3653 527 3709 minus
549 3650 745 3708 radiationum
768 3665 825 3723 ego
843 3648 1051 3722 proportiones
1074 3644 1142 3702 uuio
1166 3644 1228 3702 bati
1252 3652 1350 3704 motus
1374 3644 1482 3704 Terrae
1503 3656 1688 3723 superstrn03
1712 3664 1781 3706 nam

432 3754 570 3813 expresse
594 3737 686 3796 doaso
709 3736 783 3795 libro
806 3734 859 3808 lv,
887 3744 1024 3792 naturum
1051 3731 1242 3791 sublunarem
1256 3734 1308 3791 sio
1330 3750 1350 3791 u
1371 3732 1454 3792 ooelo
1482 3739 1670 3805 commoveri,
1696 3743 1727 3794 nt
1752 3735 1781 3792 id

433 3834 555 3900 apparet
574 3827 606 3881 irr
627 3824 741 3898 rlarris,
765 3840 824 3881 non
845 3829 881 3879 nt
897 3831 948 3880 est
968 3838 1000 3881 re
1023 3837 1095 3880 vera
1116 3820 1146 3876 lu
1169 3837 1201 3877 se
1225 3822 1289 3895 ipso
1311 3828 1522 3896 oomperstum.
1611 3866 1615 3869 .
1694 3850 1698 3863 ·

519 3912 654 3987 Denique
678 3911 758 3987 quod
780 3910 888 3969 Terrae
912 3910 1040 3967 animam
1061 3906 1297 3983 qualemcunque
1321 3909 1434 3981 entus,
1458 3924 1516 3966 non
1539 3907 1607 3967 ideo
1629 3910 1724 3981 lanio,
1747 3919 1782 3968 nt

432 4000 530 4060 anima
553 4000 626 4059 haue
649 3998 700 4056 liat
723 3999 863 4059 terminus
886 3997 936 4055 vel
959 3995 1124 4071 subjeetum
1144 3996 1344 4072 proportionis
1366 3995 1445 4053 illius
1468 3996 1666 4067 lrsrmuuloae,
1691 4014 1781 4073 quam

432 4096 531 4148 mutuo
554 4089 582 4144 irr
607 4086 709 4159 radiis,
743 4084 796 4145 sed
820 4094 853 4143 ut
873 4086 948 4143 istae
971 4083 1118 4161 radiorum
1141 4086 1345 4160 proportiones
1367 4086 1482 4159 possint
1505 4101 1569 4142 ease
1592 4083 1728 4143 elfleaoes
1750 4087 1781 4141 in

432 4178 579 4237 metensis.
624 4172 702 4232 Huio
723 4173 800 4248 parti
821 4171 1027 4249 pnuosoptrne
1052 4180 1082 4228 tu
1101 4174 1206 4228 nescio
1229 4169 1299 4244 qnid
1319 4170 1486 4245 obloqueris
1508 4173 1623 4230 serione
1646 4188 1683 4229 an
1700 4170 1783 4229 aliud

432 4281 522 4339 agens
544 4265 645 4338 tuique
675 4260 802 4320 oblitus:
834 4263 868 4318 ιἰι
894 4261 1053 4336 seripturis
1080 4260 1174 4316 suoru
1195 4258 1284 4315 nollo
1312 4260 1447 4315 moeniti
1471 4266 1670 4333 orpumento,
1701 4259 1784 4334 qnod

431 4359 563 4411 melma
583 4349 624 4407 od
645 4350 814 4424 motos
835 4350 1011 4406 exsitentes.
1057 4344 1089 4403 ld
1114 4345 1249 4420 equidem
1272 4346 1369 4403 solunt
1390 4362 1478 4419 qumn
1500 4347 1619 4422 optime,
1644 4349 1694 4421 qni
1715 4354 1784 4405 suut

432 4437 659 4515 apirilosoplria
688 4454 776 4513 quarn
799 4436 924 4495 manime
948 4435 1045 4492 vanui.
1088 4432 1167 4505 Quid
1197 4449 1267 4491 vero
1291 4442 1322 4490 tu
1345 4432 1434 4509 torret
1476 4433 1553 4492 Num
1587 4432 1653 4492 ideo
1677 4451 1783 4509 aspee·

433 4535 480 4586 tus
512 4525 597 4584 nihil'
617 4525 729 4583 laniunt
760 4522 799 4581 od
832 4521 936 4581 cienda
968 4520 1123 4581 meteorn‘l
1167 4520 1229 4580 Nee
1257 4520 1361 4579 stedue
1391 4520 1458 4594 plus
1486 4520 1597 4581 liabent
1623 4521 1782 4592 insultatis,

433 4631 521 4691 qnam
543 4630 609 4672 eam
631 4614 734 4687 ipsum,
758 4607 961 4683 distinguendi·
980 4617 1113 4685 temporo
1134 4610 1236 4684 signis,
1259 4608 1296 4666 nd
1319 4624 1409 4683 quarn
1431 4610 1459 4664 in
1482 4610 1625 4685 scriptura
1641 4608 1784 4667 dicuntur

401 4718 405 4727 ·
432 4704 527 4761 lautae
556 4702 597 4759 alt
623 4698 761 4773 original
807 4698 1019 4772 Argumentum
1047 4699 1147 4772 itaque
1179 4695 1317 4767 ulterius,
1349 4696 1378 4752 in
1409 4698 1552 4773 seriptura
1579 4696 1690 4755 nullam
1719 4696 1782 4755 lieri

433 4792 610 4849 montionem
633 4785 809 4846 disorimiois
830 4788 905 4843 inter
927 4783 1028 4842 stellas
1051 4793 1180 4842 enantos
1204 4792 1233 4841 et
1256 4784 1338 4855 tiras,
1362 4783 1460 4842 nullos
1476 4786 1565 4858 igitur
1585 4800 1650 4842 esse
1664 4801 1783 4843 errones

433 4894 485 4938 seu
509 4876 651 4956 planetes.
699 4871 835 4932 Ofinem
857 4870 928 4930 milri
959 4874 1111 4948 contingat
1133 4868 1232 4930 videre
1258 4870 1491 4930 taediosissimae
1519 4871 1671 4931 lectionisl
1718 4872 1783 4931 Nou
