3940 5856
698 394 701 401 ·
807 360 892 418 Liber
908 362 941 418 V.
960 362 1049 433 Caput
1065 360 1114 417 III.
1583 366 1646 425 uti

289 540 391 599 intimo
414 538 534 599 Saturni
563 537 672 600 circulo
702 538 876 617 applicatis,
906 547 1007 601 centra
1029 539 1184 616 planorum
1205 539 1267 600 iere
1298 544 1419 615 tangere
1441 537 1571 600 medlnm
1592 540 1651 599 cir·
1759 583 1762 598 .

294 626 393 687 culum
409 624 507 699 lovis,
531 637 560 686 et
582 626 849 705 tetraddriangnlis
871 630 975 688 intimo
989 624 1209 688 Jovis'enouto
1232 626 1446 700 insistentibus,
1469 634 1569 687 centra
1583 627 1651 703 pla·
1739 624 1741 629 ⁴

290 732 394 773 norum
416 713 554 774 tetraedrt
584 720 703 790 tangere
731 715 792 774 lere
815 715 919 775 Martie
948 715 1087 775 circulum
1111 718 1268 789 extimum,
1298 716 1340 772 sic
1363 713 1492 773 octaedri
1522 714 1648 790 angulis,

291 819 327 861 ex
350 800 474 861 Veneris
497 818 674 878 quoeunque
703 801 812 861 circulo
835 804 1024 879 surgentibus
1046 800 1126 885 (sunt
1154 805 1263 862 etenim
1286 808 1469 887 omnesltres
1497 803 1528 859 in
1550 819 1648 878 angu-

288 890 448 949 stissimum
479 888 666 948 intervallum
695 887 827 967 redacti),
859 899 959 950 centra
988 891 1143 967 planorum
1182 888 1412 949 ocmtdricorum
1439 897 1592 966 penetrare
1605 896 1649 949 'et

291 975 463 1054 profundius
487 975 663 1037 descendere
688 977 763 1035 inira
785 976 922 1038 Mercurii
953 978 1095 1037 circulum
1125 979 1280 1050 extimum,
1309 968 1405 1051 neque
1427 984 1525 1037 tamen
1549 979 1648 1038 renim

290 1082 383 1139 usque
416 1062 454 1123 ad
488 1064 616 1123 medium
644 1062 783 1124 Mercurii
813 1066 971 1141 eirculnm3
1006 1066 1133 1143 denique
1164 1062 1441 1125 dodeeaiidricornm
1472 1062 1590 1140 quidem
1619 1070 1650 1124 et

288 1150 543 1211 icosaitdrieorum.
563 1152 678 1211 orbium
701 1153 949 1229 proportionibus,
979 1155 1054 1213 inter
1068 1172 1102 1215 se
1125 1152 1310 1228 aequalibus,
1336 1153 1467 1211 omnium
1497 1154 1647 1228 proximas
1740 1217 1744 1233 ,

195 1262 198 1265 ·
288 1256 352 1300 essa
374 1242 576 1315 proportiones
608 1256 661 1298 scu
683 1238 838 1299 intervalla
866 1242 942 1301 inter
964 1240 1070 1300 Martis
1100 1249 1130 1300 et
1151 1240 1280 1299 Telluris
1308 1241 1443 1321 interque
1468 1237 1594 1299 Telluris
1617 1246 1648 1299 et

289 1326 414 1387 Veneris
436 1326 569 1397 circulos,
593 1343 703 1402 easque
727 1329 807 1402 ipsas
829 1329 905 1387 inter
927 1346 959 1387 se
982 1329 1116 1388 similiter
1139 1327 1289 1403 aequales,
1314 1328 1339 1383 si
1362 1326 1400 1385 ab
1424 1327 1527 1386 intimo
1542 1325 1648 1386 Martis

289 1413 327 1474 ad
350 1413 479 1472 medium
502 1413 638 1487 Telluris,
663 1413 800 1474 emedio
825 1431 895 1475 vero
918 1415 1046 1475 Telluris
1070 1415 1107 1476 ad
1130 1414 1260 1475 nntium
1279 1413 1402 1473 Veneris
1426 1420 1647 1491 computemus;

291 1500 418 1574 Telluris
449 1502 526 1560 enim
554 1500 682 1560 mediam
711 1501 899 1561 intervallum
927 1509 973 1563 est
1000 1501 1129 1563 medinm
1152 1500 1369 1581 proportionale
1397 1502 1473 1563 inter
1495 1502 1647 1561 minimum

292 1589 397 1648 Martis
419 1594 449 1648 at
471 1587 599 1651 medium
622 1587 763 1662 Veneris3
795 1596 924 1650 attamen
954 1589 1008 1649 bas
1030 1590 1105 1650 duas
1135 1592 1337 1667 proportiones
1366 1591 1442 1649 inter
1463 1588 1647 1668 planetarum

296 1675 421 1736 circulos
443 1675 541 1735 adhue
564 1692 629 1735 esse
651 1675 797 1751 majores,
827 1694 916 1753 quam
938 1686 1006 1737 sunt
1036 1670 1171 1737 bin'orum
1201 1676 1318 1736 illorum
1337 1679 1376 1734 vin
1399 1675 1500 1753 liguris
1522 1677 1645 1751 orbium,

296 1767 339 1824 sie
366 1772 400 1822 ut
426 1762 581 1840 planorum
604 1762 779 1823 dodecaddri
810 1772 910 1824 centra
942 1782 999 1825 uon
1030 1772 1152 1841 tangant
1181 1762 1486 1824 circulum‘extimum
1509 1763 1646 1839 Telluris,

291 1868 386 1926 neque
415 1851 659 1910 ieosa'e'drieornm
689 1850 844 1926 planorum
872 1861 973 1913 centra
1002 1852 1141 1912 circulum
1171 1853 1312 1911 extimum
1341 1851 1480 1926 Veneris3
1511 1850 1564 1911 sed
1591 1868 1646 1912 neo

292 1938 402 2016 expleri
424 1937 502 1997 bunc
520 1926 637 1997 blatum
657 1956 712 2014 per
734 1939 984 1999 semidiametrum
1008 1940 1087 2000 orbis
1109 1940 1226 2012 Lunae,
1250 1956 1339 2016 snpra
1362 1937 1493 1999 additam
1516 1938 1644 1999 Telluris
1709 1937 1712 1951 '

292 2024 447 2085 intervallo
471 2027 612 2097 maximo,
637 2028 712 2085 inira
734 2044 804 2088 vero
828 2026 975 2088 ademtam
997 2026 1129 2103 ejusdem
1152 2029 1284 2088 minimo.
1319 2024 1379 2087 Sed
1393 2026 1483 2086 aliam
1497 2027 1646 2102 quandam
1681 2020 1690 2091 i

219 2112 224 2121 “
293 2112 478 2190 deprehendo
511 2116 728 2190 proportionem
756 2113 924 2190 figuralem,
960 2117 986 2174 si
1013 2132 1118 2191 nempe
1148 2124 1266 2174 anetum
1299 2112 1504 2174 dodecae'dron
1526 2116 1577 2184 (og,
1590 2117 1644 2189 tq,
1681 2096 1689 2175 l
1741 2192 1744 2195 Ι

292 2204 339 2261 ιιι
361 2216 467 2260 nomen
491 2200 594 2262 sobino
618 2200 672 2259 ieci
695 2196 924 2282 (conformatum
947 2202 1060 2264 scilieet
1083 2221 1119 2261 ex
1142 2202 1297 2263 duodecim
1319 2200 1413 2261 stellis
1435 2203 1645 2278 quinquangu·
1681 2188 1689 2247 ἕ
1738 2240 1742 2243 „

293 2289 404 2347 laribus
427 2306 522 2365 eoque
537 2289 702 2364 proximum
717 2290 848 2366 quinque
865 2291 1035 2367 corporibus
1051 2290 1257 2366 regularibus),
1280 2290 1346 2362 boe,
1369 2289 1499 2365 inquam,
1522 2290 1548 2348 si
1569 2289 1645 2350 duo·

295 2376 390 2436 decim
412 2392 566 2435 mucrones
590 2392 661 2435 suos
684 2375 808 2436 collocet
830 2379 859 2435 in
883 2377 991 2438 circulo
1014 2377 1119 2437 Martis
1142 2380 1261 2457 intimo,
1292 2384 1362 2437 tune
1383 2375 1478 2437 latera
1498 2383 1645 2454 pentago-
1731 2416 1732 2419 κ

293 2481 413 2537 norum,
438 2465 488 2540 qui
511 2462 620 2539 singuli
643 2463 824 2539 singulorum
847 2464 994 2525 radiorum
1016 2483 1070 2525 seu
1092 2481 1263 2526 mucronum
1286 2472 1354 2526 sunt
1375 2466 1476 2539 bases,
1501 2466 1644 2541 attingere
1675 2442 1691 2567 ὶ

294 2550 421 2610 medium
444 2550 584 2610 circulum
607 2549 739 2611 Veneris.
785 2551 932 2614 Breviter:
965 2554 1057 2612 cubus
1088 2561 1118 2614 et
1140 2552 1297 2613 oetaiidron
1320 2553 1461 2628 conjuges
1490 2558 1646 2629 penetrant
1729 2566 1738 2573 ·

293 2656 362 2699 suos
384 2639 562 2717 planetarios
585 2638 670 2697 orbes
693 2638 834 2713 nonnihil,
858 2638 1061 2701 dodecaddron
1084 2648 1114 2702 et
1135 2640 1306 2701 ieosaedron
1323 2641 1463 2716 conjuges
1482 2656 1540 2698 non
1556 2638 1644 2716 plane

293 2734 487 2802 assequuntur
509 2743 589 2798 suos,
612 2725 778 2785 tetrae'dron
800 2730 930 2805 praecise
952 2730 1047 2805 tangit
1068 2735 1237 2804 utrumqus3
1262 2727 1324 2787 illie
1345 2729 1455 2801 minus,
1477 2729 1544 2787 istic
1566 2726 1643 2805 plns,

294 2814 344 2874 bic
366 2814 490 2890 aequale
512 2820 558 2875 est
579 2815 608 2871 in
631 2814 816 2889 planetarum
839 2815 1010 2876 intervallis.

379 2901 424 2960 Ex
446 2919 506 2978 qua
526 2920 558 2962 re
580 2908 675 2978 patet,
704 2904 905 2979 proportiones
933 2903 1096 2979 ipsissimas
1125 2900 1346 2962 intervallorum
1374 2898 1604 2976 planetariorum
1626 2919 1645 2960 a

293 2987 365 3049 Sole
393 3006 429 3048 ex
456 2988 528 3047 solis
558 2987 658 3064 liguris
688 2989 873 3065 regularibus
895 2990 1044 3050 desumtas
1075 3006 1133 3047 non
1163 3005 1242 3063 esse3
1274 3004 1333 3047 non
1356 2988 1474 3048 aberrat
1496 2989 1574 3049 enirn
1591 2988 1642 3049 ¹ab

295 3075 452 3154 archetypo
476 3091 530 3135 sno
546 3075 674 3148 Creator,
698 3080 875 3152 geometriae
897 3077 963 3137 fons
977 3077 1151 3155 ipsissimus,
1174 3082 1211 3149 et,
1236 3082 1270 3134 nt
1284 3075 1372 3136 Plato
1393 3077 1519 3152 scripsit,
1543 3080 1642 3136 deter-

294 3181 371 3222 nam
387 3179 526 3223 exarmat
546 3159 752 3237 geometriam.
797 3163 835 3223 Et
856 3166 954 3242 potuit
975 3182 1047 3224 sane
1068 3164 1125 3224 boc
1140 3166 1236 3241 ipsum
1256 3162 1356 3239 'colligi
1380 3162 1427 3223 rel
1442 3180 1478 3223 ex
1494 3179 1539 3239 eo,
1563 3163 1643 3240 quod

294 3251 433 3328 planetae
453 3262 555 3310 ornnes
577 3249 733 3310 intervalla
753 3268 806 3328 per
828 3258 922 3312 certas
944 3260 1106 3331 temporum
1128 3250 1265 3327 periodos
1283 3256 1405 3322 mutent,
1428 3253 1471 3310 sic
1493 3258 1527 3310 ut
1549 3268 1643 3310 unus·
1760 3268 1765 3275 ·

294 3339 419 3414 quisque
442 3335 500 3398 duo
523 3336 632 3397 babeat
653 3340 780 3415 insignia
800 3338 957 3400 intervalla
978 3358 997 3399 a
1018 3338 1098 3413 Sole,
1122 3341 1279 3398 maximum
1303 3346 1332 3398 ιι
1353 3338 1513 3411 minimum,
1539 3336 1643 3399 datur-

295 3443 352 3502 que
378 3428 454 3485 inter
481 3425 566 3484 binos
593 3423 726 3503 planetas
757 3429 936 3503 comparatio
969 3426 1189 3488 intervallorum
1218 3446 1237 3486 a
1267 3426 1336 3486 Sole
1365 3425 1563 3504 quadmplex,
1593 3426 1642 3487 vel

292 3515 486 3573 maximorum
517 3510 563 3591 vel
594 3515 780 3572 minimorum
814 3515 861 3575 vel
891 3517 1101 3575 contrariorum
1136 3516 1395 3574 remotissimorum
1425 3517 1500 3573 inter
1528 3530 1561 3574 se
1591 3513 1641 3573 vel

293 3603 505 3677 proximorum3
528 3603 571 3659 ita
592 3598 666 3659 flunt
688 3601 821 3660 binorum
845 3611 874 3661 et
895 3604 1030 3662 binorum
1052 3604 1214 3663 vicinorum
1239 3602 1423 3679 planetarum
1445 3602 1642 3677 comparatio-

292 3705 344 3748 nes
365 3705 486 3747 nnmero
510 3689 627 3764 viginti,
651 3705 718 3750 oum
740 3706 756 3748 e
780 3692 923 3749 contrario
946 3689 1056 3767 figurae
1079 3689 1192 3749 solidae
1218 3690 1314 3749 solum
1336 3690 1466 3764 quinque
1488 3691 1555 3747 sint
1600 3688 1642 3747 At

293 3792 362 3836 vero
385 3783 614 3835 consentaneum
637 3783 697 3849 est,
728 3774 910 3849 Creatorem,
938 3779 964 3835 si
992 3796 1091 3837 curam
1105 3788 1108 3799 ·
1121 3776 1225 3836 babuit
1251 3778 1449 3854 proportionis
1473 3777 1588 3835 orbium
1609 3777 1641 3833 iu

293 3880 409 3939 genere,
432 3880 531 3923 euram
553 3864 643 3922 etiam
664 3860 804 3923 babuisse
826 3866 1030 3941 proportionis,
1054 3881 1130 3942 qnae
1146 3873 1191 3924 est
1213 3867 1287 3923 inter
1301 3861 1482 3940 singulorum
1497 3866 1526 3921 in
1542 3865 1641 3939 specie

183 3946 187 3957 '
293 3950 449 4011 intervalla
471 3950 632 4028 variantia,
649 3966 772 4025 eamque
795 3967 895 4011 curam
917 3954 1053 4029 euinque
1076 3951 1198 4012 eandem
1212 3969 1277 4012 esse
1300 3951 1480 4026 alteramque
1495 3967 1532 4010 ex
1547 3950 1642 4011 altera

295 4041 385 4111 necti,
409 4055 468 4113 quo
491 4054 634 4113 perpenso
657 4038 855 4097 obtinebimus
877 4056 948 4099 sane
972 4050 1001 4100 et
1021 4040 1094 4111 boe,
1121 4038 1200 4116 quod
1223 4038 1261 4098 ad
1284 4037 1503 4099 constituendas
1526 4038 1641 4098 orbium

292 4134 322 4185 et
351 4125 510 4185 diametros
538 4131 568 4184 et
597 4127 827 4185 secenuieitates
849 4127 975 4202 junctim
1004 4127 1135 4206 pluribus
1167 4129 1206 4187 sit
1228 4144 1302 4205 opns
1331 4127 1496 4204 principiis,
1525 4133 1640 4204 praeter

293 4216 421 4290 quinque
443 4211 589 4289 regularia
611 4229 742 4288 corpora.

380 4298 504 4374 Quinto,
533 4307 566 4371 nt
588 4299 625 4360 ad
653 4307 748 4359 motus
770 4301 938 4374 veniamus,
965 4302 1043 4362 ‘inter
1064 4318 1139 4378 quos
1167 4304 1342 4362 constitutae
1371 4307 1440 4360 eunt
1461 4300 1639 4374 barmoniae,

293 4404 407 4447 rursum
430 4387 544 4446 inculco
573 4387 692 4461 lectori,
716 4386 945 4453 demonstratum
976 4406 1041 4450 esse
1067 4407 1153 4450 ame
1180 4391 1210 4448 in
1232 4389 1455 4448 Commentariis
1483 4386 1520 4447 de
1543 4385 1639 4446 Marte

293 4492 329 4533 ex
364 4476 532 4534 certissimis
561 4474 668 4534 Brabei
702 4476 972 4545 observationibus,
1007 4476 1085 4552 quod
1113 4493 1198 4536 mous
1231 4474 1326 4536 diurni
1360 4474 1499 4551 aequales
1526 4477 1556 4532 in
1588 4489 1639 4534 ec-
1749 4522 1752 4529 .

292 4564 419 4639 ceutrico
443 4577 501 4621 uno
524 4568 553 4622 et
576 4562 679 4622 eodem
701 4578 759 4621 non
783 4562 901 4637 aequali
923 4572 1106 4639 permeentur
1128 4563 1291 4637 celeritate,
1322 4562 1374 4623 sed
1406 4562 1485 4639 quod
1509 4560 1567 4621 bae
1590 4559 1638 4619 di-
1725 4604 1729 4615 .

292 4666 395 4709 versae
416 4665 520 4709 morae
534 4650 721 4724 inpartibus
736 4650 914 4726 aequalibus
932 4654 1086 4711 ιιιιιιιιιιι
1104 4651 1258 4711 obsum
1270 4653 1497 4728 proportionem
1509 4664 1638 4709 mamm

292 4737 525 4797 intervallorum
547 4754 569 4795 o
591 4736 675 4811 Sole,
698 4737 778 4797 tonte
800 4746 912 4812 motus;
943 4747 973 4797 et
995 4740 1139 4812 vicissim,
1167 4736 1247 4813 quod
1269 4739 1429 4816 suppositis
1457 4737 1637 4814 temporibus

266 4824 270 4829 ’
294 4822 477 4901 aequalibus,
499 4830 572 4901 puta
593 4840 652 4885 uno
675 4823 723 4885 die
745 4824 872 4887 naturali
894 4827 1045 4901 utrinque,
1076 4825 1284 4904 respondentes
1309 4828 1346 4885 iis
1368 4824 1474 4889 diurni
1494 4827 1560 4893 veri
1582 4842 1637 4885 or·
