3882 5862
364 395 427 457 394
875 391 1026 448 Ptolemaei
1043 393 1200 451 Harmonia.

362 565 476 622 stabiles
493 566 623 636 quinque.
660 566 707 623 Sin
724 574 816 623 autem
834 569 894 624 siue
911 584 995 625 causa
1011 569 1102 640 placet
1119 568 1259 639 duplicare
1276 569 1416 641 diapason,
1434 571 1554 643 placebit
1566 572 1613 628 alii
1630 573 1717 643 tripli·

362 661 436 712 aare,
455 651 486 699 ut
502 645 596 714 plures
614 646 715 705 habeat
733 647 858 718 stabiles,
878 648 960 703 etiam
978 648 1115 704 ueteribus
1135 649 1230 705 dictos.
1266 650 1321 705 Tot
1336 650 1421 720 igitur
1438 650 1590 707 nominihus
1608 652 1719 708 vacrilat

363 723 536 794 septenarius
555 723 694 779 stabilium
712 742 848 782 sonorum.

453 803 526 857 Nota
543 803 591 857 lx.
628 805 653 860 Ε
671 812 766 860 oontm
784 807 954 875 septenarius
972 823 1101 863 numerus
1119 807 1290 877 planetarum
1308 816 1351 864 est
1367 809 1395 863 in
1414 809 1526 878 antiqua
1543 814 1650 865 tantum
1669 825 1718 866 seu

364 888 532 946 Ptolemaios
548 888 722 956 astronomia,
742 894 773 942 ut
789 887 837 943 illa
853 888 932 943 nobis
950 887 1084 944 terricolis
1102 901 1133 942 se
1148 903 1199 956 per
1218 888 1312 944 oculos
1329 889 1457 958 insinuat,
1476 906 1538 944 oum
1553 890 1656 960 reipsa
1670 906 1718 946 res

365 970 446 1039 longe
464 967 563 1023 babeat
579 966 665 1022 aliter.
702 969 772 1022 Mam
790 968 814 1022 si
832 968 974 1036 primarios
993 968 1118 1039 planetas
1142 967 1170 1021 in
1189 968 1290 1023 mundo
1310 969 1478 1030 consideres,
1504 978 1568 1025 suot
1585 970 1603 1024 ii
1622 986 1718 1024 seeun-

365 1049 430 1104 dum
454 1048 633 1117 Copernicum
655 1063 768 1103 numero
791 1063 847 1103 sex.
883 1047 963 1103 Luna
981 1047 1071 1103 Solem
1096 1062 1150 1101 non
1173 1046 1396 1117 circumvehitur,
1423 1047 1473 1104 sed
1495 1048 1646 1117 Tellurem,
1674 1056 1717 1104 est

363 1129 447 1196 igitur
463 1128 535 1182 iuter
551 1126 744 1197 secundarios,
763 1133 795 1182 nt
811 1130 829 1183 d
846 1124 1061 1195 cucumjortalee
1080 1133 1109 1182 et
1126 1128 1227 1185 ceteri..
1254 1126 1302 1182 Sin
1319 1142 1415 1183 omnes
1431 1141 1607 1182 numeramus
1624 1126 1718 1196 plane·

363 1215 416 1276 tas,
435 1207 516 1263 etism
534 1205 723 1275 secundarios,
746 1214 777 1262 et
795 1208 841 1277 qui
861 1207 987 1276 planetas
1005 1205 1074 1261 alios
1092 1206 1332 1261 circumvehuntur
1355 1206 1469 1276 epicycli
1486 1214 1575 1275 motu,
1596 1207 1654 1276 jam
1672 1222 1717 1261 ex-

362 1285 497 1355 perientia
519 1284 712 1354 aditusque
739 1286 867 1342 excurrit.
904 1285 1034 1341 Omnibus
1058 1285 1141 1354 igitur
1163 1285 1249 1340 modis
1275 1285 1388 1341 fortuita
1412 1294 1455 1341 est
1472 1287 1640 1356 conspiratio
1658 1301 1718 1355 sep·

363 1365 529 1421 beoariorum
544 1365 669 1420 istorum.
1611 1356 1615 1365 '

449 1443 523 1498 Mota
539 1443 572 1496 X.
608 1442 684 1511 Quia
703 1443 747 1498 hic
764 1441 799 1497 de
814 1450 892 1500 matu
910 1444 1007 1498 diurno
1025 1443 1109 1498 totius
1122 1444 1215 1498 mundi
1233 1444 1268 1500 ab
1281 1451 1344 1499 ortu
1354 1445 1384 1500 in
1396 1459 1531 1516 occasum,
1550 1450 1579 1500 et
1596 1445 1718 1501 demota

363 1522 497 1592 sphaerae
515 1520 630 1575 lixarum
648 1520 804 1576 tardissimo
822 1521 850 1575 in
863 1521 1028 1576 contrariam
1040 1523 1150 1592 plagam
1162 1523 1296 1593 dicuntur,
1315 1538 1348 1579 aa
1360 1532 1424 1579 sunt
1436 1530 1620 1579 consentanea
1630 1531 1717 1580 astro

365 1600 472 1655 nomiae
489 1599 679 1655 Ptolemaicae.
716 1596 882 1668 Gopemicus
899 1600 987 1655 reales
1005 1600 1056 1655 hos
1076 1607 1166 1656 motus
1185 1618 1239 1657 non
1257 1603 1388 1673 agnoscit,
1407 1602 1455 1657 sed
1473 1602 1592 1672 priorem
1609 1602 1717 1672 quidem

364 1678 537 1739 manssoriblt
552 1677 686 1734 solutioni
704 1678 821 1733 Telluris
840 1680 914 1734 circa
926 1696 1005 1736 suam
1024 1697 1103 1736 auem
1119 1681 1147 1737 in
1160 1681 1268 1752 plagam
1280 1682 1443 1752 oppositam,
1462 1685 1642 1753 posteriorem
1653 1697 1719 1737 aero

365 1756 493 1813 emotioni
510 1757 571 1813 axis
589 1757 708 1812 Telluris
726 1772 742 1811 e
761 1772 811 1812 suo
830 1757 885 1813 situ
902 1759 1042 1827 parallelo.
1499 1761 1504 1771 ’

450 1837 524 1891 Nota
540 1838 587 1890 Xl.
623 1837 656 1890 ln
675 1838 842 1892 astronomia
859 1838 1001 1908 capernici
1021 1839 1165 1896 dicendum
1183 1840 1229 1896 hic
1246 1848 1329 1907 esset,
1348 1854 1471 1910 apogaea
1487 1840 1643 1910 limitesque
1661 1839 1719 1909 pla·

362 1924 486 1973 netarum
504 1916 602 1971 boreos
627 1924 654 1972 et
671 1917 808 1973 matrinas
826 1926 960 1988 perpetuo
985 1920 1037 1974 sub
1054 1920 1151 1975 iisdem
1173 1920 1236 1975 fixis
1256 1920 1411 1989 quiescere3
1435 1919 1488 1975 hoc
1509 1920 1581 1974 enim
1605 1918 1721 1974 credidit

362 1995 537 2051 Ptolemaeus
556 1996 590 2050 de
607 1997 724 2065 planetis
744 1999 871 2067 quinque.
906 1999 942 2053 At
959 1996 1114 2053 observatio
1132 1998 1261 2066 longioris
1275 1998 1333 2052 aeri
1352 1998 1456 2053 detexit
1471 1999 1565 2067 plura3
1585 2014 1647 2053 nam
1660 2012 1721 2052 suo·

363 2074 465 2131 cedunt
482 2077 563 2130 etiam
581 2077 649 2131 haec
667 2085 770 2146 puncta
787 2077 946 2146 imaginaria
969 2077 1059 2133 ailae
1082 2078 1116 2133 ad
1135 2078 1218 2134 fixam
1241 2079 1329 2146 aham,
1349 2087 1377 2133 et
1398 2076 1591 2147 inaequalibus
1611 2075 1720 2144 quidem

365 2156 507 2213 celeritate
524 2156 723 2226 progressibus.

452 2254 525 2311 Nota
542 2257 603 2311 XII.
640 2254 703 2309 Jam
728 2255 802 2324 quod
820 2255 998 2324 sphaerarum
1015 2255 1215 2322 magnitudines
1234 2253 1348 2318 attinet,
1373 2268 1422 2307 eae
1444 2250 1520 2307 nullo
1543 2252 1625 2307 modo
1648 2266 1723 2306 men·

366 2349 458 2390 suram
476 2335 589 2390 eandem
608 2333 765 2401 observant,
791 2349 872 2402 quam
892 2333 1053 2388 chordarum
1073 2333 1228 2404 longitudo,
1254 2346 1287 2386 ac
1310 2346 1345 2386 ne
1363 2331 1468 2385 eminus
1486 2330 1597 2399 quidem
1623 2345 1723 2400 appro-

366 2416 509 2482 pinquant,
528 2414 576 2469 sed
595 2413 800 2481 generalissima
818 2412 950 2480 quaedam
969 2412 1105 2480 allegatur
1122 2412 1329 2481 proportionum
1349 2408 1631 2478 inaequalissimarum
1650 2407 1724 2462 simi-

365 2492 465 2561 litudo,
491 2498 518 2546 et
544 2492 647 2547 nudum
670 2507 758 2546 mesos
775 2506 889 2555 nomen,
917 2497 944 2546 et
967 2491 1089 2560 opinatio
1115 2492 1149 2546 de
1172 2492 1351 2560 sphaerarum
1375 2489 1574 2560 magnitudine,
1602 2491 1723 2559 quaein

364 2574 536 2627 astronomia
553 2572 701 2627 Ptolemaei
719 2570 805 2627 libera
823 2571 932 2640 quidem
952 2580 1002 2638 est,
1021 2572 1069 2626 sed
1088 2587 1104 2624 a
1121 2586 1186 2624 sera
1198 2568 1365 2624 astronomia
1377 2568 1521 2624 refutatur.
1559 2568 1631 2637 Quin
1642 2568 1725 2623 etiarn

362 2651 430 2705 ordo
454 2650 627 2720 planetarum
653 2650 790 2706 veteribus
815 2651 935 2705 creditus
957 2652 1038 2719 longe
1063 2650 1146 2703 hahet
1170 2648 1249 2703 aliter
1267 2646 1340 2716 apud
1359 2647 1540 2717 Copernienm
1562 2654 1590 2702 et
1616 2652 1726 2715 praeter

362 2730 534 2803 opinionem.
567 2731 629 2784 Etsi
647 2730 764 2785 enimin
784 2730 911 2799 Saturno,
926 2731 1004 2795 Jove,
1023 2730 1112 2783 Marte
1130 2726 1223 2782 nullus
1241 2741 1318 2782 error
1335 2726 1447 2794 ordinis,
1466 2733 1495 2780 at
1511 2727 1608 2781 necin
1620 2725 1727 2781 Venere

361 2819 389 2864 et
410 2810 561 2877 Mercurio,
587 2818 714 2878 respectu
737 2809 897 2865 inclusionis
921 2817 948 2865 et
966 2807 1238 2876 circumscriptionis;
1266 2812 1294 2861 at
1317 2805 1346 2859 iu
1365 2804 1428 2859 Sole
1447 2811 1521 2859 errat
1542 2810 1621 2858 retus
1639 2810 1727 2859 astro-

362 2889 464 2956 nomia,
485 2902 546 2941 curn
566 2888 723 2944 certissimis
742 2888 934 2958 experimentis
953 2888 1168 2943 demonstratum
1185 2886 1345 2951 habeamus,
1358 2884 1493 2938 Venerem
1505 2885 1602 2951 (eoque
1615 2890 1642 2936 et
1654 2882 1727 2936 Mer-

362 2968 476 3032 curium)
504 2966 576 3021 eiroa
595 2966 685 3022 Solem
703 2967 751 3035 ire,
768 2975 824 3022 tam
843 2967 954 3022 altiores
972 2966 1019 3021 illo
1038 2965 1214 3034 quandoque,
1232 2980 1313 3033 qnam
1331 2964 1448 3018 vicissim
1466 2962 1624 3017 humiliores
1642 2962 1727 3029 alias3

360 3055 389 3101 et
414 3045 579 3100 Mercurium
600 3045 708 3114 quidem
728 3046 833 3100 Venere
853 3063 924 3103 nuno
942 3047 1080 3114 altiorem,
1100 3044 1123 3098 si
1141 3051 1206 3100 sunt
1224 3043 1383 3098 humiliores
1402 3042 1481 3110 Sole,
1500 3058 1572 3097 nunc
1590 3058 1624 3098 ea
1640 3041 1728 3096 humi·

359 3126 471 3193 liorem,
490 3126 513 3180 si
532 3124 611 3178 ambo
630 3124 694 3179 Sole
712 3122 831 3179 altiores.
868 3126 965 3193 Itaque
990 3133 1022 3180 ut
1041 3125 1202 3181 emendetur
1218 3125 1263 3178 hic
1282 3123 1348 3177 ordo
1372 3120 1521 3177 seeundum
1539 3123 1728 3199 copernieum‚

363 3202 481 3258 Telluris
503 3210 533 3257 et
551 3203 622 3257 Solis
641 3203 810 3257 conditiones
829 3209 893 3257 suut
912 3206 1121 3274 pertractandae,
1145 3211 1176 3260 nt
1199 3220 1254 3260 non
1273 3203 1332 3271 Sol,
1355 3201 1404 3257 sed
1422 3202 1508 3256 Terra
1536 3201 1650 3255 circuitu
1678 3215 1729 3255 sao

367 3281 470 3336 mediet
493 3280 565 3335 inter
582 3280 720 3350 planetas,
746 3281 873 3336 Solvere
893 3299 940 3337 cor
962 3284 999 3338 sit
1015 3285 1134 3340 omnium
1152 3289 1180 3338 et
1204 3287 1336 3351 oentrmn,
1364 3297 1419 3335 non
1438 3280 1532 3335 Terra.
1574 3279 1613 3333 Et
1636 3286 1729 3335 tamen

363 3360 451 3415 etiam
469 3359 510 3415 sio
528 3359 666 3427 (restituto
684 3359 779 3414 ordine
797 3363 872 3428 vero)
891 3361 1012 3416 exulabit
1030 3377 1046 3415 e
1065 3378 1177 3416 numero
1197 3363 1283 3428 Lerna,
1302 3367 1334 3416 nt
1351 3375 1422 3429 quae
1441 3358 1578 3415 Tellurem
1597 3357 1728 3421 circumit,

373 3454 461 3508 eoque
479 3453 496 3494 a
514 3445 608 3493 centro
628 3436 799 3507 planetarum
818 3438 898 3493 abest
916 3437 1022 3505 longius
1034 3440 1141 3495 Venere
1160 3448 1188 3495 et
1208 3439 1355 3495 Mercurio.
1389 3440 1433 3494 lta
1451 3446 1514 3493 nete
1527 3436 1729 3508 hyperbolaeon

374 3517 478 3572 nullum
495 3517 609 3573 habebit
626 3517 772 3586 planetam,
791 3523 850 3587 aut,
868 3523 899 3570 ut
916 3517 1020 3572 Lunam
1038 3517 1151 3589 habeat,
1171 3534 1186 3572 e
1203 3533 1315 3573 numero
1329 3517 1471 3572 eximenda
1488 3524 1516 3571 ct
1534 3516 1599 3571 alibi
1616 3514 1730 3570 seorsim

375 3598 427 3654 erit
443 3596 588 3653 tendenda.

462 3677 542 3745 Quod
559 3691 623 3730 vero
638 3674 695 3743 iam
713 3674 827 3731 mobiles
845 3674 910 3729 hine
928 3690 1010 3730 sonos
1028 3691 1077 3730 seu
1094 3676 1182 3744 locos,
1206 3674 1269 3730 inde
1287 3674 1467 3744 particulares
1486 3672 1653 3741 singulorum
1670 3671 1729 3741 pla·

377 3762 502 3812 netarum
522 3754 654 3821 sphaeras
673 3753 780 3822 attinet,
797 3752 843 3808 hic
854 3753 952 3808 iterum
965 3754 1158 3825 impedimenta
1169 3755 1263 3823 multa,
1281 3755 1442 3823 quominus
1460 3752 1625 3822 comparatio
1643 3751 1732 3821 possit

376 3833 490 3888 institui.
526 3834 597 3887 Nam
615 3831 903 3900 proslambanomenos
921 3848 976 3887 ncn
994 3834 1078 3888 habet
1096 3834 1185 3890 socios
1204 3833 1327 3905 mobiles,
1346 3833 1556 3888 oum.Saturnus
1574 3838 1665 3886 maren
1682 3828 1729 3883 ha·

335 3974 340 3983 ,
374 3912 439 3966 beat
456 3910 616 3981 eplcyclum,
636 3918 664 3966 et
680 3911 760 3964 Luna
779 3912 899 3981 epioyelo
918 3914 1038 3975 seeundo
1057 3916 1099 3976 rin
1112 3914 1277 3969 astronomia
1294 3919 1439 3981 utrumque
1451 3911 1631 3979 Ptolemaios)
1649 3916 1731 3978 caret,

374 4007 437 4044 oum
455 3990 491 4045 sit
510 3989 585 4058 apud
602 3995 685 4043 neten
704 3989 779 4044 socia
796 3988 913 4058 mobilis,
932 3999 1071 4059 paranete.
1108 3992 1178 4049 Nam
1197 3993 1270 4061 quod
1282 3991 1455 4047 Ptolemaeus
1467 3992 1563 4047 Lunae
1575 3992 1624 4062 pe'r
1636 4004 1730 4045 eccen-

279 4077 287 4100 ⁸
374 4071 459 4125 tricos
477 4068 558 4123 etiam
576 4068 673 4123 tribuit
690 4066 787 4137 longos
806 4067 954 4125 metemus
972 4086 1157 4141 ascensusque
1175 4082 1263 4142 (quem
1281 4087 1332 4140 ego
1351 4071 1385 4124 ad
1403 4086 1543 4126 numerum
1555 4068 1731 4138 marginalem

372 4147 407 4202 ta
423 4151 452 4203 in
469 4152 548 4201 textu
570 4160 630 4223 sum
654 4145 751 4200 merito
775 4155 898 4215 secutus,
926 4151 1026 4220 quippe
1049 4151 1163 4221 loquens
1190 4151 1266 4207 velut
1287 4166 1322 4209 ex
1346 4151 1405 4220 ejus
1429 4159 1499 4221 orel,
1526 4149 1660 4205 refutatus
1687 4153 1732 4201 est

374 4228 476 4285 dudum
494 4224 683 4280 astronomicis
702 4226 905 4293 experimentis.
943 4227 997 4283 Sed
1014 4243 1066 4283 neo
1085 4231 1253 4298 respondent
1271 4228 1453 4300 cpioyclorum
1475 4229 1674 4298 magnitudines
1691 4226 1732 4280 in·

373 4307 495 4365 tervallls
514 4303 722 4369 interstabiles,
738 4320 827 4375 neque
845 4306 1075 4376 magnitudinibus
1094 4308 1135 4375 (ut
1153 4317 1267 4378 apparet
1284 4326 1319 4365 ex
1336 4326 1378 4379 so,
1397 4310 1471 4379 quod
1483 4309 1661 4379 triplicandae
1673 4308 1732 4363 ius·

373 4394 438 4442 runt
455 4386 651 4455 proportiones
669 4386 825 4454 systematis
843 4384 963 4453 musici),
989 4400 1079 4454 neque
1097 4387 1273 4443 similitudine
1290 4388 1489 4457 proportionis,
1507 4404 1563 4443 non
1580 4392 1686 4441 tantum
1703 4385 1732 4439 in

375 4468 579 4535 comparatione
606 4464 642 4520 ad
667 4479 697 4519 se
715 4471 822 4531 mutuo,
849 4463 898 4517 sed
923 4463 1004 4516 etiam
1029 4462 1063 4517 ad
1083 4466 1164 4519 orbes
1181 4480 1262 4534 suos;
1288 4464 1331 4519 his
1351 4467 1422 4519 enirn
1447 4465 1570 4521 omnihus
1588 4464 1676 4519 modis
1692 4462 1732 4516 in·

375 4545 504 4616 aequales
523 4550 590 4598 sunt
608 4543 735 4611 utrinque
753 4541 957 4611 proportiones,
985 4548 1016 4595 ut
1034 4542 1172 4610 epicyclus
1189 4543 1286 4597 Martis
1308 4543 1427 4598 omnium
1444 4544 1593 4613 maximus,
1618 4542 1733 4598 Veneris

375 4624 410 4678 ad
429 4638 511 4679 suum
529 4622 622 4676 orbem
641 4627 816 4688 comparatus
836 4620 916 4675 etiam
930 4618 1024 4691 major,
1043 4637 1105 4674 oum
1117 4621 1256 4676 stabilium
1268 4636 1396 4676 sonorum
1407 4622 1551 4678 intervalla
1563 4621 1733 4677 solummodo

375 4703 430 4757 sint
447 4700 634 4769 magnitudine
653 4699 820 4768 differentia,
845 4716 929 4753 unum
952 4699 1010 4754 toni
1028 4699 1197 4768 disjunctiri,
1224 4698 1340 4754 alterum
1363 4700 1530 4757 tetrachordi
1553 4699 1733 4758 diatessaron.

374 4782 417 4835 lta
437 4780 561 4836 videsis
579 4778 690 4848 tabella,
710 4795 744 4833 ne
763 4779 815 4834 bac
833 4776 942 4846 quidem
959 4778 1142 4846 triplicatione
1159 4779 1365 4848 proportionum
1383 4781 1538 4850 systematis
1557 4779 1659 4849 careri,
1678 4794 1733 4848 quo

376 4857 465 4913 minus
482 4858 511 4913 in
529 4858 619 4913 Marte
644 4863 672 4912 et
689 4858 796 4914 Venere
813 4856 946 4915 immanes
970 4858 1025 4917 sint
1048 4873 1221 4915 numerorum
1238 4859 1482 4917 astronomicarum
1507 4876 1524 4916 a
1544 4859 1656 4916 musicis
1680 4858 1734 4914 dis·
