3872 5846
740 431 822 489 hiber
839 431 887 488 IV.
910 432 999 503 Caput
1015 433 1075 490 vu
1494 434 1556 496 ibi

204 614 309 673 mentis
332 611 511 688 astrologiae
534 612 705 672 certioribus
727 610 852 671 subinde
875 610 923 670 rei
937 610 1103 688 ‚praelatus
1127 610 1173 670 rel
1198 611 1353 671 interfatus
1375 626 1454 687 sum,
1485 627 1559 671 con·

205 700 282 759 auito
305 708 467 776 praetereo,
491 708 523 765 ut
542 698 622 775 'quae
646 715 703 757 non
727 698 787 758 ists
808 716 912 776 sparsa
933 705 1010 757 suut

290 788 364 846 Cum
387 797 486 847 autem
509 787 703 847 celeberrimis
726 786 873 845 nonnuliis
894 786 1100 862 philosophias
1115 792 1146 844 st
1160 784 1321 845 medicinas
1343 785 1559 862 professoribus

204 878 285 933 visus
307 876 362 933 sim
385 891 494 933 novam
515 872 733 951 philosophiam
748 873 872 933 condere
888 889 1012 949 samque
1028 875 1220 947 verissimam,
1244 876 1325 943 omni
1338 891 1408 933 cum
1430 873 1559 933 fovenda

204 970 233 1023 et
263 961 413 1021 educanda
446 971 490 1020 cst
521 960 630 1021 tenella
656 960 801 1038 plantula,
836 970 868 1020 ut
897 969 964 1019 sunt
993 977 1073 1019 nora
1095 962 1207 1034 omnia,
1243 969 1277 1019 ut
1298 961 1412 1020 radices
1436 967 1506 1036 agat
1528 964 1558 1018 in

204 1052 308 1110 animia
330 1048 613 1126 philosophantium,
648 1065 743 1123 usque
770 1048 926 1107 suffocetur
959 1048 1080 1106 humore
1103 1050 1194 1106 nimio
1217 1066 1357 1107 ranarum
1381 1049 1559 1125 sophisticu-

204 1141 326 1215 tionum,
349 1153 425 1197 uere
448 1136 632 1212 vulgatamnr
656 1137 825 1212 opinionum
841 1137 1015 1194 torrentibus
1038 1135 1162 1207 eluatur,
1186 1144 1238 1193 aut
1261 1137 1458 1212 negligentiae
1480 1138 1559 1212 pub·

204 1225 277 1283 lirae
308 1224 464 1299 frigoribus
493 1225 674 1299 obrigsacst:
710 1222 788 1297 quod
819 1226 843 1281 si
873 1222 944 1280 mihi
972 1240 1076 1282 cavere
1108 1225 1275 1297 eontigerit,
1309 1241 1367 1283 non
1397 1240 1451 1299 ego
1476 1224 1519 1282 iili
1541 1241 1561 1282 a

205 1315 299 1372 ventis
322 1310 545 1380 calumniarum,
569 1329 606 1371 ue
628 1311 792 1387 frangatur,
815 1325 874 1368 uon
896 1327 915 1369 a
938 1308 1052 1370 solidae
1076 1324 1216 1370 censurae
1239 1309 1327 1385 Sole,
1349 1328 1387 1370 ue
1410 1320 1556 1385 exuratur,

207 1402 364 1477 quiequam
387 1396 524 1457 metuo..
981 1414 988 1419 ·

292 1485 366 1544 Cum
389 1487 478 1562 igitur
501 1503 564 1560 cap.
582 1488 608 1542 1.
626 1485 741 1543 animae
764 1483 882 1559 quidem
905 1485 1050 1559 tetigerim
1073 1485 1241 1555 essentiam,
1265 1483 1318 1542 ssd
1341 1492 1460 1562 propter
1476 1484 1560 1544 solas

207 1573 392 1644 harmonias,
417 1590 481 1632 curn
505 1571 663 1631 seeundum
687 1579 777 1647 caput
798 1588 855 1629 non
880 1589 915 1630 ex
938 1566 1130 1647 professoris
1153 1573 1251 1630 anima
1274 1573 1332 1644 sit,
1356 1572 1409 1632 ssd
1432 1572 1468 1633 ds
1490 1573 1560 1631 bar·

205 1662 308 1720 moniis
333 1669 449 1738 propter
470 1661 611 1718 animam:
634 1658 717 1717 iubet
731 1676 808 1716 nunc
827 1659 889 1734 Jam
904 1657 961 1717 hoc
976 1661 1073 1734 capita
1096 1652 1237 1718 disserere
1260 1657 1296 1717 de
1319 1661 1418 1719 anima
1439 1668 1559 1737 propter

206 1767 236 1808 se
258 1750 352 1825 ipsam
374 1748 464 1823 paulo
488 1746 667 1822 generalius,
697 1745 780 1804 lubet
804 1764 839 1805 ex
868 1745 986 1822 epilogo
1017 1744 1165 1823 syllogum
1187 1746 1283 1805 lacere
1308 1749 1451 1821 omnium,
1483 1764 1559 1823 quae

206 1836 242 1895 ad
265 1843 448 1911 praesentem
470 1836 619 1893 materiam
635 1840 779 1908 spectant,
802 1849 936 1908 quaeque
951 1836 1087 1912 sparsim,
1110 1851 1187 1909 quae
1210 1834 1313 1908 obiter,
1337 1850 1414 1911 quae
1437 1835 1561 1895 latenter

206 1925 291 1995 dicta,
315 1923 362 1983 hic
384 1923 440 1982 sub
463 1938 552 1979 unum
576 1930 726 1997 aspectum
742 1921 847 1983 referre
870 1928 1020 1996 totamque
1036 1923 1078 1979 rei
1101 1928 1237 1980 naturam
1260 1924 1398 1981 contiuuo
1422 1923 1561 1982 orationis
1640 1960 1651 1967 -

207 2011 255 2069 hio
278 2011 433 2089 explicare.

292 2097 363 2156 Esse
385 2097 516 2172 aliquam
538 2097 629 2153 totius
652 2095 779 2154 universi
803 2096 947 2168 animam,
969 2094 1149 2171 praefectam
1172 2096 1301 2155 motibus
1324 2102 1481 2165 astrorum,
1506 2112 1560 2173 ge·

208 2187 349 2244 nerationi
374 2183 596 2255 elementorum,
620 2183 835 2241 conservationi
860 2183 1040 2240 animantum
1063 2190 1093 2240 et
1115 2184 1266 2259 stirpium,
1290 2182 1416 2259 denique
1439 2202 1561 2259 sympa÷

208 2274 286 2332 thiae
314 2273 497 2346 superiorum
526 2270 751 2344 inferiorumque
780 2277 917 2342 mutuae,
949 2268 1087 2329 'Piraeeus
1111 2269 1266 2329 Locrensis
1296 2288 1331 2331 ex
1355 2270 1560 2347 Pythagoricis

207 2361 322 2436 placitis
346 2358 423 2434 apud
441 2357 593 2417 Platonem
617 2355 761 2427 defendit,
785 2354 906 2414 Procius
929 2374 998 2416 vero
1021 2374 1087 2417 eum
1107 2358 1190 2431 alias,
1215 2365 1278 2415 tum
1301 2361 1468 2435 praesertim
1493 2374 1561 2418 ver·

208 2449 251 2506 bis
275 2450 303 2504 in
327 2464 390 2527 cap.
418 2448 442 2503 l.
466 2445 554 2521 huius
576 2445 642 2511 libri
665 2442 718 2501 IV.
742 2445 944 2520 transscripta,
969 2443 1121 2503 stabilivit.
1145 2443 1232 2503 Hauc
1255 2443 1400 2504 diversam
1423 2464 1442 2505 a
1464 2452 1561 2505 ments

208 2538 350 2607 iecerunt,
382 2541 411 2592 et
433 2532 512 2608 quod
535 2548 617 2591 mens
639 2530 761 2608 simplex
785 2538 877 2602 esset,
912 2534 1009 2590 anima
1040 2533 1098 2590 ista
1119 2532 1273 2608 multiplex
1296 2533 1499 2603 facultatibus,
1531 2539 1562 2591 st

208 2621 286 2698 quod
309 2621 394 2679 ideae
417 2622 547 2679 omnium
568 2617 718 2677 sensilium
741 2621 771 2675 iu
793 2627 891 2677 mente
913 2620 1042 2678 inessent
1064 2621 1157 2695 primo
1180 2637 1232 2694 per
1246 2637 1287 2694 ss,
1311 2637 1402 2697 puras
1425 2628 1454 2679 et
1475 2619 1561 2679 iden·
1670 2656 1673 2660 ι

157 2708 161 2715 ’
208 2712 292 2781 ticae,
316 2711 344 2765 in
368 2709 466 2766 anime
488 2705 660 2766 secundario
683 2716 798 2782 propter
820 2712 947 2764 mentem
976 2712 1005 2764 et
1027 2706 1065 2765 ab
1089 2724 1125 2766 es
1147 2714 1295 2783 acceptae,
1318 2710 1413 2784 magis
1436 2707 1474 2768 ad
1496 2723 1561 2766 ms·

209 2800 309 2856 teriam
332 2796 520 2864 inclinantem
551 2792 627 2851 unde
660 2800 690 2852 st
712 2796 861 2851 nominum
884 2791 1070 2852 distinetione
1099 2795 1163 2865 usi,
1198 2792 1411 2855 intellectuales
1441 2795 1560 2869 quidem

209 2884 255 2944 vel
276 2883 419 2941 mentales
449 2866 652 2957 paradigmata
682 2881 880 2957 appellarunt,
913 2878 1053 2938 animales
1086 2890 1155 2939 hero
1185 2880 1419 2957 paradigmatum
1442 2882 1559 2941 illorum

209 2973 315 3030 icones.
362 2969 483 3028 Summa
506 2985 541 3027 eo
563 2966 652 3038 redit,
686 2976 719 3025 ut
740 2966 922 3030 Christianus
950 2967 1057 3042 aliquis
1086 2965 1224 3027 facillime
1255 2985 1307 3045 pro
1335 2977 1433 3029 ments
1457 2969 1561 3028 Plato·
1593 2992 1598 3009 ι

209 3061 274 3118 nica
297 3057 394 3116 Deum
417 3064 585 3127 creatorem,
609 3071 661 3130 pru
685 3056 782 3112 anima
804 3061 936 3113 naturam
959 3071 1053 3113 rerum
1075 3052 1238 3131 intelligere
1261 3058 1365 3132 possit.
1608 3092 1614 3127 .·

295 3144 409 3219 Quibus
440 3143 481 3199 iiii
512 3144 694 3218 potissimum
725 3142 818 3200 ventis
848 3141 1102 3218 contemplationis
1130 3143 1234 3216 agitati
1264 3141 1399 3204 adhaec
1422 3143 1562 3220 dogmata

209 3231 387 3308 appulerint,
421 3230 488 3288 aliis
510 3229 642 3304 relinquo
665 3228 885 3297 excutiendum,
918 3246 973 3303 ego
1003 3228 1039 3287 de
1071 3246 1116 3288 me
1139 3230 1203 3305 ipsu
1227 3228 1332 3289 dicam.
1376 3231 1415 3289 Et
1436 3233 1561 3307 primurn

210 3319 327 3394 quidem
351 3319 387 3376 de
410 3321 508 3375 anima
530 3319 620 3374 totius
643 3308 771 3375 universi
794 3316 850 3375 etsi
873 3332 928 3374 nun
953 3333 1094 3392 repugno,
1117 3314 1187 3374 nihil
1210 3323 1309 3376 umen
1331 3317 1388 3377 hoc
1409 3318 1483 3378 libro
1507 3318 1561 3377 lv.

167 3416 171 3422 '
210 3407 318 3465 dicam:
342 3405 458 3464 videtur
481 3406 556 3463 enirn
580 3404 618 3480 (si
641 3410 686 3460 est
707 3403 775 3461 talis
799 3399 908 3481 aliqua)
930 3405 959 3460 in
982 3412 1080 3463 centro
1103 3403 1210 3477 mundi,
1236 3404 1315 3480 quod
1338 3406 1408 3464 mihi
1432 3405 1482 3465 Sci
1506 3412 1563 3485 est,

208 3494 352 3566 residere,
384 3490 510 3567 indeque
539 3494 567 3547 iu
591 3507 706 3548 omnem
740 3490 804 3566 ejus
837 3488 1057 3565 amplitudinem
1091 3494 1265 3551 commercio
1298 3492 1446 3552 radiorum
1479 3493 1562 3567 lueis,

210 3584 259 3657 qui
282 3584 342 3640 sint
363 3579 429 3639 locu
453 3580 605 3656 spirituum
629 3581 658 3635 in
682 3594 802 3653 corpore
826 3577 952 3652 animali,
977 3579 1141 3655 propagari.
1178 3586 1258 3651 [vida
1286 3588 1419 3650 epilogum
1447 3590 1489 3638 rto.
1513 3588 1561 3648 v.)

211 3670 255 3727 De
277 3676 382 3727 natura
404 3682 484 3739 vero,
508 3682 583 3740 quae
606 3673 721 3740 praeest
743 3665 893 3724 elementis
917 3682 1062 3741 quamque
1084 3667 1194 3725 usitato
1222 3666 1353 3743 epitheto
1376 3667 1563 3726 sublunarem

210 3756 343 3832 appello,
371 3754 434 3829 jam
457 3772 475 3812 a
496 3754 601 3828 viginti
625 3754 709 3810 anuis
740 3770 795 3827 ego
827 3769 885 3811 nou
909 3752 1062 3813 dissimilia
1084 3759 1212 3813 statuere
1236 3756 1339 3830 coepi;
1372 3766 1469 3815 motus
1492 3770 1563 3815 vero

209 3863 272 3903 aum
297 3842 334 3901 ad
363 3841 419 3900 hoc
446 3858 503 3899 non
531 3838 658 3917 lectione
684 3837 732 3897 vel
763 3838 954 3899 admiratione
984 3840 1215 3912 Platonicomm,
1245 3841 1297 3900 sed
1325 3841 1390 3902 sols
1418 3851 1449 3901 st
1476 3844 1564 3902 unica
1600 3874 1603 3883 ·

210 3936 417 4007 tempestatum
441 3929 645 3987 observatione
669 3935 915 4008 aspectuumque,
940 3928 1046 4002 quihus
1069 3926 1136 3986 illas
1160 3929 1281 4000 cientur,
1305 3930 1562 4007 contemplatione.

210 4018 278 4076 Vidi
303 4019 398 4085 enim,
421 4032 528 4090 magna
551 4016 716 4074 constantia
739 4014 848 4073 turbari
871 4021 980 4073 statum
1002 4016 1091 4088 adria,
1123 4017 1239 4091 quoties
1262 4015 1397 4093 planetas
1421 4016 1467 4075 vel
1492 4014 1565 4076 'con-

207 4108 413 4183 jungerentur,
446 4101 493 4160 vel
525 4102 710 4176 aspectibus,
741 4100 831 4177 vulgo
860 4101 1069 4177 astrologorum
1101 4101 1270 4175 celebratis,
1299 4104 1563 4180 configurarentur3

211 4192 272 4251 vidi
295 4185 535 4267 tranquillitatem
558 4187 720 4264 plerunque
743 4206 807 4248 esse
830 4190 859 4246 in
882 4193 963 4263 abre,
995 4190 1018 4247 si
1048 4189 1119 4247 nulli
1154 4188 1202 4249 vel
1233 4192 1260 4247 si
1288 4190 1563 4267 pauciiucidsrsut

213 4288 362 4357 aspectus,
387 4277 434 4335 vel
457 4279 481 4335 si
505 4274 637 4336 celeriter
660 4274 869 4335 conficerentur
891 4278 1184 4352 transigerenturque.
1230 4275 1296 4337 Hoc
1319 4294 1388 4338 vero
1412 4281 1583 4359 negotium

211 4386 265 4439 ego
288 4384 346 4425 non
370 4367 411 4423 ita
434 4365 539 4424 leviter
561 4362 803 4423 considerandum
826 4378 890 4422 esse
914 4365 1022 4436 censui,
1045 4367 1087 4422 uti
1103 4362 1210 4440 vulgus
1232 4373 1456 4441 prognostarum
1478 4366 1562 4440 aelst,

212 4457 261 4529 qui
283 4457 327 4513 sic
349 4452 517 4511 describunt
538 4449 665 4509 siderum
689 4450 916 4527 apotelesmata,
949 4469 984 4511 ac
1004 4453 1029 4509 si
1051 4449 1105 4510 illa
1127 4451 1176 4509 Dii
1200 4451 1320 4526 quidam
1344 4462 1456 4526 essent,
1488 4454 1564 4514 coeli

209 4550 361 4615 terrasque
384 4548 517 4615 potentes
540 4541 695 4614 omniaque
720 4556 754 4597 ea
784 4538 902 4597 arbitrio
926 4546 1064 4613 agentes,
1088 4540 1286 4613 securissimi,
1303 4556 1362 4616 quo
1392 4541 1490 4600 medio
1512 4541 1565 4601 illa

212 4626 440 4701 unumquodque
462 4624 613 4703 perficiant
634 4623 712 4702 apud
737 4641 791 4684 nos
813 4628 842 4682 in
865 4625 980 4699 Tenis,
1004 4641 1069 4684 cum
1090 4628 1156 4703 ipsa
1178 4628 1208 4683 iu
1231 4625 1485 4701 reclamanem,
1509 4646 1564 4689 uec
1598 4695 1604 4723 ι

128 4711 136 4717 ’
212 4720 382 4791 quicquam,
416 4712 499 4801 quud
518 4712 650 4769 sensibus
673 4720 788 4789 pateat,
828 4711 866 4771 ad
898 4729 953 4771 nos
982 4721 1096 4788 praeter
1126 4711 1225 4772 radios
1254 4712 1368 4774 lucidos
1401 4716 1562 4776 demittant.

212 4800 295 4862 Haec
324 4802 482 4878 praecipua
519 4801 665 4874 scaturigo
697 4808 742 4860 ast
771 4800 1004 4859 foedissimarum
1036 4800 1275 4876 superstitionum
1311 4803 1563 4879 astrologicamm.

216 4892 255 4949 At
276 4905 336 4950 non
358 4887 446 4948 valde
468 4893 643 4962 prognostas
666 4889 769 4961 miror,
792 4904 886 4964 genus
908 4886 1059 4946 hominum
1082 4887 1254 4966 plerumque
1277 4890 1428 4969 populare,
1451 4890 1563 4971 puerile
1647 4952 1651 4973 ,
