3872 5846
377 338 441 403 θοι)
815 332 859 389 De
875 330 1102 403 Propertiombus
1118 327 1299 389 Harmonicis.

376 530 432 575 naa
452 514 484 573 in
505 509 713 575 scurrilitatem
742 527 808 574 sese
830 511 1016 590 profundant.
1061 511 1187 573 Rursum
1215 511 1290 574 baec
1312 527 1371 573 non
1394 513 1567 589 compositio
1590 519 1636 575 est
1658 514 1736 574 lute-

376 619 495 681 grurum
516 601 690 678 specierum,
713 599 765 660 sed
791 601 912 662 uiolatio
935 599 1086 673 nonnulla,
1111 607 1144 659 ut
1165 599 1336 661 harmonica
1359 601 1475 663 existat.
1618 674 1622 680 ἱ

463 689 518 750 Vl.
542 686 589 747 ild
612 687 826 747 arithmeticam
849 690 975 767 pertinet
997 687 1223 766 aequalitatem,
1256 686 1336 765 quod
1363 687 1525 764 scitiquitus
1546 695 1647 763 patres
1670 703 1736 747 cum

376 777 465 856 plebe
487 777 654 855 promiscuo
677 791 818 836 consessu
839 774 927 837 ludos
949 782 1083 852 spectare
1099 775 1193 849 soliti,
1217 774 1256 835 ad
1278 776 1486 852 geometricam
1508 776 1735 853 proportionem,

377 864 457 942 quod
487 870 591 944 postea
618 870 717 940 patras
747 883 766 922 a
796 862 884 941 plebe
914 864 1061 940 seiuncti„
1095 863 1162 923 Hoc
1185 863 1303 940 quidem
1333 865 1377 923 stc
1399 869 1459 935 est,
1493 864 1519 923 si
1547 863 1628 922 solos
1649 861 1736 923 ludos

363 949 557 1014 ‘consideres
604 950 644 1010 At
665 952 691 1011 si
714 953 854 1011 universa
875 953 947 1029 retp.
971 950 1125 1011 commoda
1148 967 1207 1011 uno
1229 951 1335 1010 ruentis
1357 950 1514 1028 complexu
1535 956 1645 1025 terrem,
1670 966 1737 1010 cum

377 1058 414 1101 ex
436 1041 472 1100 iis
495 1037 622 1117 plurima
643 1039 778 1115 patribus
801 1037 952 1100 vindicata
983 1040 1090 1099 luerint
1110 1040 1225 1098 ratione
1248 1034 1442 1114 geometrlca,
1477 1038 1588 1115 populo
1610 1030 1738 1112 secluso,

375 1128 518 1206 pertinuit
539 1123 676 1203 equidem
699 1126 773 1186 baec
795 1127 860 1204 ipsa
883 1127 914 1186 ln
935 1124 1014 1187 ludia
1036 1128 1189 1202 cuiusque
1212 1126 1322 1187 ordinis
1344 1126 1520 1201 exaequatio
1542 1124 1581 1184 ad
1604 1132 1737 1186 coutem-

376 1216 558 1295 peratiouem
580 1213 672 1288 Illam,
696 1231 786 1274 seusu
809 1212 917 1274 bodini
939 1214 1139 1274 harmonicam
1154 1213 1245 1273 totius
1266 1212 1449 1290 gubernandi
1471 1214 1601 1288 ιὀιιιιις
1625 1214 1734 1291 quippe

377 1321 438 1381 qua
460 1310 490 1363 et
511 1301 597 1380 plebs
619 1300 829 1378 deliciabatur,
864 1309 897 1362 ιι
918 1304 1001 1379 pueri
1033 1301 1129 1362 solent
1151 1302 1240 1362 rebus
1262 1300 1415 1376 leviculis,
1448 1299 1545 1377 adque
1568 1300 1735 1378 diligendos

378 1389 496 1452 ordines
519 1391 685 1467 superiores
707 1390 896 1463 invitabatur,
919 1407 1015 1466 neque
1030 1391 1189 1466 quiequam
1213 1388 1410 1465 derogabatur
1433 1388 1568 1466 dignitati
1592 1389 1735 1450 ordinum.

379 1476 514 1555 Quadrat
535 1479 626 1537 etiam
649 1476 687 1536 ad
710 1495 791 1538 meas
807 1477 989 1551 medietates,
1013 1484 1160 1554 quatenus
1175 1478 1324 1554 proportio
1346 1493 1406 1537 non
1429 1483 1553 1549 tenetur,
1576 1484 1611 1536 ut
1632 1483 1737 1539 tenea·

378 1573 426 1628 tur
448 1564 612 1629 eoncordia.
657 1564 742 1624 Prius
764 1565 795 1624 iu
818 1567 903 1626 cerus
925 1567 1059 1643 personis
1080 1564 1214 1625 ordinum
1238 1564 1434 1642 derogabatur
1456 1563 1627 1642 analogiae,
1659 1581 1737 1625 nuuc

377 1656 409 1715 iu
431 1655 518 1716 certis
539 1653 688 1730 praemiis.

464 1740 534 1801 VII.
560 1738 713 1799 Amicitias
735 1741 847 1800 animat
869 1738 1041 1800 harmonica
1064 1741 1302 1817 contemperabo.
1337 1737 1424 1817 Quod
1447 1740 1524 1802 euim
1546 1745 1593 1800 ast
1613 1739 1644 1797 in
1665 1756 1737 1817 pro·

377 1830 512 1907 portione
544 1827 766 1902 concordantia,
800 1827 857 1889 hoc
891 1834 936 1889 eet
965 1830 995 1886 iu
1026 1829 1118 1888 totius
1146 1827 1293 1889 humanae
1315 1829 1396 1889 vitas
1423 1828 1535 1888 ambitu
1558 1844 1656 1901 amor,
1686 1828 1736 1904 qui

377 1915 599 1977 tundamentum
622 1920 668 1975 cst
690 1916 847 1976 amicitiae.
893 1912 1007 1991 Quodsi
1029 1932 1110 1976 mera
1131 1915 1297 1993 aequalitas
1317 1916 1480 1977 ciliciorum
1501 1913 1649 1976 inducitur
1670 1913 1737 1992 lege

378 2003 571 2077 arItbmetica,
594 2002 677 2064 nulla
699 2004 754 2063 erit
775 2005 831 2062 nisi
854 2003 929 2063 iuter
943 2002 1084 2080 aequales
1100 2004 1246 2079 amicitla;
1269 2011 1299 2065 et
1319 2006 1345 2064 si
1368 2005 1442 2063 iuter
1463 2003 1634 2079 inaequales
1656 2020 1738 2065 mera

379 2099 410 2151 et
431 2093 579 2168 exquisita
600 2089 763 2151 similitudo
792 2090 954 2151 officiorum
985 2093 1178 2168 geometrica,
1211 2091 1404 2168 neutrobique
1432 2092 1561 2150 amicitia
1583 2092 1654 2164 erit,
1683 2088 1737 2150 sed

312 2238 316 2245 ,
378 2178 420 2239 Ibi
442 2186 586 2257 perpetua
607 2180 769 2256 negotiatio
792 2177 1026 2256 nundinatioque
1049 2177 1227 2254 officiorum,
1252 2177 1398 2241 commodi
1421 2180 1465 2239 sui
1489 2195 1588 2252 cauea,
1611 2176 1660 2238 bic
1682 2195 1736 2239 ue·

378 2269 506 2328 cesseda
535 2267 651 2343 petroni
684 2272 714 2328 st
742 2264 856 2327 clientis
885 2267 1081 2340 consociatio,
1115 2265 1197 2325 uuila
1224 2268 1331 2327 amoris
1361 2264 1578 2328 demonstrandi
1606 2265 1736 2339 libertae,
1787 2276 1796 2291 ’

378 2354 451 2413 nibil
474 2361 680 2432 spontaneum.
726 2355 876 2443 Amicitia,
891 2355 948 2415 etsi
974 2355 1135 2416 consistere
1162 2370 1228 2416 cum
1258 2355 1366 2414 crebris
1396 2355 1510 2431 injuriis
1541 2371 1600 2412 uon
1627 2360 1736 2430 potest,

378 2440 581 2519 ioges'tamcn
602 2441 716 2518 respuit
738 2443 894 2519 omniaque
926 2441 965 2503 ad
987 2442 1118 2502 sobrium
1150 2449 1305 2503 ottanum
1327 2443 1435 2502 cruoris
1467 2442 1618 2503 arbitrium
1640 2443 1736 2516 raian,

378 2545 457 2589 uunc
478 2528 616 2606 aequalia
637 2527 814 2605 rependens,
848 2546 926 2590 nuuc
947 2527 1194 2607 proportIoualia,
1229 2537 1274 2589 est
1296 2530 1348 2590 ubi
1369 2536 1490 2604 neutra,
1518 2546 1632 2606 semper
1654 2528 1736 2603 talia,

381 2633 459 2693 quae
480 2633 534 2694 pro
558 2633 589 2678 re
611 2623 683 2681 nata
710 2616 807 2679 lacere
830 2616 966 2679 videntur
989 2616 1027 2677 ad
1049 2619 1301 2679 conservationem
1334 2620 1457 2691 amoris,
1490 2619 1541 2694 qui
1564 2619 1671 2692 ιιιιιι,
1704 2625 1738 2676 ιι

378 2703 533 2765 barmonIa
555 2703 745 2765 dissonantiis
767 2712 798 2765 et
819 2711 851 2765 ut
873 2707 951 2782 Ignis
973 2703 1040 2766 ierri
1063 2706 1152 2784 stylo,
1179 2705 1289 2767 inditur
1312 2705 1426 2783 injuriis
1448 2705 1597 2766 nonnullis
1619 2722 1738 2765 aarum·

380 2808 438 2870 que
461 2791 677 2854 condonanona
699 2793 829 2868 gratuita
852 2794 930 2854 vires
951 2799 1084 2854 renovat.

466 2878 552 2939 VIII.
577 2878 796 2956 aequalitatem
818 2879 1031 2941 arithmeticam
1047 2877 1180 2942 BodInns
1202 2878 1323 2955 pulchre
1343 2887 1495 2958 comparat
1507 2877 1628 2957 regulae
1643 2878 1738 2956 Poly·

379 2965 449 3028 doti
470 2967 590 3040 ierrcae,
614 2984 691 3045 quae
713 2968 807 3045 frangi
830 2970 911 3045 prius
933 2986 1022 3045 quam
1044 2967 1121 3029 flecti
1143 2975 1259 3044 posset,
1288 2966 1507 3028 similitudieem
1530 2969 1738 3044 geometricam

379 3052 500 3131 regulae
522 3053 648 3115 Lesbiae
670 3054 836 3131 plumbeae,
860 3073 937 3133 quae
960 3057 1096 3117 omnibus
1117 3054 1235 3131 augulis
1257 3054 1545 3117 accommodatam.
1576 3055 1644 3132 Ipse
1666 3053 1737 3113 bsc-

379 3143 524 3203 mouicem
546 3144 765 3221 proportionem
786 3160 860 3205 snas
882 3143 1058 3204 delinitionis
1080 3142 1236 3203 adumbrat
1258 3142 1360 3219 reguis
1382 3143 1489 3220 lignea,
1512 3160 1590 3221 quae
1612 3142 1740 3203 flectitur

379 3227 508 3307 qutdem,
530 3238 564 3291 ct
585 3248 602 3292 e
625 3232 753 3307 vestigio
774 3230 858 3292 redit
1178 3288 1181 3293 .

465 3315 524 3377 IX.
547 3317 583 3378 In
606 3319 818 3395 gubcmationa
841 3319 935 3378 emula
957 3318 1072 3395 generis
1093 3315 1264 3394 politiorum
1286 3320 1366 3395 rigor
1386 3316 1485 3394 legum
1507 3324 1537 3378 ιι
1555 3314 1665 3392 judicis
1687 3315 1757 3377 oi·-

379 3403 478 3466 flcium
503 3413 708 3484 comparantur
730 3404 904 3489 aequalitati
925 3405 1219 3482 arithmeticamque
1241 3421 1299 3465 uon
1323 3407 1436 3467 tunium
1458 3420 1544 3464 sunm
1567 3406 1674 3482 cuique
1696 3403 1737 3466 ad

379 3494 520 3553 amussim
543 3494 694 3567 imbuitur,
718 3493 771 3555 sed
793 3495 883 3555 etism
905 3509 1019 3571 poenae
1041 3496 1205 3571 imogantur
1226 3492 1466 3570 deliuquentibus
1487 3491 1650 3569 acqualiter
1671 3495 1736 3554 sine

379 3596 571 3659 personarum
592 3587 735 3659 respectu,
759 3588 790 3642 et
811 3599 871 3659 qna
893 3576 1113 3658 adstringuntur
1131 3578 1247 3660 judices
1270 3581 1308 3641 ad
1331 3581 1412 3657 leges
1434 3578 1532 3657 adque
1554 3579 1682 3656 allegata
1706 3588 1737 3642 et

378 3668 514 3746 probata,
536 3677 570 3729 ut
591 3668 753 3731 secundum
775 3685 826 3731 aas
845 3668 988 3746 judicent,
1012 3669 1127 3730 etianmi
1149 3669 1269 3746 ibiquae
1291 3670 1373 3745 leges
1396 3666 1560 3729 videantur.
1595 3668 1736 3729 Vicissim

379 3758 515 3833 sequitat
538 3765 569 3818 et
589 3757 742 3816 arbitrium
762 3759 953 3834 magistratus
974 3773 1101 3830 mamm,
1132 3757 1182 3833 qni
1211 3764 1309 3818 tamen
1341 3757 1447 3817 boans,
1465 3756 1504 3814 sit
1537 3763 1568 3816 et
1597 3773 1633 3816 ex
1662 3772 1737 3816 cou-

379 3845 505 3905 scientia
526 3852 605 3922 agat,
628 3845 824 3920 geometricas
847 3845 1004 3921 analogias
1027 3850 1160 3904 naturam
1183 3842 1287 3904 induit
1332 3844 1372 3904 Αι
1392 3842 1525 3903 Bodiuus
1547 3842 1737 3905 barmqucss

380 3933 657 4008 contemperationis
679 3932 814 4010 exemplo
836 3931 964 3993 medium
988 3934 1146 4009 interponit
1168 3930 1295 3991 officinm
1312 3931 1360 3992 vel
1376 3932 1557 4009 superiorum
1580 3932 1736 4007 curiarum,

378 4018 429 4080 rel
451 4020 601 4094 omnlum,
634 4017 683 4081 vel
713 4020 819 4079 summi
849 4022 1053 4098 magistratus,
1084 4019 1192 4098 quibus
1223 4036 1320 4096 neque
1346 4018 1417 4080 licet
1447 4036 1482 4079 ex
1504 4019 1624 4079 arbitrio
1647 4036 1737 4095 agere

378 4123 459 4167 mero
482 4113 513 4167 et
535 4114 633 4168 tamen
656 4108 839 4186 permittitur,
862 4116 897 4168 ut
917 4107 1000 4185 leges
1022 4124 1075 4186 pro
1097 4108 1211 4168 ratione
1226 4107 1509 4167 circumstantiarum
1525 4106 1654 4181 flectant,
1676 4124 1736 4167 nou

382 4194 528 4272 frangunt,
552 4202 583 4255 st
604 4210 656 4255 eas
678 4196 708 4253 in
729 4194 851 4272 Judiciis
872 4195 1034 4258 secundum
1057 4197 1237 4271 aequitatem
1252 4197 1485 4272 interpretentur,
1508 4202 1542 4252 ut
1564 4202 1663 4255 tamen
1684 4212 1740 4272 per

378 4281 544 4360 siugularas
566 4284 713 4343 curiarum
734 4283 897 4344 sententiaa
918 4282 990 4342 nihii
1013 4281 1072 4358 legi
1096 4280 1261 4359 derogatur.
1305 4282 1378 4343 Vult
1400 4281 1482 4359 leges
1502 4281 1606 4342 baberi
1627 4282 1739 4344 similes

378 4387 451 4430 suae
480 4387 617 4443 normae,
647 4375 682 4430 ut
712 4367 819 4430 cadant
840 4369 959 4447 quIdem
987 4370 1161 4440 inflexum,
1192 4375 1224 4429 at
1253 4372 1352 4430 statim
1375 4368 1504 4430 redeant.
1550 4368 1739 4446 Quamquam

378 4456 437 4518 buc
457 4456 525 4518 loco
548 4455 682 4519 BodInue
701 4457 846 4535 exemplo
868 4474 923 4517 sno
946 4475 1048 4519 verum
1071 4456 1300 4530 demonstrarit,
1332 4456 1411 4533 quod
1442 4456 1478 4517 de
1497 4457 1572 4533 jurIs
1594 4456 1738 4519 consultis

379 4544 576 4606 affirmarem
606 4551 709 4606 autea:
741 4546 821 4623 ipsos
850 4545 1059 4606 mathematice
1089 4546 1148 4605 ista
1177 4552 1296 4622 propter
1323 4546 1370 4604 sui
1398 4545 1608 4606 obscuritatem
1639 4547 1737 4607 miuus

378 4634 536 4713 percipere.
579 4632 656 4693 Nem
678 4649 737 4693 uon
760 4631 886 4710 quadrat
908 4632 972 4710 ejus
1002 4632 1038 4693 tle
1060 4635 1188 4693 numeris
1217 4631 1376 4709 disputatio
1403 4632 1441 4693 ad
1465 4642 1596 4695 uommm
1618 4640 1738 4696 nostras

379 4720 570 4800 disciplinae,
592 4737 660 4781 eum
682 4722 734 4794 ait,
758 4719 821 4781 iiari
842 4736 902 4780 nou
924 4737 1028 4798 posse,
1052 4729 1085 4781 ut
1106 4722 1256 4799 proportio
1279 4722 1473 4796 geometrim,
1496 4738 1573 4798 quae
1595 4729 1642 4783 est
1662 4724 1739 4782 inter

378 4817 504 4894 quatuor
526 4809 683 4883 termiuos,
718 4806 780 4869 ulla
809 4809 997 4870 terminorum
1027 4810 1256 4888 ususpusitiune
1282 4815 1387 4886 pareat
1416 4807 1600 4887 eandemque
1631 4811 1739 4873 asserit
