3882 5862
855 398 997 470 eportet
1342 468 1345 475 ,
1411 362 1416 373 ’
1523 388 1597 465 'ter

247 579 391 651 Roberte,
422 583 498 658 quse
525 580 602 641 hanc
624 579 711 639 nobis
739 580 951 639 contessionem
981 586 1144 654 extorquet,
1186 576 1272 652 Quod
1295 594 1447 656 corporum
1470 581 1599 656 quinque

248 667 399 743 quodlibet
419 677 564 729 samotra
585 686 622 728 en
642 669 721 739 olio,
751 674 902 743 tuaquom
922 667 1002 743 fitius
1025 683 1061 725 err
1082 674 1184 742 putre,
1214 667 1261 725 vel
1282 669 1385 724 minus
1417 683 1453 725 en
1474 670 1598 741 maiori,

247 772 302 815 nec
333 759 511 832 geometriae
535 755 676 833 figuratae
698 765 925 814 consentaneum
956 762 1014 826 est,
1047 770 1102 813 nec
1131 755 1204 813 meis
1234 754 1477 813 enarrationibus.
1521 755 1599 815 Nam

247 843 414 903 tetrabdron
438 862 474 903 ex
497 844 573 903 cubo
596 844 671 902 sumi
695 843 755 901 dixi
778 844 969 918 geometrice,
999 850 1141 915 tauquam
1166 841 1258 900 Evam
1288 859 1324 899 ex
1348 840 1480 916 Adam03
1511 843 1599 903 intel·
1674 828 1688 855 ⁸

248 930 315 1006 tigit
337 931 571 1009 similitudinem,
593 933 643 1006 qui
665 931 810 989 rationem
832 930 1029 1005 inscriptionis
1046 928 1125 986 illins
1148 931 1177 985 in
1202 928 1259 987 hoc
1274 928 1422 1004 intelligit.
1460 928 1599 991 Dodeca·

249 1017 339 1076 tidron
369 1035 440 1078 tero
469 1037 505 1079 ex
534 1018 593 1077 illis
617 1017 750 1089 duobus,
782 1024 816 1075 ut
837 1016 931 1075 filium
953 1016 990 1074 er'
1014 1023 1139 1090 utroque
1169 1024 1290 1091 parente
1319 1018 1387 1073 oriri
1410 1016 1534 1092 largior,
1569 1027 1600 1077 at

248 1123 307 1164 non
340 1113 373 1163 ut
391 1108 504 1173 vrninus
534 1124 571 1166 cx
587 1107 720 1178 majori.
765 1103 840 1163 Nam
870 1105 982 1161 ratione
1005 1102 1203 1176 figurationis,
1232 1103 1289 1162 hoc
1318 1112 1363 1161 eat
1393 1105 1598 1180 inscriptionis,

249 1192 345 1267 majus
373 1203 419 1251 est
450 1192 652 1253 dodecab'dron
685 1192 780 1265 cubo,
813 1193 962 1266 quantitas
994 1205 1063 1247 vern
1085 1188 1244 1264 figurarum
1275 1190 1436 1249 inmundo
1466 1209 1524 1251 non
1554 1206 1599 1253 est

249 1298 285 1338 ex
313 1278 501 1353 figuratione,
532 1280 585 1340 sed
615 1297 651 1339 ex
673 1281 849 1339 necessitate
879 1279 975 1353 spatii.
1021 1275 1150 1335 Rursum
1181 1275 1338 1337 ootsddron
1369 1285 1399 1336 et
1428 1280 1599 1340 icossbdron

249 1367 364 1425 leminis
387 1371 481 1442 tnagis
503 1367 701 1428 assimilantur
724 1366 790 1427 cubi
814 1374 844 1424 et
867 1362 1059 1437 dodacaedri,
1090 1380 1179 1439 qnam
1200 1363 1279 1425 liliis.
1325 1363 1386 1423 Nec
1415 1371 1598 1442 propositum

249 1470 346 1513 meum
378 1454 434 1512 luit
464 1472 643 1531 componere
671 1452 868 1512 harmoniam
895 1470 916 1509 o
942 1452 1192 1526 proportionibus
1220 1469 1383 1528 corporum
1408 1457 1599 1529 repertorium

250 1540 454 1600 adinvicem.
499 1541 692 1602 Harmoniam
715 1544 793 1602 enim
816 1547 1008 1615 componant,
1037 1537 1094 1597 hoc
1117 1546 1162 1598 est
1190 1541 1372 1599 constituunt
1402 1541 1463 1600 bini
1486 1547 1600 1602 termini
1679 1598 1686 1605 .

250 1630 450 1704 proportionis
473 1631 626 1705 probatae.
671 1629 713 1687 At
735 1629 938 1705 proportiones
962 1642 1115 1701 corporum
1135 1630 1377 1701 geometricorum
1399 1629 1525 1690 invicem
1542 1649 1599 1690 non

249 1716 324 1774 fiunt
345 1718 418 1775 mihi
441 1720 555 1775 termini
577 1717 723 1776 ulterioris
746 1714 886 1790 alicujus,
916 1715 1051 1771 nimirum
1074 1713 1262 1773 harmonicae
1283 1718 1497 1791 proportionis,
1529 1722 1599 1795 quia

250 1805 324 1862 inter
347 1805 486 1862 terminos
509 1806 597 1864 hosce
619 1820 678 1862 non
700 1805 810 1878 recipio
833 1804 889 1859 nisi
911 1809 1009 1859 motus
1040 1800 1135 1859 reales
1157 1801 1340 1878 planetarum
1363 1806 1493 1880 ipsoram
1516 1804 1597 1866 diur-

251 1907 317 1949 nos.
363 1890 420 1949 Sed
444 1890 500 1950 hoc
522 1891 619 1951 solum
641 1895 670 1948 in
692 1908 724 1950 re
746 1893 830 1957 inest,
853 1887 933 1965 quod
951 1887 1014 1963 jam
1029 1904 1118 1963 supra
1132 1892 1242 1963 monui,
1266 1888 1427 1964 quodcum
1443 1903 1473 1952 et
1488 1893 1599 1969 figurae

250 1977 366 2037 solidae
388 1978 522 2053 singulae
545 1982 684 2038 interesse
707 1977 860 2037 debuerint
887 1978 962 2032 inter
984 1976 1068 2034 binos
1091 1977 1176 2035 orbes
1205 1985 1235 2036 et
1257 1976 1444 2039 harmonicae
1474 1998 1599 2059 propor-

252 2068 348 2124 tiones
370 2066 504 2141 singulae
526 2068 601 2126 inter
625 2066 709 2125 binos
731 2073 828 2123 motus
852 2066 881 2120 in
905 2061 963 2120 illis
985 2062 1119 2135 orbibus,
1154 2072 1294 2139 utraeque
1319 2068 1384 2123 suis
1404 2066 1536 2142 J'nribns,
1565 2079 1598 2130 ut

253 2154 343 2228 igitur
368 2152 442 2213 bene
465 2153 524 2212 illis'
546 2172 605 2213 una
627 2153 828 2211 habitantibus
852 2153 926 2209 inter
947 2165 980 2209 aa
1002 2152 1181 2223 conveniret,
1204 2154 1348 2227 principio
1368 2154 1435 2213 libri
1451 2154 1487 2216 V.
1511 2157 1598 2216 tanri-

255 2240 368 2298 lieritas
392 2239 493 2317 aliqua
515 2242 672 2302 conciliata
699 2240 754 2299 init
776 2242 851 2297 inter
873 2237 1103 2296 cohabitaturos.
1148 2237 1185 2297 lit
1213 2240 1289 2298 cubo
1320 2239 1438 2316 quidem
1469 2256 1599 2305 assertae

254 2334 324 2385 sunt
351 2324 388 2410 Ἀ
411 2336 442 2388 et
468 2324 522 2411 ss„
553 2346 612 2389 non
635 2326 716 2404 quod
738 2327 831 2386 cubus
861 2324 926 2383 illas
949 2334 979 2384 et
1000 2327 1098 2399 pariat
1127 2333 1157 2384 et
1179 2326 1363 2387 harmonicas
1391 2329 1513 2404 eiticiat,
1547 2333 1599 2392 sed

251 2416 323 2489 quia
344 2415 392 2473 vel
416 2417 499 2489 origo
524 2419 655 2492 utrisque
679 2424 814 2489 cognata,
839 2413 886 2471 vel
902 2413 1052 2487 quantitas
1075 2428 1126 2490 pro
1149 2430 1204 2472 usn
1218 2414 1315 2473 iutnro
1339 2421 1527 2491 oonreniens,
1543 2421 1599 2479 nei

251 2501 404 2577 dignitatis
432 2506 639 2580 praerogativa
667 2505 802 2577 utrinque
834 2516 910 2575 pene
937 2498 1064 2575 eadem..
1096 2498 1198 2576 Neque
1225 2504 1359 2561 nonnos
1386 2512 1526 2565 nwlnum
1551 2527 1599 2568 ec·

250 2591 454 2649 emeritorum
475 2590 745 2665 proportionaliter
766 2591 866 2648 oritur
888 2604 924 2647 cs
942 2587 1194 2661 proportionibus
1211 2590 1403 2664 repertorium
1418 2610 1597 2673 corpmnm3

252 2676 419 2735 distinctius
448 2679 596 2737 istasunt
626 2675 787 2737 efferenda:
820 2675 910 2733 oritur
939 2690 1011 2731 sane
1034 2677 1163 2734 varietas
1190 2675 1291 2752 aliqua
1317 2687 1449 2739 motuum
1473 2699 1598 2759 propor-

252 2762 402 2822 tionaliter
432 2781 466 2822 ex
496 2768 685 2841 proportione
713 2778 867 2839 corporum
893 2759 1068 2835 regularium
1097 2758 1167 2840 (non
1197 2763 1276 2835 sola,
1308 2764 1362 2824 sed
1392 2771 1505 2828 sociata
1532 2788 1598 2830 num
1702 2835 1706 2841 ‚

252 2850 321 2909 aliis
345 2851 459 2924 causis,
489 2853 656 2929 dequibus
683 2855 712 2910 in
736 2850 865 2926 Physica
887 2847 1016 2907 Goeleeti
1045 2865 1098 2906 seu
1120 2850 1198 2925 Epit.
1223 2852 1341 2910 Astron.
1368 2851 1432 2913 libr.
1456 2856 1536 2936 in),
1568 2867 1599 2918 st

250 2939 325 2996 haec
354 2940 482 2998 varietas
512 2943 618 3000 attinet
646 2946 744 2998 motus
772 2939 906 2996 binorum
935 2934 1118 3012 planetarum
1150 2940 1224 2996 inter
1246 2955 1278 2998 se
1309 2952 1509 3018 comparatos,
1540 2962 1598 3005 non

251 3027 356 3083 attinet
378 3035 475 3083 motus
499 3026 631 3087 diversos
656 3028 741 3085 unius
764 3023 899 3101 planetae
922 3023 1109 3094 eccentricos,
1133 3025 1326 3100 inquantum
1349 3033 1512 3101 eccennici.

339 3111 476 3171 Vicissim
500 3113 717 3184 illa-varietas,
748 3129 824 3186 quoe
848 3116 892 3169 est
913 3110 944 3166 in
966 3111 1094 3169 motibus
1118 3110 1242 3171 dirersis
1266 3115 1352 3172 unius
1373 3116 1520 3194 planetae,
1544 3132 1599 3179 ne*—

133 3222 137 3241 .
253 3215 403 3274 quaquam
425 3202 515 3258 oritur
537 3219 573 3260 ex
596 3202 784 3278 proportione
806 3213 959 3275 corporum
980 3197 1167 3274 regularium·
1190 3199 1243 3258 sed
1257 3204 1348 3260 oritur
1367 3221 1402 3262 ex
1418 3207 1482 3282 ipsa
1497 3209 1599 3284 cujus-

253 3304 311 3361 qne
346 3286 482 3364 planetae
515 3291 738 3367 eceennicitate.
791 3284 854 3344 Nec
884 3300 1030 3359 compono
1061 3285 1240 3346 harmonias
1268 3297 1396 3364 propter
1425 3294 1600 3364 bnissnodt

252 3376 449 3447 varenam,
472 3375 524 3435 sed
548 3395 583 3436 ex
607 3376 662 3435 hac
685 3375 843 3441 varietate,
867 3370 897 3429 id
920 3380 1024 3430 estex
1045 3375 1188 3446 motibus,
1222 3383 1345 3452 utraque
1369 3378 1404 3437 de
1427 3398 1519 3441 cansa
1541 3382 1599 3442 dii.

251 3461 413 3521 serentibus
437 3464 466 3518 in
489 3462 652 3534 celeritate,
682 3472 823 3537 tanquam
845 3476 881 3517 ex
903 3459 1034 3517 terminis
1057 3463 1271 3521 constituuntur
1295 3464 1340 3522 rel
1365 3468 1507 3528 resultant
1528 3489 1600 3547 pro·

251 3549 404 3624 portiones
420 3550 657 3626 ‘eaedemquae
678 3556 750 3609 sunt
770 3556 799 3607 et
820 3548 1079 3607 consonantiarum
1101 3551 1130 3606 in
1154 3549 1282 3610 humana
1297 3555 1417 3613 musica
1464 3557 1600 3634 Denique

251 3637 340 3695 etiam
370 3635 418 3693 hic
449 3637 577 3710 lalleris,
609 3636 689 3713 quod
721 3636 856 3711 quamvis
886 3632 960 3692 libro
983 3634 1037 3692 IV.
1069 3640 1271 3713 proportiones
1302 3639 1370 3700 illae
1401 3641 1597 3718 harmonicae,

250 3739 328 3798 quas
358 3723 474 3798 angulis
503 3724 650 3784 radiorum
684 3722 842 3783 conciliant
872 3719 1049 3792 efficaciam,
1080 3725 1198 3784 omnino
1229 3724 1419 3788 desumuntur
1450 3750 1468 3790 a
1496 3732 1599 3809 liguris

250 3810 362 3885 planis,
386 3827 444 3869 non
469 3820 565 3873 tamen
589 3816 652 3889 pari
675 3828 765 3889 passu
789 3809 1003 3886 proportiones,
1029 3827 1105 3885 quas
1127 3813 1202 3871 inter
1224 3813 1407 3890 planetarum
1429 3827 1529 3879 motus
1548 3823 1598 3879 in-

253 3898 331 3970 veni,
355 3896 506 3958 deaumtae
528 3909 596 3959 sunt
619 3918 638 3958 a
659 3899 759 3974 liguris
782 3895 904 3967 solidis3
933 3907 1033 3956 essent
1053 3901 1131 3956 enim
1153 3899 1229 3959 aliae
1259 3903 1323 3978 ipso
1348 3912 1413 3964 ortu
1437 3916 1465 3964 et
1488 3907 1599 3983 ligura-

250 3986 345 4055 tione,
376 4000 442 4043 cum
471 3984 572 4046 tanien
599 3988 736 4046 omnibus
766 3984 859 4043 tribus
882 3982 917 4051 3,
944 3982 969 4040 '4
991 3994 1021 4043 et
1045 3987 1063 4043 b
1087 3990 1288 4061 proportiones
1321 3990 1508 4053 harmonicae
1540 3999 1599 4055 sint

251 4070 372 4131 eaedem
394 4082 458 4131 ortu
483 4082 513 4133 et
535 4076 722 4144 formatione,
754 4074 810 4131 nisi
834 4067 913 4145 quod
942 4069 1003 4130 alia
1031 4071 1136 4132 deinde
1158 4076 1198 4133 sit
1227 4077 1361 4151 supellex
1392 4082 1600 4142 correinnoram

250 4160 282 4216 in
306 4160 343 4231 4,
377 4159 437 4219 alia
461 4163 489 4218 in
513 4164 531 4221 3
556 4172 586 4223 ct
609 4165 637 4221 b.
684 4161 783 4236 Atque
811 4158 857 4216 his
887 4157 991 4225 iisdem
1022 4162 1250 4221 correctionibus
1281 4168 1354 4224 meis
1384 4172 1533 4228 summarii
1556 4174 1600 4229 tni

250 4244 343 4304 multa
366 4248 484 4323 insuper
512 4249 577 4309 loca
599 4247 826 4323 comparationis
848 4252 932 4318 tuae,
964 4264 1041 4321 qnae
1070 4250 1203 4323 sequitur
1232 4268 1299 4326 pag.
1325 4254 1383 4327 38,
1416 4255 1511 4316 dilata
1533 4261 1598 4315 015.

250 4335 349 4395 stimo.
393 4334 468 4394 Nam
492 4353 558 4395 cum
581 4339 709 4414 epitoma
732 4343 800 4394 tuae
815 4332 985 4394 harmoniae
999 4334 1174 4407 mundanae,
1197 4346 1401 4415 praeterquam
1423 4342 1502 4418 quod
1518 4344 1600 4404 illam

251 4437 319 4480 curn
342 4420 474 4481 doctrina
497 4442 563 4483 mea
586 4425 769 4499 comparari,
792 4420 866 4481 nihil
889 4421 960 4480 mihi
984 4438 1068 4497 porro
1091 4432 1224 4499 superest
1246 4429 1365 4502 negotii.

340 4507 396 4566 Ad
418 4514 744 4586 comparationem
767 4517 831 4569 etc.
855 4522 934 4583 pag.
959 4503 1059 4587 38:⁵⁶)

339 4595 459 4657 Praeter
479 4599 541 4672 jam
565 4596 721 4676 dissipatas
743 4604 812 4656 tuas
834 4593 1038 4655 oblocutiones
1060 4597 1109 4656 hic
1131 4596 1219 4656 etiam
1241 4600 1501 4664 mrruadictionem
1525 4608 1597 4666 nihl

251 4684 421 4759 exprobras,
445 4684 524 4758 quod
548 4701 606 4743 uno
627 4687 695 4746 ioco
717 4685 784 4744 libri
807 4689 865 4744 mei
883 4688 937 4752 (iot.
955 4687 1000 4755 82)
1027 4701 1165 4744 recenseo
1179 4688 1356 4747 senentiam
1373 4689 1598 4769 Pythagoraeo.

249 4787 315 4829 rum
339 4769 375 4831 de
398 4772 603 4847 bcorporibus
625 4790 661 4833 ex
677 4772 791 4849 vulgari
807 4772 973 4847 traditione,
997 4771 1147 4831 alio·loco
1169 4776 1222 4842 (tol.
1244 4776 1304 4843 121)
1333 4776 1423 4839 dubia
1444 4796 1515 4840 usus
1530 4800 1600 4844 ora.
