3882 5862
432 426 495 488 414
897 419 1063 490 appendicia
1080 418 1304 476 Harmonicorum

430 598 559 660 Materia
592 596 799 659 declarationis
830 607 899 658 tuae
928 616 1090 677 sensusque
1118 608 1187 660 sunt
1217 601 1394 677 increpantis
1425 601 1544 677 potius,
1580 611 1613 661 ut
1639 603 1664 660 si
1691 618 1777 677 quem

430 688 517 765 juxta
543 694 573 746 te
596 687 801 746 consistentem
825 687 854 743 iu
877 686 1011 762 publico,
1043 705 1097 747 nce
1119 689 1241 748 verbum
1262 689 1473 768 proterentem,
1505 688 1603 748 vorbis
1624 689 1778 765 profligare

430 773 555 852 locoque
577 774 686 850 pellere
709 770 987 833 stomachabundus*
1004 777 1183 835 annitereris.
1228 775 1261 834 In
1284 773 1399 853 pulpito
1430 792 1477 835 me
1499 778 1689 834 constitutum
1710 778 1774 836 exi-

431 863 595 934 stimabam,
619 861 688 920 dum
710 876 784 937 opus
807 859 1017 921 Harmonicum
1039 863 1135 922 scribo
1158 865 1465 940 comparationemque
1489 864 1519 920 in
1539 863 1596 922 fine
1619 864 1775 938 subjungo,

429 959 462 1007 tu
485 967 552 1009 ecce
574 967 620 1008 me
643 946 681 1008 ad
703 964 816 1006 morum
839 965 990 1009 censuram
1014 967 1113 1011 rocas.
1157 949 1354 1010 Rcsdondcbo
1370 950 1506 1026 equidem
1522 949 1560 1008 ad
1576 950 1701 1026 objecta,
1725 949 1777 1008 sed

430 1036 466 1095 de
488 1035 617 1114 pulpito;
647 1034 719 1094 illud
746 1035 886 1096 honestas
916 1037 1060 1114 postulat,
1093 1037 1150 1095 boc
1171 1039 1307 1113 aequitas
1334 1040 1484 1113 permittit.
1530 1036 1639 1097 Censes
1667 1054 1777 1097 errores

432 1141 578 1200 quemque
600 1140 671 1183 suos
692 1139 750 1183 uon
773 1134 851 1183 recte
874 1123 1020 1184 obducere
1045 1123 1176 1183 colorum
1198 1125 1380 1185 diversorum
1403 1125 1597 1199 obscuritate3
1624 1125 1726 1203 duram
1748 1126 1777 1182 in

428 1211 489 1283 bis,
520 1213 571 1288 qui
592 1210 666 1270 talia
686 1209 810 1285 audent,
838 1213 975 1287 muscis
997 1212 1120 1271 frontem
1142 1220 1231 1288 atquc
1254 1212 1406 1272 audacem.
1450 1210 1613 1272 Laudabile
1642 1213 1776 1270 nimirum

430 1297 487 1357 hoe
515 1306 559 1358 est
586 1299 703 1357 initium
733 1314 872 1358 censurae
895 1308 979 1371 tuae,
1011 1307 1144 1375 promtus
1173 1315 1281 1359 annuo.
1327 1299 1420 1358 Facta
1448 1298 1496 1359 vel
1524 1302 1633 1377 scripta
1659 1302 1777 1376 propria

430 1402 521 1461 negas
544 1384 713 1445 extollenda
734 1403 786 1462 per
807 1385 982 1464 philantiam
1006 1403 1172 1462 vanamque
1194 1385 1333 1463 gloriam:
1358 1387 1515 1446 adsentior.
1561 1386 1644 1445 Vitia
1657 1386 1778 1462 publica

433 1489 498 1532 cum
528 1475 702 1533 auctoritato
731 1481 828 1531 mnas:
862 1470 998 1533 interest'
1012 1473 1147 1550 publice,
1181 1484 1215 1533 ut
1236 1483 1270 1534 to
1291 1490 1357 1533 cum
1385 1473 1527 1549 juventus
1549 1472 1683 1533 studiosa
1714 1482 1776 1531 tum

430 1561 584 1637 scriptores
615 1575 716 1620 omnes
743 1558 874 1620 audiant.
918 1559 1057 1636 Iniquum
1080 1578 1196 1634 censes,
1226 1578 1401 1637 quemquam
1428 1578 1460 1621 se
1482 1554 1802 1638 populo'renditarc,

429 1665 480 1723 per
509 1645 607 1707 laudis
636 1645 756 1707 alterius
787 1645 991 1707 detrimentum
1027 1645 1227 1723 honestaeque
1258 1649 1354 1708 lamae
1386 1647 1618 1725 depressionem,
1652 1664 1773 1723 opernm

428 1736 586 1811 praeconia
608 1750 727 1794 suorum
748 1749 800 1810 per
822 1733 946 1794 aliorum
969 1734 1090 1811 injurias
1113 1745 1143 1795 et
1165 1735 1292 1795 dedecus
1318 1752 1367 1795 ore
1382 1735 1491 1810 injusto
1506 1735 1694 1797 susscipere:
1717 1737 1776 1792 ini-

428 1824 600 1898 quissimum
642 1822 698 1882 boc
726 1821 845 1880 omnino
876 1831 905 1881 et
926 1825 1089 1901 praeceptis
1117 1823 1225 1881 divinis
1253 1823 1446 1900 humanisque
1473 1824 1657 1882 cannabum.
1704 1822 1777 1882 Non

427 1909 680 1986 praeripiendum
706 1909 865 1971 bolembeca
885 1910 1041 1983 iudicium
1069 1910 1106 1969 de
1133 1910 1218 1969 libris
1239 1910 1326 1969 editis
1353 1928 1375 1968 c
1403 1909 1654 1986 disceptantibus:
1687 1909 1776 1984 plane

428 2000 549 2073 inquam
578 1997 635 2057 boc
656 2006 757 2057 vetare
783 1997 895 2072 justum
924 2007 1116 2072 sanctumque
1144 2007 1197 2057 cst.
1241 1996 1399 2074 Scripsisse
1421 2006 1467 2069 te,
1502 1999 1560 2071 ais,
1594 1995 1774 2073 simpliciter,

428 2087 553 2158 sincere,
585 2084 716 2144 voluisse
743 2084 860 2163 placere
887 2082 1013 2162 populo:
1041 2084 1141 2145 laudo.
1184 2074 1285 2162 Negas
1312 2095 1342 2145 te
1365 2102 1532 2162 quenquam
1561 2083 1694 2144 clanculo
1726 2084 1773 2143 rel

429 2181 529 2248 aperte
553 2174 749 2251 vituperasse:
773 2178 927 2231 contentus
942 2188 1017 2233 snm.
1061 2170 1143 2231 nato
1165 2174 1311 2231 nemiuem
1323 2172 1467 2244 abiecisse,
1490 2171 1604 2231 nullum
1627 2174 1656 2229 in
1680 2188 1776 2248 quen-

427 2277 515 2336 quam
538 2259 669 2320 dicucule
690 2259 829 2338 probrum
852 2257 975 2333 dixisse,
1004 2258 1113 2317 nullius
1135 2259 1244 2318 tamam
1266 2259 1395 2319 invidiae
1416 2261 1593 2334 aeruginosa
1616 2258 1701 2317 dente
1725 2277 1775 2318 ar-

426 2349 548 2420 rosiase‚
592 2348 703 2423 cynicis
738 2347 868 2405 maribus
898 2346 1111 2422 calumniisque
1142 2346 1334 2406 abstinuisse:
1372 2355 1481 2418 macte,
1513 2345 1714 2405 chrisnanum
1743 2353 1773 2405 te

426 2442 574 2509 praestas,
602 2450 691 2510 perge
714 2436 772 2492 ital
817 2432 916 2510 Negas
938 2443 966 2493 tc
989 2451 1122 2493 sermone
1152 2437 1305 2493 temerario
1340 2451 1440 2492 usum:
1473 2420 1611 2511 magnum
1634 2442 1662 2493 te
1684 2451 1774 2509 prae·

429 2519 512 2593 dico,
542 2523 566 2578 si
589 2520 761 2596 hocusque
783 2536 900 2597 quaque
923 2521 1044 2595 cavisti,
1066 2536 1132 2579 rara
1154 2518 1288 2596 linguae,
1316 2537 1381 2579 rara
1404 2516 1514 2579 calami
1530 2520 1654 2579 felicitas
1677 2522 1775 2579 omni-

428 2609 541 2685 busque
564 2609 703 2667 encomiis
717 2606 922 2686 praedicanda.
968 2607 1067 2684 Atque
1080 2608 1158 2679 binc,
1182 2610 1234 2679 ais,
1258 2616 1286 2666 te
1307 2610 1503 2682 constituisse,
1526 2608 1775 2685 comparationem

427 2711 524 2755 meam
547 2694 687 2774 replicare
710 2694 903 2755 amaritudine
925 2698 1068 2773 seposita:
1103 2695 1181 2754 bona
1203 2711 1294 2754 carrea
1315 2694 1486 2772 impellens,
1513 2695 1655 2773 propositi
1680 2695 1774 2753 torma

428 2780 658 2859 speciosissima,
690 2798 741 2861 spe
770 2782 873 2861 plenus
903 2799 977 2842 sum.
1025 2780 1253 2845 animadvertis
1281 2800 1301 2841 c
1328 2800 1376 2841 me
1405 2782 1459 2840 tibi
1486 2782 1600 2855 objectu
1621 2783 1775 2842 nonnullo

429 2870 593 2945 subtiliter,
617 2871 752 2947 agnoscis
775 2878 871 2951 tamen
894 2887 1032 2929 socnam
1054 2873 1089 2928 in
1111 2872 1148 2928 iis
1179 2868 1403 2944 quodammodo
1423 2871 1573 2946 frontem:
1606 2886 1663 2929 non
1686 2869 1774 2943 male,

428 2965 462 3016 ut
482 2956 581 3031 video,
603 2975 699 3036 nequo
722 2965 753 3016 tu
777 2956 813 3016 de
835 2975 881 3016 me
903 2974 1013 3034 speras,
1036 2958 1093 3014 nisi
1115 2959 1140 3015 si
1164 2958 1194 3014 in
1209 2973 1282 3015 voce
1304 2957 1451 3015 subtiliter
1472 2956 1664 3016 subtilissima
1680 2956 1774 3017 latest

428 3027 617 3121 qudrimonia.
662 3046 726 3121 Ego
748 3044 834 3117 mihi,
857 3043 1097 3118 bobonensis
1120 3043 1212 3103 veluti
1235 3041 1418 3104 auditoribus
1442 3042 1478 3103 de
1500 3045 1615 3120 pulpito
1638 3061 1703 3103 sum
1725 3042 1773 3103 lo·

426 3141 511 3191 cutus
534 3130 571 3192 de
584 3131 756 3192 Ptolemaeo
779 3149 873 3208 aeque
895 3139 984 3207 atque
1007 3131 1044 3190 de
1064 3129 1204 3206 Roberto,
1228 3140 1370 3208 quantum
1392 3130 1430 3190 ad
1454 3130 1627 3190 crudiendos
1648 3129 1774 3190 lectores

426 3218 590 3279 conducero
625 3236 690 3277 sum
721 3221 894 3296 arbitratus,
926 3218 1091 3278 mbtilitute
1118 3236 1188 3278 usus
1216 3218 1284 3288 ills,
1318 3236 1395 3295 quac
1424 3218 1462 3277 ad
1486 3217 1675 3277 diuidendum
1697 3220 1773 3277 inter

426 3307 599 3383 scriptiones
628 3305 731 3366 alinea
757 3307 976 3383 requirebatur,
1005 3307 1141 3382 ignarus,
1171 3307 1311 3365 interesse
1333 3306 1494 3365 liebertum
1522 3307 1628 3382 ipsum.
1673 3298 1772 3379 Quare

426 3393 500 3453 nibil
522 3410 636 3467 eorum,
668 3410 744 3471 qnae
767 3393 803 3453 dc
825 3395 890 3469 ejus
913 3408 1000 3469 opere
1021 3394 1139 3469 scripsi,
1169 3400 1311 3469 tanquam
1340 3397 1460 3453 auctori
1481 3392 1628 3464 obiectum
1657 3394 1772 3468 scripsi.

427 3479 487 3539 Sed
509 3482 578 3556 quia
600 3482 728 3540 cooritur
748 3497 764 3540 e
786 3480 873 3540 turba
894 3474 1042 3541 Robertus
1063 3481 1126 3558 ipse
1149 3482 1334 3557 improvisus,
1358 3497 1485 3557 aequum
1505 3480 1641 3556 equidem
1655 3496 1771 3553 causeo,

428 3575 461 3627 ut
484 3575 512 3627 et
535 3571 598 3646 ipsa
630 3567 666 3627 do
688 3586 721 3629 ae
743 3568 880 3644 loquatur
902 3567 998 3646 deque
1027 3566 1102 3627 libro
1125 3585 1196 3642 suo;
1227 3569 1253 3626 si
1281 3567 1352 3644 quid
1375 3585 1431 3645 ogo
1459 3567 1534 3627 libro
1566 3567 1629 3642 ejus
1658 3576 1772 3643 praetor

426 3663 552 3715 mentem
582 3656 730 3733 scriptoris
760 3654 918 3732 adscripsi,
952 3653 1059 3725 diluat,
1094 3658 1269 3714 contrarium
1297 3663 1455 3726 monstret,
1491 3653 1627 3713 audiatur
1655 3657 1685 3715 in
1715 3654 1773 3713 boc

427 3742 527 3802 mundi
551 3742 679 3803 damno:
707 3745 817 3819 primus
839 3758 895 3817 ego
917 3744 975 3801 mei
993 3741 1098 3817 judicii
1128 3759 1216 3818 super
1236 3742 1302 3817 ejus
1324 3741 1399 3801 libro
1422 3758 1533 3803 errores
1564 3757 1721 3816 agnoscam
1744 3750 1773 3801 et

427 3830 559 3907 fatebor,
587 3831 612 3889 si
636 3846 688 3890 soa
715 3833 778 3906 ipsc
798 3829 870 3889 mibi
894 3828 1046 3889 detexerit.
1089 3828 1254 3903 domuere,
1285 3827 1426 3902 Roberta,
1461 3838 1558 3889 tecum
1578 3832 1614 3887 ia
1633 3845 1772 3889 menum

426 3918 560 3996 frorttem
581 3924 680 3996 potes,
702 3912 874 3994 retorquere
895 3933 956 3976 non
976 3925 1077 3994 potes,
1100 3918 1157 3973 nisi
1179 3919 1208 3974 in
1231 3916 1391 3977 ferientem.
1674 3960 1678 3977 .

515 4004 570 4065 ad
593 4003 779 4082 Analysiu
801 4004 826 4068 1.
870 4003 982 4064 Videor
1002 4010 1033 4063 te
1059 4019 1198 4064 accusare
1221 4005 1371 4076 inscitiae,
1405 4004 1525 4076 acriter,
1556 4002 1624 4063 boet
1647 4002 1772 4063 occulto.

424 4093 500 4155 'l'am
521 4092 579 4153 boc
599 4099 647 4153 est
667 4092 824 4165 occultum,
847 4091 987 4165 Robcrte,
1007 4098 1041 4149 ut
1056 4099 1118 4151 toto
1141 4090 1225 4151 coelo
1248 4108 1335 4151 erres.
1381 4090 1459 4166 Quid
1474 4093 1588 4150 intersit
1610 4092 1684 4149 iuter
1705 4100 1773 4149 tuas

424 4198 564 4257 measque
586 4180 767 4254 harmonias,
797 4179 925 4240 edissero
948 4176 1086 4249 fideliter,
1114 4177 1196 4239 nulla
1219 4180 1388 4239 circuitione
1411 4196 1492 4240 usus.
1535 4176 1616 4238 Nibil
1645 4185 1676 4236 te
1699 4180 1773 4238 inter

343 4266 345 4273 ’
424 4278 454 4328 et
474 4267 677 4331 Ptolemaeum
699 4268 873 4328 discriminis
895 4274 956 4341 est,
985 4266 1042 4324 nisi
1066 4264 1145 4342 qnod
1167 4274 1200 4325 tu
1223 4282 1357 4343 superes,
1389 4266 1439 4325 ille
1460 4283 1512 4325 nos
1535 4264 1700 4341 quindecim
1722 4282 1772 4323 sc·

424 4355 499 4416 culis
527 4358 692 4416 antecessit.
745 4353 812 4431 Quo
844 4356 963 4415 nominc
990 4353 1044 4413 tibi
1073 4353 1251 4431 parcendum
1273 4356 1466 4427 censuissem,
1499 4353 1573 4425 nisi,
1603 4354 1633 4410 in
1655 4349 1770 4430 pulpito

425 4446 614 4516 constitutus,
639 4441 778 4519 majorem
800 4442 948 4518 proiectus
970 4439 1150 4515 auditorum,
1175 4457 1263 4517 quam
1286 4442 1328 4499 tui
1351 4442 1495 4501 rationem
1516 4438 1696 4500 habuissem.

511 4530 564 4589 ad
588 4528 772 4607 Analysiu
797 4529 837 4588 Il.
881 4527 955 4588 dure
976 4534 1028 4588 tuo
1051 4531 1150 4601 utaris,
1173 4526 1254 4604 quod
1276 4544 1354 4605 vere,
1375 4526 1428 4587 scd
1451 4528 1670 4589 concursare
1692 4525 1771 4587 diota

423 4615 504 4699 (nam
526 4616 612 4696 plura
634 4616 670 4678 de
692 4618 751 4677 tuis
772 4615 955 4677 editionibus
968 4633 1026 4676 noa
1042 4612 1194 4691 noveram)
1217 4624 1249 4675 tu
1268 4614 1398 4691 explicas
1412 4614 1510 4674 latius.
1554 4612 1656 4673 Patior
1670 4616 1769 4685 etiam,

425 4716 459 4764 ut
479 4703 602 4765 accedat
623 4704 661 4763 ad
684 4706 917 4781 comparationes
940 4720 1022 4763 meas
1044 4705 1113 4781 ista,
1136 4701 1214 4779 quod
1236 4703 1340 4777 plures
1360 4719 1413 4777 epo
1435 4704 1470 4760 in
1490 4719 1556 4762 meo
1571 4719 1659 4775 opere
1672 4717 1771 4763 aanor

426 4792 625 4865 insumsorim,
658 4808 746 4868 quam
775 4800 806 4851 tu
836 4794 865 4849 in
889 4800 940 4850 tuo
967 4788 1176 4850 hebdomadas.
1221 4789 1301 4849 Nibil
1330 4798 1430 4848 tamen
1456 4788 1609 4864 adrogabo
1631 4790 1771 4864 temporis

425 4876 464 4937 ad
492 4879 658 4955 augendam
683 4878 823 4955 gloriam,
859 4895 915 4939 nec
939 4886 1052 4939 textum
1082 4878 1146 4954 ipse
1175 4894 1271 4937 meum
1306 4878 1479 4942 immeritum
1508 4874 1571 4958 (tol.
1602 4872 1677 4957 268)
1706 4874 1774 4935 ialai
