3940 5856
404 352 480 473 886.
884 378 1033 453 Ptolemaei
1051 367 1273 452 Harmonicorum

403 578 451 635 illo
469 592 520 634 suo
537 574 661 643 subiecto
679 571 841 641 definiatur,
868 585 958 640 nequa
985 569 1140 638 subiectum
1166 570 1201 624 ab
1227 566 1369 623 harmonia
1385 568 1569 625 essentialiter
1584 572 1757 645 informetur,

403 658 452 714 sed
470 663 578 713 tantum
593 650 803 709 accidentaliter.
819 650 900 720 ,Ego
918 649 1001 718 igitur
1018 647 1107 716 capite
1126 648 1148 700 l.
1167 646 1230 702 libri
1247 646 1300 701 mei
1317 646 1362 701 Is.
1380 647 1496 717 ostendi,
1523 647 1677 706 harmonias
1696 667 1758 708 esse

403 733 602 806 proportiones,
620 731 811 801 proportiones
828 744 892 783 uero
911 726 1088 783 assumentis
1107 724 1331 795 comparationes,
1350 732 1379 781 et
1396 724 1435 781 sic
1453 741 1501 781 eus
1520 728 1647 784 rationis:
1665 730 1758 801 itaque

337 810 343 819 ’
403 813 556 870 hmmouias
582 819 614 868 ut
629 808 787 867 hermoniae
804 809 831 863 in
850 807 940 863 anima
957 813 1132 876 comparante
1150 806 1254 873 inesse,
1278 806 1317 861 sic
1336 812 1367 860 ut
1384 806 1474 861 anima
1492 805 1600 863 sublata
1617 809 1759 866 harmonia

404 899 506 963 pereat.
541 884 655 946 Ostendi
672 889 800 958 emplius,
828 903 890 943 cum
909 885 1050 957 proportio
1068 884 1104 939 sit
1122 885 1157 938 ιη’
1172 884 1392 952 praedicamento
1410 884 1562 957 relationis,
1591 888 1659 943 duos
1676 889 1760 958 igitur

404 969 504 1040 requiri
521 970 649 1025 terminos
664 971 699 1026 ad
718 967 865 1038 quamlibet
882 966 1059 1031 harmoniam,
1078 963 1124 1032 qui
1143 963 1186 1017 vel
1204 970 1268 1019 sunt
1284 980 1328 1019 res
1347 965 1469 1035 sensiles,
1488 966 1587 1034 quibus
1606 968 1759 1025 continetur

404 1047 545 1104 harmonia
564 1048 680 1118 sensilis,
698 1047 742 1102 rel
758 1044 898 1113 mentales,
927 1044 1027 1112 quibus
1045 1040 1237 1096 intellectualis
1255 1048 1283 1096 et
1301 1043 1476 1113 archetypica
1493 1044 1633 1099 harmonia
1650 1062 1759 1118 reprae-

404 1135 537 1183 sentatur.
575 1125 671 1196 Capite
689 1126 712 1180 2.
732 1123 842 1194 respexi
859 1123 944 1190 magis
964 1121 998 1176 ad
1017 1136 1098 1175 uoces
1115 1120 1164 1174 ris
1183 1136 1232 1175 seu
1258 1121 1431 1179 facultas.
1458 1138 1599 1191 enarrans,
1627 1142 1759 1194 quaenam

405 1213 433 1260 et
451 1211 519 1272 quot
537 1203 591 1259 sint
609 1203 754 1260 facultates
773 1203 878 1258 animae
897 1200 997 1271 agendi
1013 1199 1056 1255 rel
1074 1190 1196 1269 patiendi
1213 1200 1362 1255 secundum
1380 1200 1543 1256 harmonias.
1573 1203 1698 1271 Denique
1715 1220 1759 1259 ca-

404 1285 461 1354 pite
479 1286 503 1339 3.
523 1281 658 1352 quaesivi,
685 1280 784 1352 quihus
810 1282 839 1336 in
856 1281 938 1336 rebus
957 1293 1102 1348 expressae
1121 1276 1176 1331 sint
1192 1276 1276 1331 totius
1294 1278 1413 1333 universi
1431 1278 1590 1335 harmoniae
1608 1296 1657 1337 seu
1674 1298 1759 1352 quan·

404 1364 497 1418 titatm
515 1368 595 1430 aptae
613 1359 648 1415 ad
666 1358 872 1416 constituendos
889 1357 1020 1413 terminos
1039 1356 1256 1439 propositionum
1273 1357 1499 1413 harmoniearum.

492 1456 642 1525 Postquam
667 1456 751 1526 igitur
775 1455 844 1512 libro
872 1470 933 1510 meo
951 1454 997 1508 IV.
1015 1453 1043 1508 in
1070 1453 1144 1509 hunc
1171 1455 1282 1510 modum
1300 1455 1335 1511 ad
1361 1455 1758 1524 quaestionarias-Ptolemaeo

405 1536 574 1606 propositam
592 1550 626 1588 ex
643 1536 754 1604 propria
771 1535 823 1589 mei
843 1533 924 1591 animi
942 1534 1077 1588 sententia
1093 1534 1238 1603 respondi,
1267 1535 1392 1589 nimirum
1419 1534 1530 1602 etquid
1554 1535 1589 1588 sit
1608 1544 1759 1606 utrumque,

405 1621 461 1669 tam
479 1613 618 1684 proportio
637 1612 805 1676 harmonica,
834 1629 913 1682 quam
932 1611 1048 1667 facultas
1066 1610 1236 1683 harmonica,
1260 1619 1288 1667 et
1305 1629 1438 1681 quaenam
1456 1627 1500 1669 res
1519 1626 1580 1667 esse
1597 1613 1704 1682 possint
1722 1614 1758 1669 al-

406 1692 536 1748 terutrius
554 1691 715 1760 participes:
733 1689 796 1760 ,jam
813 1691 896 1746 etiam
912 1688 1063 1745 Ptolemaei
1090 1689 1272 1745 resolutiones
1301 1691 1472 1755 examinabo,
1498 1691 1648 1760 inquibus
1667 1692 1759 1760 alique

405 1772 579 1835 inveniuntur
597 1770 664 1826 meis
681 1771 904 1841 responsionibus
928 1774 1123 1838 consentanea,
1142 1784 1196 1823 non
1214 1785 1302 1837 pauca
1319 1770 1353 1824 ab
1371 1770 1405 1825 iis
1424 1770 1543 1838 diversa,
1562 1784 1632 1837 qnae
1650 1771 1694 1825 rel
1712 1787 1757 1825 ex·

407 1851 555 1925 plicatione
572 1848 615 1903 val
633 1848 802 1905 correctione
818 1849 949 1918 indigent,
968 1846 1119 1915 ueletiam,
1137 1855 1168 1901 ut
1186 1848 1293 1903 ueritati
1305 1848 1484 1915 adversantia,
1504 1847 1631 1918 redargui
1649 1850 1758 1905 debent.

493 1946 567 2001 Nota
583 1944 617 2013 Il.
653 1944 732 2013 Quod
749 1945 803 2001 rim
822 1944 919 1999 attinet
936 1942 1144 2011 vocabulorum,
1163 1959 1216 1999 uox
1233 1950 1357 2000 natura
1373 1945 1571 2001 harmonica
1589 1961 1639 2001 seu
1657 1943 1760 2001 facul·

408 2032 463 2080 tas
488 2022 696 2079 harmonica
713 2023 800 2093 magis
818 2023 931 2077 inclinat
948 2020 983 2076 ad
1002 2020 1166 2075 efficientem
1193 2021 1407 2093 harmoniarum,
1435 2032 1463 2080 et
1480 2042 1532 2079 uox
1548 2047 1578 2079 ιο
1596 2026 1762 2095 inserueras

408 2102 494 2173 magis
512 2100 547 2157 ad
565 2101 717 2171 subjectum
735 2101 898 2157 harmonicis
916 2099 1137 2170 proportionibus
1155 2109 1322 2156 exornatum.
1340 2102 1461 2172 Utraque
1479 2120 1553 2174 uero,
1570 2110 1627 2159 tam
1645 2102 1762 2157 facultas

407 2179 564 2236 harmonice
591 2194 672 2248 quam
700 2179 854 2249 subjectum
882 2179 992 2247 aliquod
1017 2177 1173 2233 harmonice
1192 2186 1441 2249 contemperatum,
1468 2181 1549 2251 plura
1565 2180 1762 2250 complectitur,

410 2277 491 2331 quam
507 2274 596 2314 meras
614 2258 783 2327 hermonim,
802 2257 1005 2315 scilicet'etiem
1024 2255 1078 2311 alia
1095 2256 1239 2312 interualla
1256 2257 1289 2312 ab
1308 2258 1457 2314 harmoniis
1476 2259 1671 2328 dependentia,
1691 2273 1763 2328 quae

409 2338 568 2411 generaliori
586 2352 651 2393 soce
668 2339 836 2397 concinna
854 2337 989 2393 dicuntur.
1014 2336 1074 2391 Hoc
1091 2334 1174 2403 igitur
1192 2334 1258 2391 dicit
1274 2336 1459 2402 Ptolemaeus,
1477 2339 1568 2392 omnia
1585 2353 1639 2391 non
1657 2342 1764 2391 tantum

409 2434 537 2488 consona,
556 2416 604 2473 sed
623 2417 705 2471 etiam
722 2416 862 2485 concinna,
882 2415 981 2485 quibus
1000 2422 1108 2470 constat
1125 2414 1246 2469 musicus
1264 2423 1369 2485 cantus,
1388 2416 1490 2471 habere
1509 2433 1573 2471 suas
1592 2423 1681 2471 certas
1699 2432 1763 2485 pro·

410 2497 562 2568 portiones:
590 2502 674 2564 atque
692 2493 720 2549 id
737 2509 792 2549 non
810 2502 917 2549 tantum
933 2502 1028 2565 patere
1046 2510 1081 2548 err
1100 2493 1330 2550 demonstratione
1349 2494 1467 2550 deducta
1494 2510 1528 2550 er
1545 2494 1763 2565 praesuppositis

409 2575 603 2647 prohabihhus,
621 2573 670 2630 sed
687 2572 770 2629 etim
787 2589 822 2629 ex
839 2574 960 2629 secdone
972 2573 1102 2630 canomca
1114 2588 1163 2628 seu
1180 2574 1300 2643 regulari
1317 2572 1493 2629 monochordi
1511 2573 1595 2628 etsie
1613 2589 1647 2628 ex
1660 2572 1764 2631 auditu.

411 2658 440 2715 Si
458 2658 529 2712 enim
547 2655 650 2712 chorda
666 2654 749 2710 fuerit
766 2661 842 2710 secta
859 2654 930 2712 sicut
947 2654 1006 2711 uult
1023 2653 1235 2722 demonstratio,
1262 2660 1328 2709 tunc
1344 2658 1437 2722 partes
1455 2651 1573 2708 chordae
1591 2658 1683 2708 sectae
1696 2666 1764 2735 con·

410 2750 516 2805 souare,
530 2733 624 2803 iudice
642 2733 746 2790 auditu,

498 2831 573 2887 Nota
590 2830 638 2886 Ill.
675 2828 877 2885 Probabilis
904 2829 1085 2900 supposita
1112 2826 1177 2882 dicit
1199 2825 1263 2894 illa,
1290 2828 1364 2897 quod
1382 2830 1511 2889 assumsit
1526 2831 1555 2887 in
1578 2829 1666 2900 primo
1683 2827 1762 2894 libro,

410 2911 473 2967 illus
491 2909 608 2966 chordas
626 2924 785 2979 consonare,
804 2925 874 2977 quas
886 2908 1098 2965 determinentur
1109 2907 1236 2974 numeris,
1257 2914 1285 2962 et
1295 2907 1388 2977 primis
1402 2909 1546 2979 speciebus
1557 2909 1764 2979 proportionum

360 3054 365 3061 „
411 2986 607 3052 numeralium,
625 2987 729 3043 scilicet
745 2988 907 3059 multiplici,
925 2987 1166 3058 superparticulari
1184 2993 1212 3041 et
1230 2989 1455 3056 superpartiente.
1490 2990 1528 3043 At
1547 3002 1597 3054 ego
1615 2986 1683 3041 haec
1701 2992 1765 3056 sup·

411 3068 503 3138 posita
518 3066 635 3123 refutari
652 3067 720 3123 hbro
738 3066 792 3122 mei
810 3067 899 3136 operis
918 3067 1008 3133 tertio,
1027 3075 1055 3121 et
1073 3070 1169 3122 contra
1185 3066 1287 3136 protuli
1306 3066 1359 3120 alia
1377 3067 1520 3136 supposita
1536 3063 1695 3134 probabilia,
1713 3066 1764 3119 sci-

411 3145 476 3201 licet
492 3144 553 3200 illas
571 3145 699 3216 chordas,
727 3160 798 3213 quae
817 3160 847 3199 se
865 3144 967 3200 habent
983 3151 1014 3199 ut
1031 3151 1124 3214 partes
1143 3143 1250 3212 circuli,
1269 3160 1318 3214 per
1334 3144 1449 3215 figuram
1468 3142 1708 3199 demonstrabilem
1727 3144 1766 3198 di·

411 3224 469 3280 visi.
505 3223 582 3294 Quae
598 3224 681 3293 igitur
706 3224 751 3279 hic
767 3224 942 3281 Ptolemaeus
960 3223 993 3279 de
1020 3222 1185 3280 sectionibus
1212 3224 1268 3278 suis
1296 3224 1432 3279 canonicis
1460 3222 1616 3293 semiplenis
1640 3221 1767 3290 affirmet,

344 3352 348 3373 ,
413 3301 508 3357 eadem
536 3317 587 3371 ego
606 3308 634 3356 et
651 3301 736 3358 multo
754 3304 855 3358 rectius
873 3302 907 3359 de
925 3316 986 3358 mea
1003 3301 1150 3373 septuplioi
1167 3303 1288 3359 sectione
1310 3316 1422 3372 possum
1441 3302 1591 3369 affirmare,
1618 3301 1683 3369 quia
1700 3299 1765 3354 mihi

413 3379 542 3436 instantia
559 3379 636 3435 nulla
652 3385 744 3451 potest
760 3379 861 3438 efferri.

501 3489 689 3567 Consequens
714 3499 887 3569 astantem,
911 3499 943 3553 ut
962 3494 1069 3569 siquis
1091 3493 1149 3552 ista
1172 3491 1399 3552 consideraverit
1420 3498 1542 3566 attente,
1567 3494 1666 3553 subm
1690 3491 1715 3549 is
1737 3490 1767 3547 iu

377 3614 382 3621 ·
417 3575 639 3639 admirationem
660 3568 749 3640 merit
769 3589 884 3659 raptus,
918 3581 944 3640 si
967 3581 1142 3658 cujusquam
1164 3597 1200 3639 ex
1222 3580 1310 3639 rebus
1333 3580 1550 3657 pulcherrimis,
1582 3586 1659 3639 certe
1682 3594 1766 3637 cum·

416 3668 517 3742 primis
540 3667 630 3727 etiam
651 3666 740 3744 hujus
762 3667 947 3729 harmonicae
969 3666 1133 3728 facultatis:
1156 3669 1265 3745 quippe
1280 3684 1369 3743 quam
1393 3666 1584 3745 deprehendit
1605 3668 1694 3741 louge
1716 3681 1766 3724 ra-

413 3753 637 3814 tionalissimam
659 3751 721 3836 W),
756 3757 952 3817 invenientem
981 3765 1010 3814 et
1033 3757 1257 3815 constituentem
1290 3757 1452 3831 specierum
1473 3756 1657 3834 propriarum
1680 3751 1766 3813 otue-

414 3844 524 3903 rentias
557 3859 646 3919 quam
679 3844 897 3904 accuratissime
911 3839 958 3922 v):
990 3858 1049 3918 quo
1073 3841 1237 3915 intellecto,
1268 3841 1360 3901 veluti
1392 3841 1485 3902 divini
1509 3843 1644 3902 incensus
1668 3855 1767 3900 amore

414 3932 594 4008 concupiscit
615 3932 720 3990 intueri
744 3938 773 3990 et
795 3928 919 3993 lusmare
940 3946 1034 4006 genus
1056 3927 1129 3988 iilud
1150 3947 1254 4002 rerum,
1277 3930 1332 3988 sub
1363 3929 1440 4005 qnod
1463 3929 1668 3990 facultas'ista
1689 3928 1766 3987 refe-

413 4026 502 4091 ratur,
526 4024 556 4078 et
577 4035 647 4077 num
663 4035 723 4095 qua
737 4020 796 4076 siut
818 4017 877 4078 alla
899 4019 929 4075 in
951 4017 1008 4077 hoc
1024 4018 1221 4077 universitatis
1238 4016 1349 4076 ambitu
1371 4019 1530 4095 cognitioni
1553 4024 1670 4087 nostrae
1692 4015 1765 4074 sub-

410 4105 508 4181 iecta,
532 4106 639 4181 quibus
662 4105 714 4165 ille
736 4121 867 4166 connexa
889 4106 930 4165 sit
950 4112 1039 4180 atque
1063 4112 1189 4182 cognata
1211 4100 1264 4182 VI).

500 4223 573 4279 Nota
589 4222 638 4278 1v.
674 4224 892 4280 Facultatem
917 4222 1154 4278 harmonicam
1172 4221 1211 4277 ait
1237 4220 1560 4277 rationalissimam.
1603 4217 1656 4273 Hic
1683 4214 1766 4271 mani·

414 4301 485 4357 feste
503 4300 626 4372 disputat
644 4300 679 4356 de
696 4301 826 4358 facultate
844 4301 957 4369 animae,
976 4310 1007 4357 ut
1026 4301 1070 4357 cul
1081 4300 1222 4371 rationem,
1241 4300 1422 4354 hueurionem
1441 4297 1699 4366 dispositionemque
1718 4308 1766 4348 seu

414 4379 635 4436 constitutionem
653 4380 755 4436 tribuit
791 4382 836 4437 Sic
853 4390 944 4437 tamen
962 4397 992 4435 se
1011 4387 1166 4450 comparat,
1192 4396 1224 4435 ac
1243 4381 1265 4436 si
1284 4380 1441 4449 loqueretur
1459 4377 1492 4431 de
1510 4391 1541 4431 re
1558 4376 1649 4445 aliqua
1666 4389 1717 4444 per
1735 4388 1765 4428 se

414 4460 590 4528 subsistente,
607 4459 721 4516 rationis
732 4469 865 4530 compote,
883 4474 1017 4530 suspensa
1031 4460 1089 4528 jam
1100 4457 1148 4513 illa
1160 4459 1327 4527 quaestione,
1345 4455 1416 4509 sitne
1428 4453 1475 4510 illa
1492 4455 1564 4510 idem
1577 4453 1650 4523 quod
1668 4452 1765 4520 anima,
1827 4514 1832 4531 1

414 4554 450 4594 an
469 4537 543 4595 aliud
560 4537 664 4608 aliquid
681 4545 790 4607 practer
807 4540 923 4594 animam
950 4545 979 4593 ct
996 4539 1101 4593 ratione
1118 4552 1175 4590 rem
1193 4539 1228 4592 ab
1247 4552 1280 4591 ea
1298 4533 1459 4590 distinctam.
1496 4533 1534 4588 Et
1551 4546 1601 4588 nos
1619 4547 1678 4600 cap.
1695 4531 1720 4586 2.
1738 4536 1767 4584 et

414 4618 440 4675 7.
458 4616 523 4674 libri
540 4617 587 4672 1v.
606 4622 635 4672 ct
650 4614 680 4672 in
706 4616 813 4686 epilogo
831 4617 893 4673 libri
910 4617 943 4671 V.
962 4616 1095 4684 diximus,
1122 4615 1195 4669 illam
1214 4630 1275 4669 esse
1303 4620 1331 4667 et
1348 4612 1422 4681 ipsas
1441 4610 1545 4667 animas
1561 4612 1712 4677 humanas,
1739 4614 1768 4661 et

414 4697 531 4753 animam
547 4694 629 4752 alim
644 4704 755 4766 praeter
770 4694 920 4764 humanas,
947 4693 1088 4751 sublunari
1104 4694 1204 4749 mundo
1231 4691 1398 4762 praefectam
1415 4695 1444 4745 et
1461 4688 1578 4745 animam
1595 4688 1647 4743 toti
1664 4685 1766 4742 mundo

413 4776 589 4848 praefectam,
607 4777 686 4847 eujus
702 4776 733 4832 in
751 4773 813 4833 Sole
830 4777 919 4847 sedes,
938 4780 969 4832 ut
981 4780 1029 4831 ‘est
1044 4773 1179 4830 homnae
1196 4774 1302 4829 animae
1318 4772 1347 4828 in
1365 4769 1455 4842 corda,
1472 4776 1502 4827 et
1518 4767 1636 4839 denique
1653 4766 1767 4823 Deum

301 4864 306 4879 ’
414 4854 547 4927 ipsum.
