3872 5846
724 403 807 460 Libor
824 405 868 460 tv.
888 404 978 474 Caput
994 402 1054 461 vti
1402 409 1413 416 ‘
1499 396 1562 458 265

216 579 361 653 ιιιιιιιιιιιι,
394 582 484 654 atque
506 575 545 636 ad
567 594 604 637 ca
626 589 822 658 consequatur
848 584 949 661 aliqua
976 582 1120 660 generalis
1149 583 1211 640 nati
1237 577 1409 649 infelicitas,
1441 582 1473 634 ut
1494 574 1564 634 hinc

215 675 316 725 uatum
339 668 378 725 sit
400 666 604 741 proverbium:
625 670 715 728 natio
736 671 895 731 calamitas
916 673 997 746 solo,
1020 673 1102 732 Deus
1125 686 1194 729 vero
1217 669 1295 728 hunc
1316 674 1438 726 naturae
1459 662 1564 721 invisi-

217 754 319 813 bilium
342 770 458 813 cursum
481 769 540 812 non
561 753 730 830 frequenter
750 758 909 836 impediat,
940 762 1012 835 quia
1032 759 1204 837 plerumque
1226 757 1314 815 etiam
1337 771 1373 813 ex
1395 750 1446 809 illo
1469 752 1565 826 impe·

216 840 344 900 dimsuto
368 840 478 900 tutelae
508 842 578 898 boui
600 842 713 918 aliquid
735 862 890 922 procurare
911 844 1011 919 norit,
1041 845 1121 922 quod
1143 842 1332 923 periclitanti,
1363 842 1387 898 si
1411 841 1435 897 is
1456 837 1565 915 placet,

217 929 294 987 bono
318 927 419 1000 cedat,
442 930 486 986 sin
511 925 661 1005 displicet,
691 930 791 1006 justae
814 933 963 993 vindictae
984 935 1104 993 modum
1127 931 1257 1008 impleat
1302 928 1380 989 Sane
1408 927 1433 984 si
1456 925 1564 984 malum

215 1017 371 1075 immineas
395 1031 454 1073 non
476 1024 575 1090 potest
597 1019 737 1094 impedire
759 1021 882 1096 angelus
905 1029 1021 1094 custos,
1051 1028 1151 1080 monet
1178 1017 1282 1078 saltem
1312 1014 1433 1075 occultis
1461 1012 1565 1089 modis,

217 1115 249 1161 ιιι
272 1106 448 1178 imparatum
470 1105 563 1180 perire
579 1121 639 1162 aon
653 1108 731 1164 sinat
746 1107 889 1168 clientem.
934 1108 1043 1184 Qualia
1058 1109 1211 1187 praesagia
1229 1106 1462 1176 monitionesqus
1478 1101 1566 1160 etiam

216 1193 331 1249 ruinam
353 1190 436 1248 illam
459 1193 567 1248 montis
590 1210 731 1267 nuperum
754 1197 783 1252 in
806 1195 908 1256 Rhetis
931 1201 1161 1281 praecesserunt.
1191 1198 1291 1264 (comp
1310 1197 1330 1247 Ι
1352 1193 1428 1260 tto.)

302 1277 349 1337 Sit
372 1279 460 1352 igitur
482 1277 538 1335 hoc
561 1283 677 1338 tertium
699 1282 833 1342 inmunes
856 1284 981 1343 hominis
1003 1271 1223 1342 fundamentum
1242 1277 1347 1336 saltem
1361 1273 1565 1352 conjecturale,

216 1363 290 1422 nihil
312 1364 389 1424 enim
413 1363 534 1424 affirmo.
578 1365 773 1428 Redeundum
795 1387 872 1430 nunc
894 1372 979 1431 nobis
1002 1379 1047 1431 cst
1074 1369 1112 1430 ad
1136 1365 1398 1429 considerationem
1421 1363 1567 1423 essentiae

216 1451 365 1529 111θῦ118118
388 1455 504 1512 811111ὶὸ6
528 1454 636 1516 vitalis.
683 1454 791 1531 Quaeri
813 1474 841 1515 n.
865 1468 974 1535 potest,
1005 1458 1030 1518 si
1053 1459 1203 1518 character
1225 1452 1299 1514 coeli
1329 1455 1358 1510 in
1381 1459 1490 1528 puncto
1514 1448 1567 1507 de-

217 1557 296 1598 mum
325 1541 492 1599 nativitatis
519 1540 632 1616 influit,
663 1560 701 1600 an
729 1547 817 1619 igitur
844 1545 940 1605 foetus
971 1549 1000 1604 in
1022 1554 1107 1622 partu
1139 1544 1256 1603 demum
1278 1541 1425 1616 concipiat
1452 1539 1568 1598 animae

218 1628 339 1686 vitalem
368 1626 538 1685 facultatem
567 1638 597 1687 et
625 1640 721 1689 uuum
753 1649 819 1691 eum
850 1641 918 1693 aute
946 1641 1061 1710 partum
1089 1633 1245 1690 inanimem
1274 1626 1391 1686 dicam?
1441 1623 1568 1685 Omnino

216 1718 363 1791 propriam
393 1716 514 1774 vitalem
541 1720 736 1793 energeticam
764 1719 932 1779 facultatem
959 1730 1028 1780 tunc
1052 1719 1166 1780 demum
1191 1726 1258 1777 actu
1290 1714 1431 1790 concipit,
1461 1729 1568 1772 cuma

217 1813 310 1861 matre
338 1814 506 1877 separatum
539 1813 628 1863 antea
657 1817 806 1866 maternae
839 1806 1006 1868 flammulae
1037 1809 1136 1867 vitalis
1165 1804 1256 1864 radiis
1286 1802 1487 1861 illustrabatur
1516 1815 1569 1875 per

219 1907 324 1949 vanam
346 1898 376 1950 ct
398 1893 535 1949 arteriam
558 1892 756 1968 umbilicales,
787 1911 863 1970 quae
886 1897 993 1953 arteria
1014 1898 1044 1953 in
1067 1912 1116 1955 cor
1137 1894 1233 1952 foetas
1257 1891 1407 1961 inseritur,
1431 1894 1568 1962 separato

218 1988 317 2037 meatu
340 1978 377 2035 ab
401 1981 436 2035 iis
460 1976 585 2052 duobus,
609 1982 717 2055 quibus
740 1991 844 2058 postea
864 1986 1011 2059 propriam
1034 1985 1113 2042 vitas
1127 1981 1275 2041 flammam
1291 1977 1374 2036 alens
1399 1978 1478 2034 intus
1501 1972 1570 2032 hinc

217 2068 389 2140 sauguinem
420 2063 487 2123 iuda
516 2070 613 2126 adrem
645 2085 680 2127 ex
710 2070 898 2146 pulmonibus
931 2069 1045 2141 haurit,
1076 2071 1128 2146 qni
1156 2071 1309 2143 separatus
1338 2062 1433 2123 cordis
1456 2068 1569 2121 rneatus
1601 2104 1607 2113 ι

220 2170 285 2212 cum
307 2153 400 2227 primo
426 2153 505 2210 vitae
529 2152 576 2213 die
599 2155 734 2214 concidat
756 2159 932 2235 penitusque
956 2165 1123 2230 evanescat,
1146 2163 1180 2214 nt
1194 2153 1266 2213 milri
1280 2152 1395 2228 Pragae
1417 2153 1447 2207 in
1468 2147 1571 2208 sucula

218 2256 320 2298 reeens
343 2240 423 2297 edita
446 2245 620 2299 monstravit
642 2240 788 2320 Georgius
811 2243 965 2317 Horstius,
990 2244 1117 2303 Hassias
1141 2241 1321 2318 landgravii
1343 2237 1491 2309 medicus,
1514 2252 1571 2295 na-

224 2341 306 2385 turae
320 2329 410 2385 totius
426 2326 722 2428 consultissimus,¹⁸)
745 2331 812 2390 hinc
828 2334 915 2407 igitur
930 2339 1102 2407 argumenta
1117 2330 1200 2404 duco,
1225 2345 1274 2388 cor
1296 2328 1408 2397 foetus,
1436 2323 1504 2382 dum
1526 2332 1572 2383 cst

224 2416 253 2472 iu
278 2424 369 2487 utero,
393 2430 451 2472 nou
473 2417 570 2474 minus
594 2417 644 2475 illo
667 2428 748 2477 motu
770 2418 896 2497 systolen
919 2426 948 2478 et
972 2418 1126 2492 diastoles,
1150 2435 1238 2494 quam
1261 2415 1450 2491 respiratione
1475 2427 1572 2470 carere

227 2518 320 2576 coque
343 2503 423 2561 vitae
445 2505 581 2578 propriae
604 2504 750 2564 flammam
773 2509 801 2563 in
826 2524 861 2566 eo
883 2506 1013 2565 nondum
1035 2508 1184 2567 incensam
1207 2521 1280 2564 esse.
1327 2502 1419 2559 litut
1440 2499 1572 2557 insistam
1632 2563 1636 2575 ι

226 2589 381 2664 analogiae
404 2588 563 2651 fidissimae
585 2591 703 2661 firmins,
727 2595 768 2652 uti
792 2608 828 2652 se
847 2593 937 2654 babet
951 2594 1047 2653 fumus
1063 2596 1133 2653 tecti
1148 2593 1248 2668 lignei,
1265 2596 1391 2667 propter
1406 2584 1572 2647 incendium

224 2678 303 2749 tosti,
327 2675 365 2734 ad
389 2676 544 2751 flammam,
568 2696 644 2754 quae
667 2680 738 2738 illud
762 2683 859 2740 subito
883 2684 1008 2758 corripit,
1031 2684 1073 2740 ita
1088 2699 1120 2741 se
1136 2681 1226 2739 habet
1245 2687 1274 2737 ct
1289 2676 1329 2748 id,
1353 2675 1432 2751 quod
1449 2678 1477 2732 in
1493 2674 1573 2734 foetu

223 2762 382 2841 praecedit,
407 2764 445 2821 ad
463 2764 581 2824 vitalem
604 2766 781 2839 facultatem,
806 2769 843 2827 ab
866 2771 930 2845 ipso
951 2777 1036 2843 partu
1059 2775 1110 2826 ant
1131 2766 1221 2844 paulo
1243 2772 1331 2824 antea
1353 2764 1509 2822 incensam.

312 2851 344 2906 ln
377 2851 433 2909 hac
463 2854 550 2927 igitur
577 2855 716 2913 facultate
745 2855 871 2914 hominis
894 2855 994 2927 rituli,
1024 2858 1066 2914 sic
1090 2858 1208 2914 incensa
1237 2855 1266 2909 in
1289 2856 1388 2928 partu,
1418 2849 1573 2926 praecipue

227 2937 337 2998 relucet
363 2937 435 2995 illud
464 2941 556 2999 instar
585 2944 759 3014 memoriae,
791 2942 869 3017 quod
901 2960 989 3019 snpra
1014 2946 1102 3001 etiam
1130 2944 1161 2998 in
1186 2943 1284 3001 aalma
1305 2937 1413 2996 'lemae
1445 2935 1573 3007 ostendi,

225 3042 292 3085 cum
314 3035 397 3084 tanta
420 3027 459 3084 sit
481 3030 646 3087 constantia
669 3030 842 3087 characteris
866 3029 1002 3089 coelestis
1029 3031 1216 3111 omniumque
1239 3026 1376 3085 thematis
1398 3022 1573 3099 genethliaci

224 3116 360 3189 partium,
392 3121 474 3173 tanta
497 3114 671 3175 durabilitas
694 3117 758 3192 ejus
781 3120 809 3173 in
833 3120 995 3184 animant
1018 3125 1085 3175 ante
1108 3118 1188 3175 vitas
1210 3113 1297 3173 finem
1320 3128 1377 3170 non
1403 3110 1573 3186 deponatur,

225 3218 292 3259 cum
315 3201 353 3258 ad
377 3216 478 3260 omnes
509 3202 691 3277 planetarum
720 3207 859 3262 transitus
889 3221 940 3281 per
961 3204 1028 3264 loca
1058 3204 1194 3263 thematis
1220 3200 1383 3300 praecipua.
1405 3215 1470 3258 sese
1493 3214 1575 3256 com·

226 3302 344 3346 moveat
373 3288 445 3347 haec
474 3287 617 3363 facultas,
640 3291 760 3367 perinde
791 3308 826 3349 ac
857 3293 881 3349 si
914 3292 980 3350 loca
1011 3291 1063 3351 iila
1090 3308 1146 3350 non
1177 3297 1275 3350 essent
1296 3287 1438 3372 imagines
1469 3284 1574 3356 nudae,

226 3378 397 3450 superstites
421 3378 449 3431 in
474 3378 591 3443 anima
622 3394 716 3436 rernm
740 3396 816 3453 qaas
839 3378 949 3437 dudum
973 3381 1164 3452 transierunt,
1197 3376 1248 3436 sed
1270 3392 1342 3434 vera
1363 3360 1461 3432 sidera
1482 3380 1510 3430 et
1532 3373 1576 3430 sic

227 3481 285 3521 nou
307 3480 398 3534 unus,
428 3464 481 3520 sed
503 3462 576 3537 duo,
609 3467 689 3523 uerbi
714 3483 821 3536 causa,
848 3465 964 3525 Soles
956 3484 986 3523 m
1009 3466 1093 3525 coelo
1116 3473 1213 3525 essem
1242 3466 1329 3539 inque
1351 3478 1441 3518 unum
1464 3461 1575 3519 coirent

228 3567 323 3625 coque
347 3553 426 3608 coitu
448 3559 554 3609 natura
581 3551 730 3611 facultatis
762 3553 860 3612 vitalis
882 3553 971 3612 modo
1001 3553 1168 3630 supradicto
1191 3557 1430 3611 commoveretur.
1476 3547 1575 3605 Testi-

229 3641 360 3697 monium
382 3637 471 3711 hajus
493 3641 535 3696 rai
565 3637 758 3698 clarissimum
787 3643 925 3716 omnique
954 3644 1126 3719 exceptione
1147 3641 1244 3715 majus
1274 3645 1319 3697 est
1349 3639 1378 3693 in
1401 3636 1576 3709 cognatione

228 3741 391 3800 geneseos,
416 3729 473 3782 suh
497 3726 603 3800 quibus
628 3738 761 3807 parentes
791 3738 821 3786 ct
843 3730 898 3786 sub
922 3731 1029 3804 quibus
1052 3746 1151 3787 eorum
1174 3728 1257 3785 libori
1289 3731 1456 3782 nascantur
1503 3720 1575 3780 Cum

229 3814 307 3871 euim
328 3816 425 3869 foetus
456 3821 500 3870 est
522 3816 706 3889 maturus,
693 3813 817 3873 facultas
846 3817 962 3874 animae
990 3816 1139 3873 formatrix
1169 3822 1199 3873 et
1220 3812 1401 3889 generationi
1431 3809 1577 3885 praefecta

230 3910 300 3957 tunc
321 3876 507 3975 potissimum
530 3916 562 3957 se
586 3905 712 3977 accingit
735 3900 773 3959 ad
796 3901 1008 3962 extrudendum
1032 3904 1139 3961 foetum
1164 3918 1258 3976 eaque
1282 3899 1449 3958 extrusione
1472 3912 1578 3955 accen-

229 3986 356 4045 dendam
385 4003 494 4045 noram
525 3988 641 4047 animae
672 3988 794 4051 vitalem
816 3989 1003 4061 facultatem,
1036 4006 1102 4048 curn
1131 3988 1277 4062 sidera,
1269 4006 1298 4045 ιιι
1323 3985 1407 4061 sedes
1429 3990 1577 4042 maternae

231 4084 410 4150 paternaera
433 4091 574 4148 geneseos
597 4078 699 4134 autin
723 4075 968 4151 configurationes
984 4032 1102 4136 dasdem
1120 4080 1247 4143 reversa,
1271 4052 1428 4134 admonent
1450 4071 1578 4131 animam

229 4162 277 4218 sui
296 4164 399 4299 6ipsius
427 4164 532 4236 suique
555 4160 731 4222 characteris
764 4163 910 4224 coelestis.
959 4163 1036 4223 Vide
1068 4164 1118 4222 lib.
1149 4162 1186 4222 de
1216 4162 1312 4222 Stella
1336 4159 1423 4219 Nova
1452 4159 1502 4217 fol.
1527 4158 1577 4216 43.
1639 4208 1641 4217 ,

229 4244 275 4313 ιιι.
312 4245 368 4311 ιιι.)

317 4334 394 4409 Quid
418 4333 496 4410 quod
526 4353 583 4396 oon
608 4346 721 4398 mutum
744 4356 830 4397 veros
861 4340 1001 4397 transitus
1026 4336 1207 4439 planetarum
1236 4351 1286 4412 per
1308 4333 1374 4391 loca
1398 4332 1491 4389 nativi
1514 4329 1579 4389 thc-

229 4424 316 4481 matis
338 4423 413 4481 haec
434 4423 560 4491 facultas
583 4427 740 4500 observat,
773 4425 824 4485 ssd
848 4428 938 4484 etiam
959 4426 1160 4483 successiones
1182 4424 1308 4500 partium
1331 4419 1421 4491 coeli,
1449 4434 1526 4493 quae
1549 4419 1578 4474 in

229 4513 329 4586 genesi
359 4508 494 4586 planetas
526 4502 692 4586 habebant,
724 4515 753 4571 in
775 4512 840 4572 loca
864 4514 1023 4590 praecipua
1051 4511 1227 4575 thematum.
1258 4525 1335 4583 quae
1364 4507 1579 4566 constituuntur

232 4600 343 4656 exactis
375 4609 501 4673 apertu
525 4598 630 4660 diebus
660 4603 797 4675 integris,
830 4602 1047 4676 proportionem
1076 4599 1236 4656 observans
1258 4594 1315 4654 diei
1347 4594 1384 4652 ad
1407 4610 1515 4652 annam
1536 4589 1580 4669 (ut

231 4685 330 4759 cujus
338 4694 461 4758 utraque
484 4688 630 4747 revolutio
646 4688 753 4749 Terrae
777 4686 972 4764 aCopemico
995 4684 1142 4763 tribuitur)
1165 4700 1259 4758 eaque
1282 4684 1469 4761 proportione
1492 4696 1580 4756 opera

231 4790 288 4831 cuo
308 4790 358 4849 per
381 4780 473 4829 totam
498 4773 588 4832 vitam
603 4776 729 4835 hominis
746 4775 904 4852 dispenset,
929 4782 961 4832 ut
976 4782 1088 4848 quanto
1111 4772 1226 4847 longior
1240 4778 1285 4829 cst
1306 4786 1399 4829 annus
1415 4768 1474 4846 die,
1497 4773 1578 4826 tanto

192 4856 201 4881 ⁸
233 4859 342 4918 tardius
365 4859 485 4918 effectus
508 4876 593 4921 suum
617 4866 645 4920 in
669 4863 827 4927 directione
850 4863 966 4937 signum
989 4868 1143 4935 sequatur,
1175 4875 1264 4934 qaam
1285 4860 1401 4932 siguum
1430 4856 1460 4913 in
1485 4853 1579 4914 direc-
