3840 5854
731 387 766 446 ds
781 388 941 475 flamonia
1134 335 1138 353 l
1465 394 1507 456 2⁹

161 568 281 631 eluendae
303 571 403 630 unios
442 567 531 637 ,Cum
551 569 652 647 itaque
672 570 765 630 111111
787 568 839 629 illa
859 575 906 630 cst
926 568 957 629 ia
978 566 1071 629 altero
1094 572 1223 631 enbemo
1246 565 1335 643 t,o
1364 564 1432 650 (hoo
1454 575 1508 646 est,

160 674 222 718 urm
248 656 324 717 lidos
355 660 470 734 integra
500 656 570 731 est),
604 665 674 717 tuuc
704 662 750 716 est
779 656 911 733 ejusdem
941 653 980 715 ad
1009 673 1042 716 es
1072 657 1168 734 ipsum
1194 655 1279 734 logos
1311 654 1508 733 aequalitatis,

160 746 280 805 merens
296 748 466 805 unisonum
500 742 542 804 At
563 760 628 803 cnm
651 750 697 804 est
717 746 809 804 sectio
832 745 863 802 in
877 744 903 803 B
918 741 1084 817 medietate,
1107 745 1256 822 portiones
1270 743 1345 803 finnt
1358 745 1507 821 aequales.

159 833 202 892 dh
223 831 280 892 hoe
304 832 457 910 punctoB
480 832 510 890 in
531 838 626 891 utram
649 829 721 892 velis
743 838 856 915 partem
877 833 968 891 sectio
990 830 1134 906 ambulet,
1164 848 1278 910 semper
1299 830 1391 893 altera
1412 834 1508 911 portio

158 922 248 980 minor
276 923 337 979 erit
365 919 540 995 medietate,
562 918 654 980 altera
681 919 785 996 major.
828 918 878 979 Sic
906 921 1005 995 itaque
1034 936 1148 998 semper
1175 936 1212 979 ex
1240 918 1333 979 tribus
1362 923 1392 979 in
1420 921 1509 1000 plens

157 1005 341 1085 simplicibus
364 1008 524 1068 harmoniis
546 1023 606 1067 una
628 1015 674 1067 est
695 1007 770 1066 inira
792 1014 937 1082 octavam,
959 1022 1019 1067 una
1040 1014 1123 1067 extra
1144 1012 1175 1066 et
1194 1023 1291 1084 supro.

261 1092 355 1170 Quod
375 1094 463 1155 Philo
485 1102 516 1155 et
536 1094 724 1155 Ptolomaeus
745 1101 879 1171 quartam
899 1093 1000 1154 dicunt
1020 1111 1160 1173 promam,
1183 1093 1326 1155 Boethius
1347 1095 1506 1169 minimam,

158 1180 186 1240 id
207 1181 257 1242 vel
279 1182 352 1243 ideo
374 1181 423 1253 tt,
445 1184 516 1259 quia
537 1182 574 1243 de
595 1182 731 1261 perlectis
751 1180 924 1258 loquuntur,
946 1180 994 1240 vel
1016 1185 1087 1260 quia
1108 1189 1238 1242 errarunt
1258 1184 1290 1240 in
1311 1179 1507 1242 adsuuetione

157 1277 300 1329 tonorum.
348 1268 460 1344 Verum
490 1270 569 1331 enim
598 1276 658 1341 est,
692 1268 767 1329 duos
795 1285 918 1347 magnos
949 1274 1034 1330 tonos
1056 1267 1078 1354 ,⁸5
1098 1286 1158 1329 non
1180 1270 1275 1331 iecere
1295 1271 1425 1342 tertiam,
1455 1269 1508 1330 sed

157 1355 227 1435 plns.
267 1356 331 1418 Sed
355 1356 453 1427 video,
474 1358 528 1418 tibi
550 1356 738 1417 Ptolemaeos
760 1359 885 1418 musices
908 1372 973 1417 esse
995 1360 1119 1437 copiam.
1151 1356 1266 1433 Quodsi
1287 1358 1361 1417 liber
1381 1374 1440 1416 non
1464 1363 1508 1418 est

156 1462 279 1522 magnus
305 1450 337 1504 et
360 1461 502 1505 onerosos
523 1447 639 1517 nuncio,
664 1462 731 1505 eum
752 1444 852 1504 videre
874 1446 970 1523 cupio.

257 1531 388 1593 Aurium
406 1532 550 1607 judicium
573 1531 679 1611 duplex
703 1538 762 1604 est,
784 1531 920 1608 generale
949 1531 985 1593 de
1015 1531 1268 1609 qualibuscunque
1296 1531 1455 1592 harmoniis
1478 1538 1508 1592 st

157 1618 282 1695 speciale
306 1638 376 1681 num
399 1619 550 1698 voluptate
573 1620 610 1680 de
633 1610 775 1680 suavibus
796 1618 964 1679 harmoniis.
992 1614 1039 1679 Ae
1055 1619 1120 1698 plns
1143 1618 1234 1680 distet
1254 1613 1378 1699 deporto
1400 1621 1507 1698 impera

157 1704 282 1769 iectast
304 1708 440 1767 insuavis
461 1708 500 1768 ab
523 1704 696 1787 ἀναρμοστῳ
718 1709 939 1768 concinnatione
959 1723 1075 1782 vocum,
1098 1702 1325 1788 quamcipponn
1338 1708 1508 1785 imperfecta

157 1794 325 1873 aperiecta
349 1803 380 1855 ct
400 1796 495 1855 suavi.
532 1795 630 1855 Voces
653 1797 730 1855 enim
751 1812 808 1856 non
832 1802 970 1855 coeuntes
993 1793 1113 1855 laedunt
1134 1813 1228 1857 auras.
1272 1795 1311 1854 Et
1331 1797 1506 1875 memineris,

157 1899 200 1940 me
220 1882 308 1958 loqui
329 1899 391 1943 non
413 1881 450 1943 de
472 1884 607 1961 practicis
629 1882 788 1943 harmoniis
818 1882 907 1964 (qnae
929 1884 1010 1942 varie
1032 1879 1227 1965 disputantur)
1255 1880 1308 1943 sed
1330 1882 1367 1944 de
1389 1883 1508 1944 theore-

157 1970 227 2028 ticis
272 1969 370 2030 Porro
398 1978 496 2030 sextas
518 1970 560 2030 nii
583 1969 696 2030 dulcius
717 1987 822 2031 sonus
844 1988 934 2048 quam
962 1972 1131 2049 septimam,
1163 1971 1194 2033 id
1216 1977 1318 2031 conus
1337 1987 1456 2031 sensum
1478 1976 1509 2031 et

158 2056 438 2118 demonstrationem
460 2064 520 2131 est,
542 2067 576 2118 ut
597 2059 622 2118 si
645 2057 742 2129 (11111,
760 2060 841 2118 inter
861 2075 981 2135 sogum
1004 2065 1034 2118 et
1056 2066 1200 2118 mortuum
1221 2056 1295 2117 nihil
1310 2060 1465 2119 interesse.

254 2146 445 2223 Aspectuum
466 2145 612 2206 efficaciae
634 2145 722 2206 fldem
742 2147 837 2225 prima
858 2146 996 2207 conciliat
1017 2149 1208 2225 experientis,
1233 2161 1308 2225 quae
1331 2145 1405 2206 adeo
1430 2145 1509 2206 clara

156 2228 208 2310 est',
238 2238 275 2291 ut
303 2249 369 2291 eam
390 2249 449 2291 non
473 2235 565 2311 possit
594 2250 717 2311 negare,
748 2234 804 2293 nisi
835 2235 885 2311 qui
915 2230 1060 2313 αὐτοπτης
1088 2234 1232 2294 nonfuit
1277 2232 1336 2294 Sed
1358 2231 1507 2311 distinguo

156 2319 225 2377 inter
247 2335 351 2397 agere,
375 2319 488 2381 sortiter
510 2337 597 2397 egere
620 2330 650 2381 et
671 2321 756 2381 aliter
777 2338 874 2398 agere.
906 2322 942 2383 In
966 2321 1107 2401 qualitate
1122 2323 1246 2383 actionis
1260 2338 1368 2399 magne
1381 2322 1507 2381 varietas

155 2414 204 2480 est,
227 2425 284 2485 pro
303 2406 474 2468 habitudine
489 2408 624 2484 subjecti,
647 2410 677 2467 in
692 2412 856 2486 quantitate
871 2416 902 2470 11
915 2411 1039 2471 veritate
1058 2428 1167 2487 magna
1188 2408 1340 2470 certitudo.
1379 2406 1507 2483 Quaeso,

155 2493 347 2555 lortuitumne
375 2501 436 2570 est,
465 2495 545 2571 qnod
563 2495 670 2574 ·Aprili
700 2501 763 2557 toto
795 2495 913 2558 insolita
941 2499 998 2558 luit
1026 2500 1156 2573 siccitas,
1192 2496 1245 2558 Sol
1275 2498 1397 2572 rubeus,
1428 2495 1508 2557 calor

157 2581 270 2642 occulta
299 2581 455 2660 pollentior
475 2585 582 2644 virtute
605 2584 705 2644 omnia
734 2594 948 2664 corrumpente,
979 2602 1067 2663 quam
1098 2594 1217 2647 externa
1244 2584 1366 2664 speciei
1402 2583 1506 2645 Nonne

156 2668 337 2744 quadratura
357 2671 413 2729 luit
434 2669 551 2730 Saturni
573 2677 603 2731 et
623 2669 711 2732 Jovis
742 2670 900 2732 diuturna?
943 2673 981 2733 iit
1003 2673 1073 2751 quid
1096 2680 1155 2750 est,
1186 2672 1266 2750 quod
1299 2673 1375 2733 circa
1400 2672 1506 2732 festum

156 2755 261 2818 imohi
287 2764 353 2816 tota
373 2756 434 2818 iere
456 2757 555 2837 Scyria
578 2758 772 2838 dysenteriam
795 2761 886 2819 sensit
908 2761 1133 2821 creberrimam?
1156 2758 1351 2838 Quianempe
1365 2760 1507 2819 materiae

153 2844 212 2918 jem
234 2845 401 2922 dispositae
422 2853 660 2924 supervenerunt,
683 2849 776 2924 primo
799 2847 929 2925 quintilis
952 2847 1068 2908 Saturni
1092 2857 1121 2909 et
1135 2847 1231 2921 lovis,
1254 2846 1322 2907 inde
1345 2846 1506 2922 triangulus

156 2929 275 2991 Saturni
309 2938 344 3019 et⁸
368 2931 481 2993 Martis.
534 2932 608 2993 Cum
631 2940 729 2993 autem
751 2943 886 3014 aspectus
909 2937 948 2995 sit
969 2935 1096 3010 schesis,
1126 2935 1236 2996 schesis
1258 2949 1328 2994 vero
1350 2932 1453 2993 relatio
1477 2939 1507 2993 et

154 3019 330 3079 relationum
352 3019 572 3081 fundamentum
594 3023 790 3098 quantitatum
813 3038 958 3097 excessus,
977 3024 1044 3100 jure
1067 3025 1155 3100 igitur
1176 3023 1265 3083 etiam
1286 3024 1316 3080 in
1338 3021 1505 3099 aspectibus

155 3104 182 3164 id
203 3115 315 3167 natura
336 3106 458 3168 habehit
478 3124 531 3187 pro
554 3110 676 3183 eximio,
700 3109 780 3186 qnod
801 3112 830 3169 in
855 3113 947 3192 loyca
967 3113 1160 3188 geometricis.

255 3193 413 3254 Hactenus
435 3196 624 3274 pugnandum
644 3196 716 3255 mihi
738 3197 806 3272 luit,
826 3197 890 3271 jam
913 3207 997 3259 crunt
1018 3202 1107 3260 ctianr
1130 3195 1288 3276 ejicienda,
1312 3214 1388 3274 quae
1410 3196 1504 3272 affers,

156 3280 278 3341 ansilla.
331 3280 402 3342 Jem
423 3284 476 3341 tibi
501 3285 578 3365 loyor
599 3285 769 3359 geometrici
791 3284 921 3347 lecerunt
943 3288 1109 3363 opinionem
1132 3287 1169 3346 de
1191 3284 1306 3345 occulta
1326 3287 1507 3364 praestantia

154 3369 316 3446 septenarii
337 3371 553 3449 suspicarisqne
576 3370 611 3431 de
634 3370 737 3431 eodem
758 3371 940 3449 planetarum
963 3392 1093 3437 numero.
1142 3374 1207 3450 Ego
1230 3390 1301 3433 vero
1324 3389 1360 3432 ex
1382 3375 1507 3450 mystica
1535 3292 1546 3445 ι

154 3473 343 3518 numerorum
372 3457 446 3516 nihil
475 3457 599 3536 probare
630 3458 715 3532 volo,
744 3476 799 3521 nec
827 3469 897 3540 puto
926 3480 1021 3541 posse.
1072 3463 1116 3522 Ex
1135 3462 1385 3540 ,geometricorum
1411 3474 1506 3520 retum

154 3544 320 3623 aptitudine
356 3542 394 3606 de
430 3545 600 3623 corporibus
645 3544 771 3626 disputo.
835 3549 874 3608 Et
909 3552 935 3608 si
970 3551 1087 3627 quaeris
1124 3566 1276 3610 numerum
1311 3546 1503 3627 planetarum,

155 3648 244 3708 quare
269 3632 320 3693 hie
341 3634 387 3707 sit,
410 3650 470 3693 non
490 3633 576 3709 alius,
599 3651 666 3695 eum
689 3651 745 3711 ego
769 3632 870 3696 videor
889 3639 920 3696 in
942 3635 1043 3700 libello
1064 3655 1130 3699 meo
1153 3637 1361 3715 perfectissime
1383 3634 1506 3695 demon·
1538 3622 1545 3645 ¹

154 3725 276 3796 abasse,
300 3726 334 3779 nt
354 3737 440 3781 nemo
462 3723 601 3798 ambigat,
623 3724 674 3798 qui
696 3738 756 3782 nou
778 3723 902 3800 ambigit
924 3722 1022 3785 Solem
1045 3732 1138 3802 stare,
1162 3726 1280 3786 Terram
1302 3725 1423 3783 moveri.
1458 3721 1504 3782 De

154 3805 218 3868 dxis
242 3824 316 3869 vero
339 3806 418 3866 aliud
441 3806 537 3869 dicere
559 3825 618 3868 non
641 3827 769 3888 possum,
793 3827 882 3888 quam
905 3809 1033 3873 dixeram
1056 3831 1120 3892 cap.
1138 3814 1167 3872 t.
1190 3811 1281 3872 libelli
1298 3812 1364 3872 mei.
1393 3810 1505 3871 Forsan

155 3897 231 3955 enim
254 3900 340 3955 tanta
361 3896 446 3954 nobis
468 3895 564 3956 adhuc
586 3899 672 3974 eopia
692 3905 825 3976 superest
846 3894 1104 3961 Archimedeomm
1131 3908 1161 3961 et
1182 3899 1419 3962 secundariorum
1440 3913 1506 3956 cor·
1531 3936 1536 3949 .

154 4000 269 4060 porum,
293 3988 327 4043 ut
347 3984 459 4044 numeri
480 3987 623 4045 rationem
645 3986 717 4045 inire
738 3984 806 4046 inde
829 3990 949 4065 possint,
973 3989 998 4048 si
1012 3991 1092 4066 prins
1114 3995 1283 4050 numeratae
1301 3991 1370 4047 actu
1391 3985 1505 4045 luerint.

156 4068 196 4131 ht
217 4068 361 4149 quamdin
383 4093 418 4132 ro
441 4064 588 4147 desistet,
612 4094 646 4133 ro
669 4078 741 4133 droca
762 4073 883 4136 ridicule
906 4077 1082 4152 quaerimus.

260 4156 355 4234 Quae,
378 4156 496 4233 malum
518 4177 582 4219 sors
597 4157 721 4221 adversa
735 4164 847 4239 premit,
872 4170 904 4223 ut
917 4161 1126 4242 promtitudine
1148 4170 1201 4224 tua
1223 4163 1252 4220 in
1271 4157 1410 4238 juvandis
1431 4160 1506 4221 meis

155 4243 263 4305 studiis
279 4247 329 4305 uti
351 4262 503 4322 nequeam.
548 4245 666 4323 Scribis,
689 4253 718 4307 ts
740 4250 854 4311 mittero
876 4251 1025 4329 exemplar
1046 4240 1195 4330 'Pythonis
1216 4246 1423 4328 Epictolarum.
1465 4246 1507 4307 ht

155 4329 221 4393 loeo
251 4332 320 4393 libri
348 4342 476 4395 reserato
499 4341 667 4412 tegumento
690 4337 804 4415 accipio
826 4337 922 4399 Clarii
944 4338 1145 4400 Theodosium
1167 4345 1197 4399 et
1218 4333 1377 4412 triangula,
1409 4335 1506 4412 Gragii

156 4418 423 4497 Lacedaemonem,
460 4439 554 4483 mores
576 4423 722 4501 ¹gentium
755 4424 933 4487 Damasceoi
965 4434 999 4488 et
1029 4426 1214 4487 Heraclidem
1247 4424 1418 4499 Ponticum3
1455 4423 1506 4482 diu

157 4506 331 4584 delibetar'i,
361 4526 399 4569 an
429 4512 529 4569 statim
555 4511 745 4587 remitterem,
777 4513 924 4575 videbaris
945 4513 1003 4575 hoc
1031 4513 1131 4575 libello
1154 4515 1286 4586 sinuum,
1314 4512 1505 4586 tangentium,

157 4598 320 4657 secantium
341 4596 524 4658 incommode
547 4612 653 4658 carere
697 4596 740 4658 At
768 4608 883 4677 contra,
914 4618 965 4662 cor
991 4602 1098 4662 trustra
1125 4608 1239 4679 paterer
1267 4604 1419 4659 oneratum
1441 4614 1505 4658 esse

158 4683 356 4758 tabellarium,
388 4687 459 4760 quin
489 4687 588 4765 potius
621 4684 788 4746 evolverem
820 4688 926 4750 librum
950 4704 1019 4750 ¹non
1053 4695 1140 4749 antea
1171 4687 1291 4748 visumi
1328 4684 1505 4746 Occasiones

156 4771 322 4839 remittendi
343 4773 470 4834 crebrae
514 4774 620 4850 Itaque
642 4773 716 4835 vicit
736 4778 896 4854 sententia,
926 4784 960 4837 ut
981 4779 1134 4838 retinerem
1154 4776 1262 4845 librm
1282 4777 1409 4850 interca,
1436 4771 1505 4831 dnm

157 4858 230 4920 redit
250 4862 386 4923 nmeius.
431 4858 466 4919 Id
488 4862 514 4923 si
535 4860 691 4925 molestum
713 4863 769 4925 tibi
790 4871 850 4940 est,
873 4867 994 4943 ignom
1016 4865 1128 4942 ignaro.
