3792 5860
370 437 430 496 168
904 430 946 488 De
963 429 1191 503 Proputtdomirus

368 628 438 689 argo
460 606 504 695 ἰ,
525 619 556 671 st
577 608 620 694 lt,
640 610 787 671 habnt«
808 624 862 688 pro
883 620 968 672 sexta
990 618 1020 671 et
1042 614 1129 672 tertia
1148 611 1249 684 molii3
1280 606 1322 692 ἰδ
1345 626 1417 671 vero
1449 619 1479 670 et
1501 606 1539 692 ⁴),
1568 626 1621 687 pro
1645 618 1729 671 serta

367 702 508 759 atterat·
527 696 604 760 dura
625 700 690 759 vivs
713 714 836 776 aspors3
856 706 890 758 at
911 701 955 758 sic
977 701 1065 759 etiam
1089 699 1284 780 appellantur.

859 818 961 880 Mollis
1134 820 1215 880 Dura

780 934 1302 1106 ἓξὲξ-ᾳ

458 1137 592 1214 Denique
616 1140 686 1213 quie
707 1140 906 1214 proportionis
930 1136 1037 1213 duplae
1060 1136 1262 1211 intervalium,
1286 1143 1430 1214 utsupra
1454 1137 1581 1207 dictum,
1606 1153 1642 1195 ex
1664 1153 1728 1194 ses·

370 1226 514 1302 quialtero
537 1236 567 1284 et
589 1240 625 1284 arr
648 1226 834 1301 sesquitertio
858 1233 988 1297 constat,
1013 1238 1136 1300 quorum
1158 1224 1231 1283 illud
1255 1228 1356 1300 quinta
1380 1225 1501 1297 dicitnr,
1525 1225 1581 1283 lroc
1604 1234 1728 1301 quarta,

371 1329 449 1388 quaa
472 1321 571 1377 tamen
595 1313 665 1372 bina
686 1314 716 1369 in
739 1315 784 1372 sul
807 1311 905 1370 medio
927 1312 1040 1371 habent
1061 1300 1151 1371 unum
1175 1329 1358 1373 communem
1381 1313 1544 1386 terminum,
1568 1314 1618 1387 oui
1641 1314 1728 1369 unius

369 1400 474 1459 ultima
497 1410 554 1475 eat,
579 1399 700 1460 alterius
722 1403 833 1475 prima,
857 1417 960 1458 versus
983 1399 1102 1477 plagam
1125 1401 1247 1459 eandem
1270 1402 1299 1457 in
1321 1399 1400 1461 hune
1421 1397 1558 1458 ιιιοιιιιιιι·

413 1487 522 1548 Ριιιιιι.
566 1486 715 1547 Secunda
755 1486 864 1548 Tertia
911 1484 1034 1560 Quarta.
1071 1486 1191 1561 Quinta
1277 1489 1305 1545 a.
1454 1489 1482 1545 7.
1615 1486 1643 1543 8.

1069 1575 1178 1634 Prima.
1223 1574 1368 1634 Secunda
1414 1571 1525 1634 Tertia.
1569 1570 1696 1648 Quinta.

371 1664 504 1738 requitur
525 1663 626 1740 igitur,
648 1670 682 1720 ιι
705 1661 808 1720 ultima
831 1663 1029 1739 posterioris
1021 1678 1050 1720 ru
1075 1663 1276 1721 numeratione
1305 1662 1347 1720 sit
1366 1676 1486 1722 numero
1510 1667 1625 1720 octava.
1673 1662 1729 1718 At·

371 1767 429 1826 qua
455 1747 525 1809 lade
554 1748 611 1809 hoc
633 1748 819 1808 intervallum
852 1758 1013 1809 octavae
1042 1766 1147 1809 nornen
1177 1749 1313 1809 obtinuit
1366 1746 1473 1808 Graeci
1504 1747 1542 1807 ad
1572 1747 1729 1808 identiesm

371 1839 593 1897 consonantias·
614 1838 806 1914 respicientes
828 1836 978 1914 appellant
1001 1842 1048 1897 δια
1071 1857 1185 1910 ιιασωι,
1215 1847 1249 1895 ut
1277 1843 1306 1896 et
1336 1833 1435 1895 latinis
1465 1836 1556 1895 literis
1585 1835 1730 1911 diapason

322 1976 326 1983 .
361 1925 516 1997 ⁴smllritnr,
538 1926 625 2000 qnasi
648 1925 809 1984 oansnmtis
831 1925 968 1984 omnibus
991 1925 1139 1985 diversum
1162 1923 1352 1997 sonantibus,
1387 1939 1445 1982 vox
1469 1924 1600 1983 canentis
1621 1930 1729 1983 octavo

371 2028 445 2071 sono
476 2014 505 2070 in
533 2029 565 2071 se
595 2015 690 2090 ipsam
719 2010 821 2072 redeat
849 2011 977 2089 indeque
1007 2030 1118 2074 novum
1140 2013 1273 2085 initium,
1301 2026 1381 2071 nova
1403 2013 1493 2071 series
1512 2012 1730 2070 'concinnatum

375 2100 504 2174 oriatur,
526 2101 616 2176 priori
638 2116 690 2176 per
713 2102 811 2159 omnia
833 2098 954 2176 similis3
978 2100 1046 2159 vide
1069 2116 1150 2180 prop.
1178 2104 1205 2159 1.

592 2214 748 2297 Dispenta
871 2221 1074 2283 Dialessareu.
1183 2220 1321 2300 Systema
1344 2220 1497 2299 diapason

460 2538 583 2599 Frustra
604 2535 652 2599 hie
674 2536 918 2615 philosophantur
941 2534 977 2595 de
1001 2554 1131 2611 numero,
1155 2554 1206 2597 cur
1227 2556 1268 2598 sc.
1288 2549 1395 2599 octava
1411 2556 1469 2597 vox
1491 2543 1646 2597 consumat
1668 2552 1734 2594 orn·

375 2640 427 2685 aes
450 2627 538 2702 inqua
562 2624 638 2686 idem
660 2625 785 2685 redeat?
808 2638 877 2684 vare
900 2626 978 2683 enim
1000 2624 1236 2700 respondendum
1259 2634 1304 2686 est
1325 2643 1378 2702 per
1398 2627 1569 2701 petitionem
1587 2624 1735 2700 principii,

375 2714 446 2790 qula
468 2730 510 2774 sc.
533 2721 639 2773 natura
659 2712 719 2787 liat,
743 2722 776 2773 ut
799 2711 986 2771 intervallum
1009 2714 1206 2788 proportionis
1229 2712 1346 2790 duplae,
1371 2711 1450 2789 quud
1474 2730 1525 2790 per
1547 2729 1610 2788 cap.
1638 2714 1666 2770 1.
1686 2719 1734 2777 ‚est

375 2798 583 2873 identisouam,
606 2799 756 2863 dividatur
778 2804 807 2859 ln
831 2799 988 2860 intervalla
1010 2802 1152 2859 concinna
1173 2808 1295 2878 septem,
1318 2815 1394 2877 quae
1411 2800 1639 2860 determinantur
1653 2799 1735 2856 sonis
1810 2850 1815 2863 ,

376 2896 460 2962 octo,
484 2887 596 2951 ut'hoc
618 2888 714 2968 capite
737 2888 890 2964 probatum
914 2893 967 2948 est
1013 2885 1074 2963 lpsi
1096 2896 1202 2963 putant
1222 2887 1284 2948 fleri
1300 2886 1368 2966 hoc,
1391 2887 1470 2963 quod
1492 2903 1630 2947 numerus
1653 2886 1672 2944 8
1695 2887 1734 2943 sit

375 2978 488 3053 primus
511 2977 605 3037 cubus
628 2984 657 3036 et
679 2978 773 3055 prima
795 2984 915 3035 tessera.
962 2974 1003 3032 At
1024 2973 1096 3051 quid
1127 2978 1251 3035 sectioni
1274 2975 1401 3037 chordae
1432 2992 1498 3035 cum
1525 2972 1651 3035 solidis?
1695 2971 1734 3030 Ει

376 3076 427 3123 eur
450 3080 509 3122 non
532 3067 622 3123 etiarn
646 3082 704 3123 vox
729 3065 866 3123 vicesima
888 3064 1014 3138 septima
1037 3054 1199 3142 (secundus
1223 3065 1248 3122 is
1271 3065 1363 3123 cubus
1386 3058 1446 3144 est)
1469 3061 1544 3123 redit
1566 3058 1693 3122 eodem?

463 3146 542 3211 Hinc
572 3148 647 3211 adeo
670 3148 758 3210 etiam
781 3144 1076 3230 systematis‘nomen
1104 3151 1229 3228 proprie,
1244 3158 1273 3211 et
1294 3152 1387 3229 primo
1411 3151 1549 3210 convenit
1576 3145 1733 3209 intervallo

376 3241 573 3314 proportionis
597 3236 714 3315 duplae,
738 3236 834 3297 diviso
852 3255 909 3321 per
930 3254 986 3299 sua
1008 3245 1120 3314 septem
1143 3238 1287 3298 concinna
1309 3246 1338 3297 et
1360 3239 1421 3297 suis
1445 3245 1511 3297 octo
1534 3237 1657 3297 vocibus
1680 3250 1733 3293 seu

378 3324 495 3385 chordis
519 3323 664 3402 descripto
687 3326 775 3402 inque
798 3326 998 3384 instrumentis
1021 3341 1177 3400 expresso,
1201 3325 1238 3385 de
1261 3341 1320 3401 quo
1344 3327 1418 3385 intra
1440 3343 1504 3401 cap.
1529 3327 1557 3384 a.

463 3410 498 3471 In
521 3415 558 3473 lia
581 3412 759 3489 intervallis,
792 3430 868 3489 quae
892 3421 1027 3472 octavam
1051 3430 1102 3471 seu
1126 3412 1269 3490 diapason
1292 3420 1447 3490 superant,
1472 3410 1499 3470 in
1523 3407 1733 3487 multiplicibus

376 3497 497 3576 quidem
518 3507 657 3573 octavae,
682 3500 790 3578 duplex
814 3508 934 3575 octava,
958 3517 1062 3574 graece
1086 3506 1127 3569 ιις
1150 3506 1198 3561 δια
1222 3521 1330 3575 namra,
1354 3499 1410 3559 dici
1428 3499 1512 3574 solet,
1536 3498 1640 3575 triplex
1664 3497 1735 3556 trie-

380 3586 538 3665 diapason,
569 3594 599 3649 et
629 3592 671 3648 sic
699 3597 920 3666 consequenter.
965 3587 1000 3646 ln
1030 3590 1134 3646 ceteris
1166 3606 1236 3648 vero
1261 3588 1430 3664 exprimitur
1461 3587 1602 3663 diapason
1631 3584 1735 3661 ejusve

379 3673 531 3755 multiplex
556 3683 585 3735 et
607 3675 724 3735 additur
754 3693 892 3738 excessua
915 3674 971 3734 hoc
992 3682 1096 3753 pacto·
1124 3677 1227 3752 quinta
1256 3693 1346 3777 supra
1373 3682 1522 3747 octavam,
1552 3681 1605 3733 aut
1628 3681 1735 3730 octava

377 3774 467 3841 supra
490 3765 631 3839 quintam,
655 3763 798 3842 diapason
822 3761 1009 3840 epidiapente
1035 3758 1083 3822 vcl
1114 3768 1162 3823 δια
1185 3784 1269 3823 aeres
1292 3760 1338 3825 εἰιι
1362 3769 1409 3823 δια
1431 3784 1540 3823 aanor.
1584 3758 1735 3819 Interdum

380 3860 411 3909 et
432 3867 554 3910 numero
576 3853 740 3931 pergimus,
764 3851 948 3928 appellantes
970 3866 1095 3922 nonam,
1120 3849 1278 3921 decimam,
1302 3850 1505 3909 duodecimam
1528 3857 1583 3907 ete

466 3934 550 3997 llaec
578 3941 669 4017 igitur
695 3941 789 3999 seatio
814 3935 1035 3998 intervallorum
1062 3953 1256 3997 consororum
1287 3940 1316 3995 ln
1349 3940 1491 3997 concinna
1519 3935 1661 3995 naturalis
1690 3940 1737 3991 est

379 4027 587 4103 quantitasque
609 4025 684 4086 haec
706 4034 736 4086 et
758 4043 896 4087 numerus
919 4025 1128 4086 elementorum
1152 4028 1372 4097 continuorum,
1403 4026 1529 4083 ternario
1550 4040 1607 4082 non
1631 4021 1735 4097 major,

343 4102 347 4111 ’
380 4128 438 4173 non
461 4112 527 4173 sola
548 4115 663 4174 sudum
685 4113 902 4173 assuefactione
925 4115 1034 4186 nititur,
1058 4113 1109 4171 sed
1133 4113 1252 4172 auditus
1275 4111 1331 4171 hoe
1347 4112 1436 4173 habet
1460 4130 1495 4171 ex
1518 4113 1655 4170 instinctu
1679 4125 1736 4167 na·

378 4199 485 4277 tavall3
512 4217 568 4261 nac
590 4211 716 4279 ponunt
738 4203 934 4278 praeterlata
955 4199 1088 4260 vel-alla
1108 4200 1264 4261 intervalla
1291 4200 1338 4258 vel
1360 4199 1420 4259 allo
1441 4214 1563 4258 numero
1584 4214 1638 4275 pro
1662 4214 1736 4256 con-

378 4289 471 4349 clusis
493 4291 579 4364 mni,
600 4291 632 4348 in
654 4305 732 4366 quaa
755 4288 904 4348 dividatur
926 4287 1081 4364 quodlibet
1103 4304 1138 4347 ex
1161 4290 1307 4351 consonis.
1352 4287 1429 4346 llutn
1452 4290 1477 4346 si
1501 4286 1592 4346 valles
1608 4283 1735 4360 exempli

379 4378 476 4454 ςιιιιι
498 4375 591 4436 diesin
613 4375 783 4453 adjungere,
806 4378 932 4452 primum
954 4374 1007 4435 illa
1029 4383 1074 4435 est
1095 4376 1183 4435 etiam
1208 4377 1392 4434 dissonomm
1414 4376 1619 4434 continuorum
1642 4372 1736 4431 sobo·

377 4464 440 4539 ιιι,
464 4461 568 4523 dairrdv
589 4467 616 4524 sl
636 4468 764 4523 mima
786 4463 868 4523 illem
890 4470 1004 4522 ιιιιιιιιιι
1026 4462 1093 4522 ideo
1118 4462 1210 4523 velles
1232 4461 1400 4538 adiungere,
1427 4464 1499 4538 qaia
1521 4470 1565 4522 est
1588 4474 1737 4519 consono·

379 4567 443 4610 rum
464 4550 599 4623 soboles,
622 4557 655 4609 ιι
674 4550 770 4611 solam
792 4566 852 4609 non
874 4564 995 4628 posses,
1027 4550 1155 4610 natast
1176 4568 1205 4608 n
1228 4566 1327 4610 secum
1342 4550 1451 4608 lemma
1472 4564 1524 4609 serr
1547 4548 1735 4608 semitonium

379 4640 491 4710 minas,
521 4592 601 4713 quad
623 4647 737 4703 ιιιιιιιιιι
760 4657 780 4698 a
802 4638 927 4697 dissonis
949 4640 1051 4698 oritur
1097 4639 1137 4696 At
1165 4647 1392 4698 consentaneam
1418 4644 1478 4710 ast,
1507 4636 1640 4695 auditum
1662 4631 1735 4692 illud

380 4745 400 4786 a
421 4722 524 4785 sobole
547 4741 744 4786 consonarum
766 4726 976 4802 distinguere
967 4728 1062 4803 risque
1085 4725 1222 4785 admissis
1250 4727 1325 4785 iuter
1346 4723 1510 4785 canendum
1533 4727 1665 4800 interque
1685 4737 1736 4781 se·

380 4809 477 4875 enada
498 4812 663 4888 intervalla,
687 4814 744 4875 hoc
767 4831 820 4876 ceu
843 4816 974 4892 spurium
996 4812 1158 4891 repudiare.
1205 4812 1303 4890 Quare
1325 4814 1414 4874 etiam
1444 4812 1533 4872 diesis
1555 4814 1631 4871 intar
1651 4812 1736 4888 prin·

381 4898 489 4982 cipalia
511 4907 635 4962 octavae
659 4900 816 4962 intervalla
835 4919 894 4960 non
919 4904 982 4960 erit.
