3792 5860
610 378 854 463 nsmomusaone.
889 402 1009 462 Liberi.
1175 442 1182 465 .
1440 417 1480 480 39

220 579 302 651 Quod
322 578 404 637 binae
426 578 497 639 talea
518 576 619 645 brem,
646 577 714 635 duos
736 580 881 651 requisitos
903 580 1016 637 edoctum
1038 584 1222 652 praestantes,
1245 585 1398 645 umssmfio
1415 574 1483 657 daut

138 660 283 718 binominis
300 667 329 718 et
344 668 481 733 apotome,
500 659 702 716 demonstratur
719 660 754 717 ad
772 663 888 719 eundem
904 661 1025 732 modum,
1051 661 1086 717 ad
1103 678 1183 731 quem
1200 665 1233 718 X.
1251 664 1296 722 33.
1314 673 1357 722 eat
1374 668 1482 728 demon·

136 746 228 811 abab,
247 746 355 798 tantum
370 746 403 797 ut
421 754 471 812 pro
489 738 596 796 duabus
614 737 701 809 dqsssr
718 744 826 806 λωαμοι
841 763 924 807 μονον
941 740 1121 797 adhibeantur
1139 742 1304 813 dqsaapqsss,
1323 752 1351 801 et
1367 747 1415 803 ubi
1431 768 1484 809 vor

138 839 215 886 assos
233 819 360 889 occurrit,
379 820 459 892 q'qsss
476 823 604 890 ponatur:
623 822 652 872 ct
668 816 763 874 ultimo
782 827 954 889 comparetur
971 821 1091 879 definitio
1108 820 1252 879 binominis
1270 831 1299 879 et
1315 835 1464 896 apotomes.

222 896 302 968 Quod
320 904 410 955 autem
428 911 461 952 ex
479 896 674 967 compositione
691 902 720 952 et
737 896 918 954 abstractione
935 900 1078 956 binominis
1097 905 1126 957 et
1142 907 1290 973 apotomes,
1309 902 1377 962 duos
1394 911 1483 979 requi-

141 977 206 1034 sitos
224 976 339 1033 effectus
356 977 568 1046 praestantium,
585 974 634 1031 dat
649 991 757 1031 rursum
776 974 905 1042 effabilis,
923 978 963 1033 sic
979 986 1068 1048 patet:
1241 1000 1290 1052 aig.
1304 1003 1322 1043 r.

136 1072 195 1111 cum
214 1055 287 1111 enim
305 1069 409 1111 summa
426 1050 617 1124 quadratorum
635 1054 671 1109 ait
689 1051 818 1117 effabilis,
839 1060 868 1110 et
883 1058 1071 1129 mctangnlum

136 1133 258 1198 smnus,
281 1133 489 1204 compositarum
506 1134 589 1204 igitur
604 1132 634 1188 in
650 1150 733 1189 unum
751 1133 912 1203 quadratum
936 1139 1071 1196 constabit
1092 1104 1123 1159 Α,
1210 1106 1236 1156 λ
1256 1125 1299 1157 '⁶'

63 1222 68 1253 '-
136 1228 168 1269 sr
189 1212 335 1284 utriusque
354 1212 486 1285 quadrato
512 1219 541 1270 et
562 1213 670 1270 duobus
691 1213 857 1283 mmonpulis
874 1216 1067 1286 communibus,

135 1310 168 1350 er
185 1293 295 1350 duabus
315 1309 354 1351 sc.
371 1294 495 1365 partibus
513 1292 678 1350 effabilibus:
697 1308 780 1364 quare
803 1299 831 1348 et
852 1299 938 1349 totum
955 1296 1070 1364 qnadra-

135 1380 189 1431 tum
213 1371 324 1430 effabile
347 1375 411 1443 erit,
433 1374 516 1442 igitur
539 1379 568 1431 et
588 1374 662 1430 linea
685 1373 848 1443 composita,
880 1379 977 1442 potans
1002 1373 1071 1431 illud

135 1453 305 1525 quadratum.
349 1453 390 1508 Sit
410 1452 538 1509 binomen
559 1459 606 1524 λμ,
631 1453 690 1522 ejus
714 1452 873 1523 quadratum
902 1475 945 1521 κο,
977 1454 1013 1510 sit
1044 1460 1072 1510 et

136 1540 262 1603 apotome
278 1538 328 1600 λθ,
352 1531 411 1603 ejus
429 1532 562 1604 quadrum
580 1539 626 1598 θκ,
644 1533 743 1597 etsint
760 1538 805 1595 ds,
822 1552 854 1586 as
876 1531 973 1601 juncta
989 1533 1070 1589 simul

136 1612 262 1681 effabilia,
281 1614 317 1671 sit
329 1619 358 1668 et
370 1611 557 1682 rectiangulum
570 1627 604 1666 ex
616 1615 661 1679 θλ,
679 1615 714 1674 aa
731 1607 846 1678 effabile,
865 1610 958 1665 talium
977 1619 1068 1680 antem

137 1692 187 1750 dno
206 1717 251 1766 ap,
271 1697 301 1755 ιε
318 1692 455 1761 complent
473 1689 634 1761 quadratum
651 1687 735 1743 totius
746 1693 787 1752 θμ
804 1689 977 1757 compositae,
995 1691 1068 1763 quod
1098 1710 1108 1790 ξ

135 1774 296 1849 quadratam
313 1778 356 1828 est
372 1777 417 1825 θο.
852 1808 857 1815 -
1421 1770 1436 1808 ⁰

215 1863 264 1918 De
289 1859 471 1917 abstractione
492 1854 625 1927 probatur
644 1855 673 1910 in
689 1852 764 1910 bunc
790 1852 908 1909 modum.
943 1854 971 1910 Si
997 1856 1067 1913 enim
1093 1861 1241 1931 composita
1259 1876 1293 1917 ex
1311 1867 1362 1932 θλ,
1385 1864 1433 1931 μλ,
1455 1862 1484 1918 id

135 1950 175 1999 est
192 1949 250 2012 θμ,
269 1947 313 1997 est
329 1938 459 2009 eiisbilis,
482 1937 533 1992 erit
550 1941 578 1991 et
594 1933 703 1998 dimidia
720 1936 762 1987 da
779 1931 906 2003 effabilis,
929 1939 1058 2005 tanquam
1075 1937 1164 2007 majus
1181 1955 1279 1995 nomen
1296 1945 1325 1996 et
1343 1946 1376 1994 st
1394 1941 1483 1999 minus

136 2037 248 2091 nomeu,
275 2018 410 2076 etaltera
427 2016 537 2072 dimidia
553 2032 608 2083 xp;
635 2013 713 2070 aufer
734 2012 768 2067 ab
786 2027 819 2068 ea
841 2014 1033 2084 coaequalem
1051 2016 1103 2086 ipsi
1120 2024 1173 2088 θλ,
1200 2019 1253 2073 erit
1280 2025 1308 2074 et
1323 2020 1433 2076 residua
1449 2038 1484 2076 uo

135 2097 260 2168 stabilis,
278 2103 308 2153 et
323 2104 383 2153 tota
399 2099 438 2165 to,
457 2110 494 2151 sc
513 2092 597 2162 dupla
613 2091 699 2162 ipsias
716 2107 757 2147 so.
792 2092 829 2147 lit
846 2106 881 2147 ao
898 2100 941 2148 est
956 2095 1067 2152 residua
1083 2104 1146 2166 post
1163 2096 1327 2153 ablationem
1344 2105 1484 2168 apotomes
1600 2132 1604 2139 ,

134 2199 167 2244 ns
182 2195 200 2235 a
216 2177 356 2232 binomine
373 2182 415 2244 λμ,
433 2173 571 2229 residuum
588 2187 651 2240 erpo
668 2170 700 2227 tit
718 2170 834 2226 effabile.

220 2251 327 2313 XXV.
349 2249 550 2310 Definitio.
593 2245 687 2324 Igitur
709 2263 745 2308 er
773 2243 904 2307 secunda
924 2247 994 2325 biga
1024 2250 1100 2311 sexti
1124 2249 1241 2328 ,gradus
1263 2268 1342 2311 uum.
1365 2251 1482 2312 XVIH.

135 2343 302 2420 praemisso
323 2338 467 2400 linearm
488 2338 562 2396 iuter
583 2352 616 2395 se
637 2333 725 2411 plane
750 2334 1103 2413 incommensurabilium,
1133 2339 1240 2415 quibus
1267 2357 1382 2400 summa
1409 2357 1484 2417 qua·

138 2429 290 2490 dratornm
311 2433 357 2488 est
379 2423 518 2498 effabilis,
548 2420 749 2498 roctanpulnm
771 2438 887 2498 meson,
910 2426 1123 2503 compositione
1144 2429 1274 2487 nascitur
1295 2428 1409 2502 miron,
1432 2445 1485 2488 sen

136 2516 232 2593 major
261 2514 355 2591 dicta;
390 2513 586 2574 abstractione
628 2509 745 2571 clasma
772 2527 825 2572 seu
854 2511 955 2572 minor.
999 2511 1044 2571 Ex
1067 2514 1168 2588 mstis,
1199 2514 1250 2573 obi
1272 2532 1386 2575 summa
1409 2532 1485 2591 qua·

138 2604 289 2665 duorum
311 2608 357 2664 est
379 2616 489 2673 meson,
511 2596 712 2675 rectangulom
735 2597 867 2672 effabile,
890 2617 966 2676 quae
989 2600 1190 2678 componendo
1213 2605 1356 2676 nascitur,
1378 2618 1485 2663 nomen

136 2691 229 2753 babet
249 2698 357 2768 potens
380 2687 496 2749 effabile
518 2696 549 2747 et
569 2701 679 2759 meson,
704 2702 779 2761 quae
801 2686 1007 2761 abstrahendo,
1031 2687 1141 2750 iaciens
1163 2705 1229 2748 cum
1252 2690 1361 2751 effabili
1384 2707 1485 2751 mesou

137 2786 243 2840 totum.
289 2778 425 2853 Denique
447 2791 482 2834 er
507 2779 611 2851 quarta
632 2773 702 2850 biga
724 2774 839 2850 septimi
861 2772 983 2851 maduo,
1013 2790 1091 2839 nom.
1114 2774 1205 2835 XIX.
1229 2779 1403 2851 praemissa,
1432 2778 1485 2838 ubi

136 2874 261 2944 uterque
284 2865 404 2925 effeetus
425 2862 459 2922 iit
480 2876 598 2937 meson,
630 2860 831 2938 componendo
860 2861 893 2922 lit
919 2870 1023 2940 potens
1050 2862 1121 2925 bina
1147 2862 1258 2938 media,
1287 2864 1484 2927 abstrahendo

135 2955 247 3018 faciem
270 2968 337 3012 cnm
358 2966 439 3012 moso
461 2965 563 3011 meson
585 2954 688 3009 mium.
1257 2992 1260 2997 -

223 3036 263 3101 Et
295 3056 362 3101 ecce
392 3039 533 3119 arigium
564 3035 718 3098 duodecim
753 3037 915 3113 specierum
946 3035 1152 3101 Euclidearnm
1185 3055 1343 3116 earumque
1373 3041 1486 3099 numeri

137 3145 256 3190 censu.
301 3126 378 3188 Nam
402 3125 439 3186 ad
461 3125 646 3199 remotiores,
669 3140 745 3199 qnae
769 3122 817 3185 vel
838 3140 982 3184 summam
1005 3126 1229 3201 quadratorum,
1259 3125 1309 3188 sel
1331 3132 1487 3203 rostangn-

135 3216 198 3277 lum
223 3231 389 3288 commune,
412 3212 461 3274 rol
483 3219 637 3289 utrumque
658 3212 808 3288 proferunt
829 3211 906 3273 ultra
927 3212 1055 3275 effabilia
1076 3221 1106 3275 ot
1137 3230 1219 3275 mesa
1246 3215 1276 3272 iu
1298 3213 1487 3291 ignobiliores

136 3306 263 3384 species,
286 3319 345 3362 non
369 3302 482 3361 censuit
503 3299 639 3361 Euclides
661 3299 720 3360 sibi
739 3298 982 3377 progrediendum
1005 3318 1078 3362 osse.

222 3388 344 3451 XXVI,
376 3388 566 3450 Definitio
600 3395 637 3447 st
676 3386 933 3465 Comparatio.
978 3386 1117 3452 Sufficere
1146 3389 1204 3449 iata
1233 3395 1370 3466 poterant
1398 3391 1487 3450 etiam

135 3480 223 3541 uobis
245 3476 286 3539 ad
300 3474 522 3538 constituendos
536 3473 645 3552 padus
660 3473 947 3550 demonstrationum,
970 3477 1077 3551 qulbus
1098 3477 1192 3538 latera
1213 3477 1380 3554 figurarum,
1402 3478 1487 3538 nobis

137 3566 177 3627 ad
199 3567 372 3627 barmomca
393 3566 630 3637 necessariarum,
654 3561 882 3641 distinguuntur:
904 3564 961 3622 uisi
982 3565 1158 3640 quibusdam
1180 3581 1217 3625 en
1230 3566 1380 3626 recensitis
1402 3582 1488 3625 acce·

137 3655 240 3717 darent
262 3652 341 3714 aliae
361 3652 480 3729 insuper
501 3652 709 3729 proprietates,
741 3653 800 3712 imo
823 3652 880 3710 nisi
901 3655 1141 3728 praevenirentur
1162 3653 1305 3713 hactenus
1326 3654 1487 3715 recensitae

135 3743 331 3821 proprietates
354 3738 547 3802 nobilioribus
569 3738 646 3813 aliis,
669 3739 776 3816 quibus
798 3737 983 3801 cumulantur
996 3738 1104 3816 maduo
1126 3740 1350 3802 edentillcarum
1365 3740 1487 3801 demon·

135 3833 321 3892 matianum.

230 3918 361 3978 Ventum
384 3920 429 3975 est
451 3912 490 3973 ad
513 3915 754 3991 compositionem
776 3919 805 3974 et
826 3913 1068 3990 abstractionem,
1091 3916 1142 3977 ubi
1164 3914 1258 3975 lineas
1272 3912 1488 3992 componendas

137 4006 185 4066 rel
208 4003 420 4066 abstrahendos
441 4000 509 4062 laxe
531 4003 696 4077 sumsimus,
719 4000 801 4062 nulla
822 4002 858 4061 iis
879 4002 1017 4080 imposita
1038 4011 1135 4064 certae
1158 4004 1331 4080 quantitatis
1353 4002 1485 4063 necomi-

137 4098 207 4154 tato.
254 4090 369 4167 Quodsi
387 4095 449 4159 lam
471 4088 686 4166 adstrimamus
708 4089 805 4167 lepos,
831 4090 970 4168 imposita
992 4096 1072 4151 certa
1092 4092 1280 4169 proportione
1302 4088 1396 4165 bigis,
1427 4106 1486 4148 uon

137 4179 257 4257 quidem
280 4180 323 4240 sic
345 4177 431 4249 datis,
453 4182 487 4237 nt
508 4175 578 4238 illas
596 4176 718 4253 junctae
740 4194 829 4237 unam
851 4175 1004 4239 duodecim
1019 4182 1182 4256 specierum
1204 4178 1342 4250 iecerunt,
1366 4175 1417 4236 sed
1438 4177 1486 4238 bi·

137 4269 182 4345 gis
205 4266 294 4328 aliter
316 4265 403 4338 datis,
424 4265 476 4327 uui
499 4264 611 4325 scilicet
631 4272 729 4326 rectae
752 4264 839 4327 datae
862 4272 892 4326 et
916 4266 979 4344 ejus
1001 4268 1078 4345 parti
1100 4266 1204 4343 maJ‘ori
1228 4261 1431 4339 inveniendae,
1454 4270 1487 4323 ut

137 4356 176 4415 ait
198 4355 336 4414 nimirum
358 4352 408 4413 val
430 4353 524 4413 minor
544 4369 613 4430 pars
635 4351 674 4411 ad
696 4353 837 4429 maJorem
859 4359 892 4413 ut
913 4354 1008 4430 major
1030 4353 1069 4413 ad
1091 4350 1324 4430 componendam
1344 4367 1382 4411 ex
1403 4358 1487 4411 utra·

138 4458 205 4520 qna,
229 4440 279 4503 vel
302 4440 547 4517 vicaummajor
567 4438 605 4501 ad
628 4442 769 4501 minorem
790 4447 824 4501 nt
845 4442 939 4501 ndnor
961 4441 999 4502 ad
1020 4442 1183 4502 residuam:
1207 4438 1286 4515 quod
1308 4444 1408 4498 manet
1430 4438 1487 4500 ab·

138 4531 298 4590 amotione
322 4528 444 4589 dumam
466 4528 558 4601 ianm,
580 4543 639 4587 uon
662 4545 776 4605 semper
797 4526 847 4589 liet
869 4528 977 4606 gradus
1001 4530 1109 4607 aliquis
1130 4528 1282 4600 remotior,
1305 4524 1357 4588 sod
1379 4542 1433 4601 pro
1455 4542 1486 4585 re

137 4624 209 4678 nata
231 4615 394 4678 recidamus
416 4617 446 4674 in
468 4632 556 4675 unam
580 4614 790 4691 explicatorum
811 4617 971 4694 specierum
993 4623 1023 4677 st
1044 4632 1180 4695 regressu
1209 4614 1300 4690 iacto,
1332 4629 1485 4690 eompara-

137 4704 236 4766 bimns
256 4702 366 4766 bneam
389 4706 588 4778 constitutam,
619 4720 697 4776 quas
718 4720 770 4780 per
791 4719 824 4765 se
847 4711 893 4764 ost
916 4706 1014 4764 octavi
1035 4703 1158 4780 gratim,
1190 4720 1256 4762 euru
1282 4702 1368 4763 lineis
1390 4700 1486 4777 quarti

137 4793 483 4960 &Quemadmodum
513 4878 588 4939 anim
614 4879 646 4939 in
668 4882 772 4960 quarto
802 4877 895 4958 gradu
918 4876 993 4939 defin
1014 4876 1086 4939 XV.
1114 4875 1190 4939 dnae
1217 4882 1315 4939 aeetae
1341 4874 1487 4937 communi
