3882 5862
410 375 474 434 424
876 369 1044 438 appenditis
1059 368 1286 425 Hnouicorum

409 546 483 607 iorte
505 548 602 607 minus
624 555 755 607 ahentus
778 546 818 606 ad
839 548 998 607 verboram
1017 565 1150 609 meorum
1172 566 1293 609 sensnm
1313 550 1391 628 luit,
1411 556 1592 610 enim
1611 547 1763 627 aperiatui

409 637 541 695 itesam
562 631 712 713 παῦ’)
877 674 883 687 1

497 716 1113 782 Primumisciodiscrimeuiumdteria.
1157 721 1761 794 h'amcumuihilsitinioteundo,

410 808 490 888 quod
520 813 620 888 operis
649 812 691 869 tui
721 809 885 887 amplitudo
915 826 975 867 uon
1004 810 1232 887 complectatur,
1262 811 1300 872 de
1322 812 1426 870 ceteris
1451 810 1571 886 quidem
1601 812 1698 886 operis
1719 812 1762 868 tui

412 898 544 976 partssrus
573 915 650 955 uuna
678 913 734 973 ego
766 914 825 955 non
846 896 996 956 intercedo
1018 899 1165 975 animis
1196 909 1241 959 tot
1262 899 1417 959 doctorum
1438 901 1582 969 virorum,
1615 914 1693 972 qnae
1715 896 1762 955 ai-

410 987 508 1059 legas3
531 984 611 1060 quod
635 1001 705 1044 vero
727 994 842 1060 partem
863 983 948 1042 illam
970 987 1076 1044 attinet
1097 987 1336 1065 mathematices,
1357 1003 1435 1062 qnae
1456 984 1626 1071 harmonice
1648 983 1763 1056 dicium

412 1088 499 1149 spero
522 1070 667 1145 equidem,
689 1090 737 1131 me
760 1072 1005 1147 diagrammatom
1026 1090 1158 1132 meorum
1181 1091 1307 1151 ope-osa
1327 1071 1523 1151 suppellectili
1548 1071 1764 1141 (immane

410 1159 568 1219 lectoribus
599 1162 748 1234 egregiam
778 1158 980 1232 voluntatem,
1012 1171 1151 1220 conanum
1179 1179 1234 1227 sen
1259 1165 1380 1233 nirrcn,
1417 1177 1466 1218 rer
1494 1163 1578 1234 ipsos
1607 1160 1762 1218 haudmar

411 1247 591 1307 obscuritate
613 1250 648 1303 in
669 1248 745 1304 lucis
766 1246 951 1305 mteihcturn
971 1248 1150 1324 pretaeriti
1156 1293 1166 1325 ,
1198 1266 1265 1308 curn
1287 1258 1319 1307 tu
1342 1249 1472 1307 rieirum
1491 1247 1664 1306 harmonica
1685 1256 1763 1306 irac-

411 1343 455 1393 tes
478 1333 567 1410 paulo
588 1333 691 1406 aliter,
721 1332 832 1408 iliaque
855 1334 1069 1409 quantitatibus
1097 1334 1209 1414 (idest
1234 1335 1437 1411 meoiudicio
1464 1333 1531 1392 luce
1551 1332 1619 1412 sua)
1640 1334 1762 1411 spolies.

412 1422 489 1481 liam
511 1421 568 1480 hoc
589 1419 750 1480 secundum
769 1421 832 1496 jam
854 1428 900 1480 eet
923 1419 1078 1481 dismimcn
1101 1424 1320 1483 ohsmraudum
1340 1425 1372 1480 in
1391 1422 1489 1481 verbis
1503 1422 1587 1495 meis,
1609 1420 1690 1497 quod
1712 1420 1764 1479 iila

412 1526 471 1567 non
494 1507 532 1567 de
555 1508 707 1587 proiectu,
736 1507 790 1567 sed
812 1507 849 1568 de
872 1516 981 1567 conatu
1008 1507 1178 1585 loquuntur.
1223 1509 1302 1586 Quid
1331 1510 1421 1586 igitur
1441 1509 1495 1567 tibi
1523 1511 1563 1567 sit
1592 1510 1672 1567 circa
1692 1508 1763 1567 har·

413 1598 531 1655 monica
553 1598 745 1672 propositum,
764 1595 828 1671 jam
849 1611 939 1672 snpra
962 1594 1070 1667 dixisti,
1093 1598 1193 1657 multo
1207 1601 1250 1656 in
1259 1615 1365 1673 porres
1379 1614 1574 1673 weyers,
1593 1604 1765 1655 mandas

413 1684 605 1742 harmonicae
625 1686 786 1742 mnndum
800 1683 946 1759 aseae,
967 1684 1175 1760 faeculentum
1189 1686 1392 1751 mbaoernnm
1402 1682 1621 1763 (quantitatum,
1643 1694 1677 1742 ut
1689 1685 1766 1743 iutra

415 1770 556 1850 explicas)
577 1773 709 1844 rejicere,
732 1769 815 1846 quod
835 1770 950 1831 bonnm
971 1778 1014 1829 cat
1034 1774 1070 1830 in
1089 1790 1145 1831 ruo
1156 1776 1286 1850 proprio
1306 1771 1431 1831 boemie
1445 1770 1525 1849 (sunt
1539 1779 1638 1830 antem
1652 1771 1765 1847 figurae

412 1857 669 1936 hieroglyphicas,
698 1857 755 1917 hoc
784 1864 830 1917 est
858 1856 1038 1933 smigmata)
1067 1860 1220 1920 eoiiocme.
1265 1858 1332 1918 Hoc
1358 1860 1438 1917 euim
1459 1860 1514 1917 tibi
1536 1866 1582 1917 mt
1609 1876 1765 1917 mean

410 1948 551 2005 scientiae
580 1944 728 2022 deteqcre,
760 1944 912 2005 meltum
932 1945 1139 2022 monifatore,
1161 1950 1188 2004 ri
1208 1949 1254 2004 rei
1273 1946 1470 2006 hernronicoe
1489 1952 1609 2004 nabeo
1628 1948 1763 2021 interna,

412 2033 541 2092 omnbus
561 2040 655 2093 mrito
677 2032 907 2109 (quantitatum),
937 2032 1116 2092 includatur
1135 2034 1254 2109 sicurae
1275 2033 1514 2110 Meropiyphicae
1534 2040 1669 2092 naturae
1689 2051 1764 2093 tuoe

413 2130 465 2179 tuo
485 2118 598 2197 judicio
620 2123 720 2196 mepte
741 2126 842 2194 opine,
864 2127 901 2178 ut
921 2122 956 2177 in
976 2138 1014 2193 ec
1036 2127 1188 2196 tunquam
1209 2124 1245 2178 in
1265 2120 1385 2195 rpccrrio
1408 2120 1456 2179 rel
1478 2122 1644 2196 aenigmate
1665 2123 1766 2180 virtut

414 2209 479 2281 Aur
500 2206 613 2284 absque
633 2209 812 2266 circuitione
832 2207 996 2266 saeorum
1018 2208 1113 2266 ocutis
1136 2215 1165 2266 et
1185 2211 1291 2268 asinio
1306 2210 1520 2283 ωπφίιίαινν.
1565 2205 1651 2281 Quod
1674 2209 1765 2282 igitur

415 2297 583 2372 aenigmata
604 2302 671 2368 tna,
704 2294 875 2353 harmonica
905 2295 1041 2369 iuquam,
1072 2295 1229 2354 tenebrosa
1250 2293 1386 2372 appello,
1414 2294 1521 2369 loquor
1543 2311 1579 2353 ex
1598 2294 1712 2368 judicio
1733 2305 1765 2355 et

413 2392 501 2458 captu
523 2399 602 2456 meo,
635 2389 665 2442 et
685 2380 783 2441 haheo
806 2389 836 2440 te
858 2380 1093 2458 astipulatorem,
1122 2384 1175 2458 qui
1201 2399 1307 2458 negas,
1340 2389 1420 2441 tuam
1443 2383 1634 2441 intentionem
1654 2382 1764 2458 subjici

414 2468 710 2529 demonstrationibus
731 2468 959 2542 mathematicis,
987 2470 1051 2527 sine
1073 2470 1182 2544 quihus
1205 2485 1261 2545 ego
1284 2485 1390 2529 coecus
1411 2486 1493 2542 eumq
1522 2469 1577 2527 tibi
1600 2477 1631 2527 tu
1655 2469 1765 2529 sideris

414 2555 642 2616 luculentissime
674 2558 773 2615 omnia
802 2554 978 2634 depingere,
1012 2554 1112 2632 figuris
1142 2556 1370 2633 hieroglyphicis
1404 2554 1492 2615 vaide
1526 2554 1763 2632 riguihmutibus

415 2643 568 2722 explicare.
612 2642 650 2702 lit
670 2641 744 2701 illud
766 2642 837 2701 mihi
859 2651 890 2702 et
910 2643 966 2703 tibi
987 2640 1044 2702 hoc
1067 2641 1202 2717 videtur;
1231 2642 1415 2703 abundemus
1442 2652 1565 2718 uterque
1587 2659 1642 2702 suo
1664 2661 1763 2717 semu,

415 2731 527 2807 judicet
548 2730 640 2792 lector
662 2739 692 2790 et
714 2731 878 2808 composita
898 2728 935 2789 iis
958 2731 1021 2790 erit.
1068 2729 1146 2789 Illud
1168 2730 1264 2789 solnm
1286 2730 1357 2790 mihi
1376 2729 1567 2809 relinquatur,
1588 2729 1764 2807 quodnuiia

416 2818 525 2895 injuria
545 2834 600 2879 nec
621 2825 675 2880 tuo
696 2820 725 2875 in
747 2816 925 2877 harmonicis
947 2834 1038 2895 scopo
1060 2820 1246 2895 aenigmata,
1278 2836 1333 2878 neo
1353 2834 1420 2877 meo
1440 2820 1560 2878 conatui
1580 2835 1677 2881 rerum
1708 2820 1764 2880 ob·

421 2922 572 2966 seuramm
587 2904 821 2982 explicationem,
845 2921 922 2981 qnae
944 2903 977 2964 iit
998 2922 1051 2983 per
1073 2906 1165 2965 verba
1187 2913 1216 2964 et
1239 2906 1427 2982 quantitates,
1450 2906 1548 2964 tubui.
1584 2904 1668 2964 „iiam
1689 2906 1764 2965 illud

418 2991 454 3053 de
475 3000 527 3052 tuo
548 3009 639 3070 scopo
659 2993 722 3068 Jam
745 2992 841 3051 verbis
862 2994 921 3051 tuis
942 2993 1035 3069 ipsius
1056 2993 1191 3068 probari,
1214 2993 1270 3053 hoc
1293 2993 1329 3053 de
1345 3009 1417 3052 meo
1433 3001 1541 3052 conatu
1562 3009 1676 3052 rursum
1701 3002 1764 3053 tute

416 3081 479 3158 ipse
501 3060 615 3159 chrys
637 3097 716 3138 nona
745 3096 776 3140 es
799 3080 911 3151 lassus,
941 3097 988 3138 me
1011 3083 1217 3141 consonantias
1240 3081 1342 3153 coelo,
1373 3089 1465 3153 terra,
1496 3096 1556 3138 nou
1578 3078 1690 3140 meliori
1714 3084 1764 3140 ria

418 3184 507 3244 quam
528 3167 744 3244 longitudinum
765 3169 952 3245 proportione
974 3166 1127 3228 enucleare
1149 3185 1246 3244 posse.
1289 3168 1328 3227 Et
1341 3171 1451 3245 passim
1469 3167 1677 3227 verbositatem
1691 3168 1763 3227 mihi

420 3253 537 3331 objicis,
572 3272 631 3332 qua
653 3271 683 3313 re
705 3254 941 3331 perspicuitatem
970 3257 1072 3331 ntique
1093 3254 1222 3315 solemus
1243 3255 1395 3330 affectus,
1426 3271 1493 3314 enm
1514 3262 1547 3313 tu
1576 3272 1666 3331 saepe
1695 3256 1762 3316 loco

417 3342 582 3416 rerbomm,
606 3358 681 3418 qnae
704 3357 837 3414 recusas,
862 3339 1001 3401 exhibeas
1023 3343 1161 3417 picturas.
1336 3380 1342 3389 -

505 3428 608 3505 Neque
630 3436 729 3488 tamen
749 3428 807 3488 hoc
829 3426 905 3487 idem
928 3428 988 3502 est,
1012 3445 1048 3488 ac
1070 3432 1095 3488 si
1117 3437 1146 3489 te
1168 3427 1307 3489 dixissem
1333 3428 1431 3488 cetere
1451 3432 1595 3504 myrtcrin
1618 3438 1762 3505 uetmmr,

421 3515 501 3592 qnod
523 3525 568 3576 est
589 3517 741 3595 propositi.
786 3515 849 3574 Etsi
871 3515 949 3574 enim
971 3515 1058 3585 mihi,
1081 3519 1131 3593 qni
1154 3515 1368 3577 mathematicis
1391 3514 1689 3578 demonstrationibus
1711 3537 1763 3578 aa·

422 3604 518 3682 suevi,
544 3603 668 3663 multum
697 3602 881 3663 tenebramm
905 3602 1058 3662 offundunt
1089 3606 1118 3662 in
1146 3603 1323 3663 harmonicis
1350 3602 1572 3680 hieroglyphice
1600 3612 1667 3678 tua,
1700 3606 1763 3666 lieri

420 3699 518 3751 tamen
541 3697 639 3768 potest
665 3699 696 3751 et
723 3690 833 3748 iactum
855 3689 959 3763 oredo,
992 3697 1024 3750 ut
1046 3698 1079 3750 tu
1102 3692 1332 3761 existimaveris,
1361 3697 1391 3750 te
1412 3689 1643 3752 luculentissime
1665 3696 1763 3752 omnia

421 3774 639 3859 depingere.⁴⁶)
684 3776 761 3852 Quin
783 3794 820 3836 ne
843 3777 899 3836 boc
922 3775 1039 3854 quidem
1062 3794 1151 3837 ausus
1173 3778 1293 3838 inissem
1316 3778 1430 3851 dicere,
1453 3776 1533 3854 quod
1554 3786 1588 3838 tu
1618 3798 1685 3857 pag.
1712 3783 1760 3840 li.

423 3863 460 3925 de
484 3874 513 3925 te
537 3864 614 3926 credi
637 3865 698 3939 ris,
729 3871 758 3923 te
781 3863 897 3924 occulta
919 3881 1080 3941 proposse
1103 3866 1319 3941 manifestasse,
1347 3882 1415 3923 uam
1437 3865 1522 3943 plora
1542 3866 1592 3927 hic
1612 3877 1643 3928 te
1664 3884 1760 3945 posse,

423 3970 513 4029 quam
535 3970 595 4013 una
617 3952 682 4012 vice
704 3949 791 4010 libuit
812 3958 978 4029 praestare,
999 3952 1099 4012 malim
1122 3954 1247 4013 credere.

510 4038 593 4115 Quae
617 4038 753 4116 deinceps
775 4045 933 4115 praccepta
955 4042 1119 4116 sapientum
1142 4048 1203 4099 tute
1226 4039 1359 4115 tibiipsi
1382 4036 1500 4115 objicis,
1523 4043 1662 4121 mysteria
1683 4041 1760 4119 phy-

421 4130 484 4189 sica
505 4127 658 4201 revelanti,
682 4144 718 4187 ea
741 4125 827 4186 veiim
851 4144 870 4186 a
891 4134 921 4185 te
936 4127 1001 4204 ipso
1016 4126 1148 4187 dissolvi.
1193 4128 1329 4187 Forsitan
1346 4127 1424 4186 euim
1439 4126 1552 4201 aliquid
1567 4129 1680 4202 sileres,
1702 4145 1760 4206 quo

421 4222 451 4275 et
473 4217 537 4293 ipse
559 4216 634 4275 tueri
656 4231 702 4274 me
724 4215 843 4291 possim,
867 4212 1033 4274 harmonias
1056 4215 1197 4275 coelestes
1219 4216 1248 4273 iu
1269 4215 1363 4275 lucem
1385 4214 1534 4290 proterens
1556 4223 1587 4274 et
1607 4216 1761 4275 umam

420 4305 455 4362 iu
475 4304 599 4362 scientia
620 4308 731 4361 semna
752 4317 904 4360 recusans.
951 4300 1028 4376 Quin
1052 4304 1140 4361 etiam
1162 4302 1215 4362 tihi
1238 4303 1295 4378 ipsi
1316 4304 1468 4377 quaerenti
1491 4308 1553 4361 tute
1575 4303 1759 4379 respondeto,

422 4407 483 4465 cnr,
506 4406 571 4449 cum
593 4406 700 4449 meana
721 4385 845 4466 physica
865 4386 1180 4466 mundopropalatum
1204 4406 1269 4464 eas,
1302 4388 1531 4465 resignantur.
1548 4392 1647 4465 potins
1670 4393 1760 4450 nuris

420 4480 449 4535 in
472 4478 565 4537 vicem
587 4474 751 4537 aemonis?

510 4562 626 4639 Quaero
650 4563 777 4622 vicissim
800 4579 866 4640 ego,
889 4578 939 4622 eur
960 4578 1134 4623 snccemeas
1155 4563 1235 4637 mihi,
1258 4564 1424 4640 aenigmata
1445 4562 1499 4623 tibi
1522 4563 1666 4639 nibueuti,
1694 4584 1759 4628 eum

422 4649 479 4710 hac
509 4652 573 4731 ipsa
595 4668 681 4727 snper
708 4666 740 4709 re
761 4656 821 4709 tam
850 4665 972 4726 operose
994 4656 1024 4710 te
1047 4647 1258 4712 defendendum
1282 4650 1335 4710 tibi
1365 4668 1385 4709 a
1404 4649 1484 4709 fines
1510 4652 1558 4710 16.
1586 4656 1759 4728 putareris?

422 4737 526 4798 Nonne
549 4755 618 4817 ergo
640 4738 741 4797 icteris
763 4738 930 4814 aenigmata
951 4738 1114 4813 tenebrosa,
1137 4738 1256 4797 sirecte
1278 4757 1298 4813 a
1318 4736 1348 4797 te
1370 4743 1512 4814 usurpata
1529 4739 1702 4816 mutandis,
1733 4745 1758 4802 si

423 4825 563 4907 exemplis
584 4833 613 4887 ts
635 4825 750 4909 magnis
771 4824 891 4887 munh?
934 4823 1055 4887 Licetne
1083 4823 1155 4885 mihi
1175 4832 1259 4887 tuum
1287 4827 1318 4883 iu
1339 4830 1421 4887 unte
1442 4827 1585 4887 sermonis
1616 4828 1759 4909 inaequa-
