3872 5846
374 370 437 432 256
646 448 648 455 Α
675 326 677 331 >
786 369 829 425 De
846 368 1110 439 configurationibus
1128 370 1308 427 Harmoniais.

372 544 548 621 turmisque,
581 564 657 623 qnae
684 546 803 624 igneum
826 548 896 624 quid
918 556 1003 624 sunt,
1032 551 1212 628 progenitus.
1257 548 1335 611 Vide
1358 546 1464 626 Optioa
1486 568 1569 625 mea,
1601 548 1651 608 iol.
1675 548 1727 622 25,

375 634 426 707 26,
452 634 503 692 27.
539 638 581 705 (11.
603 637 652 693 143
671 639 700 706 s.)

460 720 545 780 Hane
572 724 687 782 animae
710 721 837 782 Telluris
865 723 956 799 veluti
986 724 1137 782 materiam
1168 725 1398 798 assignabimus,
1430 727 1458 781 in
1487 741 1577 798 quam
1603 723 1667 798 jam
1690 725 1729 780 sit

374 809 516 885 impressa
539 808 605 866 loco
627 811 738 869 lormae
760 811 859 887 imago
892 810 991 870 vultus
1015 810 1115 883 divini,
1139 826 1205 868 cum
1228 811 1300 869 ideis
1316 811 1500 871 tachircnli
1522 813 1727 885 rationumque

373 896 437 971 ejus
460 898 598 970 omnium,
620 913 710 972 quarn
732 900 861 973 corporis
884 902 930 958 sui
951 898 1077 971 sensilis,
1100 900 1146 957 eui
1171 898 1297 973 regendo
1320 898 1468 976 praelecta
1490 907 1543 973 est,
1568 897 1726 972 mundique

373 981 449 1041 adeo
473 986 572 1056 totius,
597 986 626 1040 in
649 1001 708 1059 quo
731 986 837 1060 corpus
861 986 923 1062 sius
946 987 1074 1044 futurum
1099 994 1170 1043 erat.
1215 986 1314 1044 Habet
1344 989 1419 1045 enim
1445 986 1525 1045 Deus
1548 1005 1606 1045 non
1626 1002 1727 1044 exem-

373 1069 466 1144 plaria
489 1079 602 1129 tantum
624 1074 803 1146 geometrica
824 1091 933 1146 secum,
956 1073 1007 1132 sed
1031 1076 1120 1132 etiam
1136 1082 1294 1150 conceptus
1317 1074 1505 1137 creandarum
1528 1076 1657 1133 omniurn
1680 1089 1728 1131 re·

373 1175 437 1214 rum
461 1158 624 1228 sensilium,
656 1176 732 1234 qnae
756 1163 855 1219 omnia
877 1160 964 1219 simul
986 1168 1137 1219 transeunt
1160 1164 1188 1217 in
1212 1164 1338 1232 animas,
1371 1162 1427 1220 Dei
1450 1162 1643 1237 exemplaria,
1674 1175 1727 1236 pro

373 1244 520 1320 cujusque
540 1245 699 1323 vel-captu
722 1247 769 1306 vel
794 1266 858 1306 usu.
882 1247 1005 1307 Relucet
1028 1250 1115 1323 igitur
1137 1250 1167 1304 in
1190 1250 1288 1307 anima
1310 1247 1436 1307 Telluris
1460 1252 1558 1324 imago
1582 1247 1727 1324 quaedam

373 1332 472 1391 circuli
495 1333 609 1392 zodiaci
630 1334 778 1393 sensibilis
794 1338 942 1411 totiusque
959 1336 1033 1394 adeo
1049 1335 1232 1409 firmamenti,
1256 1335 1401 1394 vinculum
1425 1336 1609 1412 sympathiae
1632 1351 1727 1394 rernm

374 1420 546 1479 coelestium
569 1428 599 1480 et
618 1425 814 1497 terrestrium3
843 1422 972 1482 relucent
998 1422 1091 1481 multo
1122 1426 1248 1482 maxime
1277 1425 1308 1479 in
1338 1422 1389 1497 illa
1419 1423 1570 1501 archetypi
1598 1423 1727 1481 omnium

373 1508 465 1585 ipsius
488 1510 655 1567 munierum
678 1512 865 1585 omniumque
887 1517 1032 1583 motuum,
1062 1510 1169 1585 quibus
1200 1527 1304 1585 corpus
1334 1528 1417 1569 suum
1440 1527 1615 1586 quocunque
1638 1525 1725 1568 sensu

334 1648 339 1675 ,
373 1602 505 1670 moveat,
535 1613 622 1672 quam
645 1596 696 1655 alii
719 1603 851 1670 overran,
884 1615 939 1673 ego
962 1594 1103 1677 ivapysrar
1132 1596 1279 1656 lubentius
1309 1600 1529 1658 nominaverim.
1578 1598 1628 1657 Est
1649 1597 1725 1655 enim

373 1684 535 1745 animarum
557 1686 685 1743 essentia
707 1684 792 1757 haec,
824 1690 869 1743 est
890 1685 984 1744 veluti
1006 1679 1083 1764 ῥυσις
1105 1683 1249 1767 quaedam
1278 1684 1366 1761 hujus
1389 1686 1522 1745 flammae
1545 1687 1617 1754 ista,
1646 1683 1726 1760 quod

373 1787 488 1846 semper
510 1772 551 1830 ita
573 1780 641 1830 sunt
663 1781 849 1847 comparatae
871 1789 971 1832 secum
993 1774 1108 1831 animae
1131 1774 1214 1847 ipsae
1237 1774 1326 1845 intus,
1358 1791 1393 1831 au
1415 1777 1441 1831 si
1464 1780 1584 1849 agerent
1605 1771 1650 1843 id,
1679 1772 1727 1829 oui

374 1858 541 1935 peragendo
564 1858 658 1919 lautas
681 1871 763 1931 sunt,
795 1861 859 1918 sive
882 1866 949 1937 actu
972 1862 1119 1936 potiantur
1149 1861 1346 1918 instrumentis
1370 1863 1513 1937 corporis,
1544 1861 1615 1919 sive
1632 1863 1726 1934 impe-

328 2002 331 2013 ,
374 1943 499 2004 diantur.
544 1945 758 2024 Deusrquippe
787 1954 833 2005 est
859 1946 1063 2006 substantialis
1094 1949 1212 2021 energia
1234 1956 1262 2005 et
1284 1949 1350 2022 ipsa
1372 1947 1428 2007 bac
1450 1948 1570 2022 energia
1592 1946 1727 2005 subsistit

375 2034 422 2106 (ut
445 2031 480 2091 de
503 2031 611 2092 divinis
634 2033 763 2092 humano
786 2050 865 2092 mors
888 2029 1084 2114 balbutiam),
1115 2041 1145 2091 et
1174 2036 1310 2108 imaginis
1339 2036 1427 2110 igitur
1457 2034 1575 2099 divinas
1598 2033 1726 2094 essentia

374 2117 404 2181 ἐν
425 2142 466 2195 τῳ
489 2116 610 2198 drsoyssr
632 2124 776 2199 conastit,
798 2129 831 2179 ut
853 2120 986 2179 flammae
1009 2118 1039 2181 ἐν
1053 2143 1094 2196 τῳ
1117 2115 1210 2202 paren:
1235 2129 1266 2180 ut
1288 2124 1344 2179 nisi
1367 2122 1449 2182 Deus
1471 2130 1621 2181 aeternnm
1643 2119 1725 2180 illarn

374 2214 569 2268 sustentasset
591 2207 757 2268 irradiando
781 2208 844 2283 ejus
868 2208 960 2267 reluti
981 2210 1145 2280 materiam,
1179 2209 1277 2267 subito
1300 2209 1429 2268 desitura
1455 2208 1725 2284 exstinguendaqne

373 2293 468 2356 inerit.
513 2286 689 2371 Quanquam
712 2294 749 2356 ad
771 2295 1013 2354 individuationis
1035 2314 1106 2355 snae
1129 2298 1302 2372 principiam
1324 2313 1382 2355 non
1405 2305 1518 2356 tantum
1541 2313 1655 2372 corpus,
1678 2296 1727 2355 oui

374 2380 501 2456 rogando
525 2382 698 2459 praeficitur,
722 2381 775 2442 sed
797 2386 884 2442 etiam
901 2382 975 2442 haec
997 2386 1061 2459 ipsa
1077 2382 1237 2442 materialis
1260 2378 1364 2463 (quarn
1380 2386 1460 2460 prius
1475 2379 1632 2464 descripsi)
1656 2400 1725 2459 par·

375 2468 465 2527 ticula
486 2473 532 2526 sui
554 2474 726 2545 requiratur,
750 2469 931 2546 distinguens
954 2469 1036 2529 illam
1058 2488 1076 2529 a
1099 2472 1202 2531 ceteris
1225 2472 1389 2529 animabus.

462 2553 613 2630 Quatenus
637 2559 726 2632 igitur
746 2557 820 2617 baeu
841 2560 940 2618 anima
961 2557 1061 2617 circuli
1083 2557 1198 2616 zodiaci
1220 2574 1272 2616 seu
1294 2559 1390 2635 potius
1414 2559 1477 2634 ejus
1511 2559 1601 2617 centri
1629 2562 1727 2632 gestat

375 2640 479 2716 ideam,
504 2646 687 2721 persentiscit
708 2647 814 2724 etiam,
837 2645 888 2721 qui
910 2644 1028 2723 planata
1051 2648 1156 2721 quovis
1179 2652 1309 2722 tempore
1333 2646 1388 2703 sub
1412 2662 1471 2722 quo
1493 2644 1608 2705 zodiaci
1630 2642 1724 2720 gradu

374 2738 505 2789 versetur
526 2731 709 2808 angulosque
732 2733 939 2805 radiationum,
964 2735 1132 2792 coduntium
1154 2735 1183 2790 in
1206 2732 1307 2811 Terra,
1328 2734 1460 2809 metitum
1484 2740 1630 2808 quatenus
1654 2747 1724 2790 vero

374 2834 410 2876 ax
432 2817 558 2878 Divinae
589 2821 732 2880 essentiae
760 2819 947 2880 irradiatione
976 2823 1104 2881 rationes
1134 2819 1232 2880 circuli
1262 2822 1453 2896 geometricas
1483 2828 1513 2879 et
1535 2816 1603 2901 (per
1625 2817 1726 2878 circuli

374 2908 621 2981 comparationem
644 2924 709 2966 cum
733 2910 819 2966 certis
841 2910 902 2967 suis
924 2902 1070 2991 partibus)
1090 2908 1258 2967 harmonias
1280 2906 1484 2984 archetypales
1506 2908 1643 2983 suscepit,
1666 2921 1725 2964 non

373 3008 444 3066 pure
468 2993 586 3068 quidam
608 2996 815 3071 geometricas,
847 2994 899 3054 sed
930 2995 1124 3054 radiationum
1154 2993 1317 3055 lucidarum
1340 2996 1432 3054 veluti
1454 3011 1573 3053 saccaro
1597 2992 1725 3069 quodam

373 3077 525 3150 inductas,
549 3084 607 3140 imo
622 3085 747 3157 ,penitus
770 3082 913 3154 imbutas,
945 3100 1095 3142 mensuras
1119 3085 1207 3142 etiam
1230 3082 1403 3158 angulorum
1422 3082 1484 3158 Jam
1508 3084 1638 3157 agnitas,
1671 3080 1725 3140 has

374 3182 518 3242 congruas
540 3186 593 3229 seu
616 3169 814 3242 harmonicas,
846 3168 912 3227 illas
939 3172 1112 3245 incongruas
1137 3169 1265 3245 judieat3
1293 3179 1437 3245 quatenus
1468 3169 1593 3244 denique
1623 3167 1728 3228 eadam

374 3255 472 3314 anima
495 3256 648 3333 complexa
670 3265 715 3315 est
737 3256 819 3315 ideas
840 3272 959 3315 suorum
988 3275 1107 3333 operum
1139 3261 1275 3333 (quorum
1305 3257 1533 3332 uniuscnjusque
1563 3273 1653 3315 cansa
1674 3253 1725 3314 illa

374 3348 418 3400 est
442 3342 533 3402 veluti
556 3344 680 3403 circulus
704 3342 824 3419 quidam
847 3342 1041 3422 operativus),
1065 3347 1094 3402 in
1117 3343 1168 3403 illa
1191 3347 1280 3403 etiam
1302 3361 1357 3402 sua
1380 3361 1470 3420 opera
1492 3360 1606 3419 semper
1626 3343 1724 3411 fertur,

373 3429 516 3504 insignius
540 3438 637 3490 tamen
662 3439 739 3503 tunc,
763 3433 789 3489 si
811 3438 869 3490 tres
893 3431 923 3490 hi
939 3431 1035 3491 circuli
1059 3434 1254 3491 concurrerint
1276 3439 1305 3489 et
1320 3433 1550 3508 conspiraverint
1573 3432 1601 3487 in
1625 3445 1723 3502 unum,

284 3526 288 3535 ·
372 3514 430 3575 hoc
452 3525 497 3575 est
519 3519 544 3576 si
566 3520 673 3592 anima,
698 3535 749 3595 per
763 3526 900 3595 aspectus
923 3521 969 3578 sui
992 3520 1084 3596 ipsius
1100 3517 1257 3587 admonita,
1281 3520 1360 3594 operi
1385 3535 1438 3577 suo
1462 3535 1527 3577 cum
1549 3519 1649 3593 aliquo
1672 3534 1724 3576 ex·
1776 3589 1780 3595 .

375 3619 460 3663 oessu
484 3606 630 3668 institerit.
674 3605 832 3680 Nunquam
856 3606 974 3681 quidem
997 3606 1048 3664 illa
1071 3612 1167 3666 cessat
1189 3625 1206 3664 a
1230 3605 1400 3682 coquendo,
1423 3622 1628 3681 necunquam
1651 3604 1724 3662 haec

375 3698 494 3751 coctura
516 3700 560 3753 est
582 3694 645 3753 sine
667 3692 747 3753 sumo
770 3700 799 3754 at
816 3693 933 3770 vapore,
958 3695 1027 3770 quin
1043 3710 1079 3751 ex
1102 3693 1181 3751 lumo
1196 3692 1309 3752 tonsilia
1330 3692 1402 3751 fiunt
1424 3687 1474 3774 (ut
1495 3709 1530 3752 ex
1554 3692 1641 3751 sumis
1664 3691 1724 3749 ior-

376 3794 481 3838 uacum
504 3780 715 3840 metallicarum
737 3782 871 3840 consistit
893 3775 1086 3861 arsenicum),
1108 3797 1145 3840 ex
1166 3798 1276 3857 vapore
1301 3797 1369 3840 vero
1391 3780 1500 3856 tepido,
1525 3782 1603 3838 intus
1625 3782 1655 3836 in
1677 3777 1723 3835 la-

373 3864 485 3941 pidosis
508 3866 615 3929 Terras
637 3869 739 3928 crustis
761 3869 929 3944 refrigerato
953 3872 1041 3944 inque
1063 3873 1162 3942 guttas
1185 3877 1303 3942 coacto,
1328 3868 1447 3927 flumina
1468 3866 1598 3927 adsuas
1621 3864 1723 3925 destil-

364 3954 437 4013 lant
459 3954 593 4029 origines,
618 3973 654 4016 ex
677 3954 789 4029 eodem,
812 3956 891 4015 foras
913 3973 1002 4034 supra
1024 3955 1132 4014 Terrae
1155 3955 1335 4032 superficiem
1359 3958 1533 4030 exspirante,
1557 3958 1608 4013 aer
1629 3953 1724 4029 spira·

374 4040 451 4114 bilis,
475 4045 525 4117 qui
549 4060 600 4120 per
622 4050 738 4103 noctem
759 4044 788 4101 in
810 4059 890 4103 rores
913 4046 1011 4104 coiens
1035 4041 1193 4115 deciderat,
1217 4043 1348 4117 quotidie
1370 4051 1536 4101 renovatur.
1566 4041 1632 4099 Hoc
1654 4055 1723 4097 vero

255 4182 264 4207 ,
373 4130 488 4187 animas
511 4129 618 4191 Terrae
641 4148 716 4207 opus
739 4133 793 4189 etsi
816 4141 988 4209 perpetuum
1011 4139 1071 4203 est,
1095 4148 1169 4207 opus
1192 4136 1288 4189 tamen
1311 4129 1366 4189 suit
1388 4129 1555 4188 excessibus
1570 4126 1724 4202 ‘aliquibus

323 4276 327 4279 ,
373 4216 405 4273 in
428 4216 626 4293 evaporando,
649 4235 708 4277 non
724 4219 871 4277 continuis
894 4225 956 4277 tuto
972 4216 1073 4293 aliquo
1096 4227 1234 4293 tempore,
1259 4217 1310 4275 sed
1333 4215 1370 4275 ad
1394 4222 1488 4275 certos
1506 4217 1566 4275 diss
1589 4214 1724 4286 redactis,

373 4312 406 4361 ut
428 4321 464 4362 ax
487 4308 573 4381 copia
595 4320 738 4381 vapomm
759 4308 836 4364 foras
859 4308 982 4364 emissae
1010 4304 1128 4381 pluviae
1154 4305 1355 4381 tempestivae,
1378 4303 1490 4362 solibus
1513 4311 1609 4362 tamen
1633 4304 1724 4360 inter·

374 4393 571 4467 currentibus,
600 4393 871 4471 suppeditarentur,
904 4392 1069 4468 superficiei
1092 4390 1199 4451 Temno
1222 4389 1431 4449 refocillandae
1454 4389 1723 4464 humectandaeqno

374 4494 472 4552 causa,
495 4480 572 4541 unde
594 4480 693 4557 fruges
716 4489 748 4539 et
767 4478 878 4556 pabula
900 4480 1100 4539 animantibus
1121 4495 1303 4537 succrescere
1325 4485 1454 4554 possent.

460 4565 596 4643 Objitere
619 4571 685 4643 quis
706 4566 778 4625 milri
802 4575 902 4643 posset
925 4566 1041 4626 Africae
1063 4573 1093 4625 et
1115 4565 1266 4625 Peruanae
1290 4566 1480 4643 penitissima,
1502 4563 1597 4622 lineae
1619 4561 1724 4639 aequi·

372 4652 492 4712 noctiali
514 4655 658 4730 subjecta,
682 4655 789 4730 quibus
812 4654 885 4714 locis
901 4657 1056 4714 continuae
1078 4653 1197 4730 pluviae
1220 4669 1272 4727 per
1291 4660 1384 4712 totam
1406 4660 1546 4712 aestatem
1568 4648 1724 4722 decidunt3

372 4739 424 4798 ubi
446 4740 535 4818 igitur
554 4742 605 4803 hle
628 4741 775 4802 distinctio
803 4749 975 4818 aspectuum
1006 4762 1025 4802 a
1047 4738 1324 4814 configurationibus
1350 4736 1572 4799 inefficacibus?
1603 4737 1652 4796 ubi
1677 4736 1723 4794 vi·

373 4827 558 4889 oissitudines
584 4829 695 4891 solium
716 4828 929 4891 erimbrium?
958 4836 989 4890 st
1018 4845 1056 4888 aa
1085 4843 1143 4888 oon
1173 4843 1274 4887 aursus
1307 4827 1408 4915 Solis,
1430 4826 1567 4903 planetae
1590 4823 1722 4898 solitarii,
