3940 5856
743 389 827 457 hiber
843 399 876 455 V.
909 394 999 471 Caput
1014 384 1060 457 IX.
1138 478 1142 503 Ι
1518 404 1581 472 3ῠὸ

223 574 369 647 scriptum:
396 590 461 647 erge
488 573 543 630 illis
560 589 596 630 ex
622 572 799 645 possibilibus
827 574 975 631 harmoniis
1001 573 1129 630 minimae
1156 573 1304 647 debentur,
1330 577 1432 649 qnippe
1450 586 1582 651 cognatae

222 653 403 724 prepterhec,
422 660 450 708 et
459 662 490 709 ut
501 669 545 709 ax.
556 655 581 709 2.
591 652 682 709 lecum
699 654 807 708 babeat.
827 640 911 723 dtqui
928 654 1087 709 harmoniae
1099 653 1218 709 emnium
1230 654 1365 726 minimae,
1384 672 1423 713 ac.
1443 658 1478 729 li,
1492 667 1520 715 et
1532 662 1581 731 il„

223 748 279 787 neu
297 739 362 789 suut
377 732 537 803 possibiles,
565 749 616 803 per
639 748 716 802 prop.
737 733 761 789 6.
798 733 872 803 Ergo
902 733 1036 789 debentur
1060 732 1155 802 figuris
1182 731 1261 788 dictis
1283 733 1442 793 harmoniae
1459 740 1582 808 proxime
1622 786 1625 793 .

223 811 340 881 majores
357 809 441 881 hisce,
460 812 565 869 scilicet
581 813 626 868 vel
645 812 679 880 ii,
697 810 740 864 vel
760 810 792 880 ²l,
811 811 855 867 rel
872 811 905 879 il,
924 812 968 868 sel
984 812 1028 881 is,

311 887 431 943 Rursum
450 886 538 960 figura
555 890 626 946 iuter
642 890 777 947 Venerem
795 896 824 946 et
840 890 1007 947 Mercurium
1023 890 1199 960 interlucata,
1218 892 1323 948 scilicet
1341 893 1499 968 octaedren,
1519 913 1581 966 pre·

224 966 377 1036 portionem
395 967 480 1022 habet
497 969 612 1023 eandem
631 986 741 1025 snorum
759 969 873 1040 orbium,
892 987 973 1041 quam
992 971 1094 1026 cubus:
1114 973 1143 1026 at
1161 972 1232 1027 cubo
1249 987 1300 1042 pro
1318 972 1414 1031 minori
1431 973 1581 1044 harmonia,

225 1061 295 1116 quae
313 1053 355 1102 est
372 1047 444 1103 inter
461 1039 552 1117 motus
570 1056 772 1118 conserpentes,
792 1048 902 1106 obvenit
919 1049 1060 1120 diapason,
1079 1066 1129 1120 per
1146 1067 1224 1120 prop,
1243 1052 1268 1119 7,
1287 1065 1351 1120 ergo
1371 1046 1515 1109 deberetur
1531 1070 1582 1124 per
1625 1050 1634 1067 ¹
1675 1098 1681 1105 .

225 1124 375 1195 analogiam
395 1127 623 1187 etiamectaedre
641 1135 726 1197 tanta,
745 1145 782 1184 sc.
803 1128 836 1201 ll,
857 1146 907 1200 pro
925 1131 1032 1199 minori,
1051 1130 1075 1185 si
1092 1129 1159 1186 nihil
1178 1128 1343 1185 diversitatis
1361 1133 1510 1188 accederet.
1528 1135 1581 1189 Ac·

225 1204 298 1261 cedit
316 1210 407 1258 autem
424 1205 477 1261 hec
495 1207 666 1273 diversitatis,
685 1210 758 1278 qued
777 1208 932 1263 cubicorum
951 1208 1061 1277 quidem
1078 1206 1259 1278 planetarum,
1277 1207 1388 1263 Saturni
1406 1226 1444 1267 sc.
1456 1218 1484 1266 et
1495 1212 1580 1283 iovis,

225 1280 393 1350 singulorum
411 1285 536 1354 propriae
554 1292 676 1342 motuum
703 1287 894 1356 proportiones
917 1286 1030 1356 junctae
1048 1286 1203 1342 efficiebant
1229 1302 1361 1342 summam
1378 1306 1434 1344 nen
1451 1290 1581 1359 maiorem

226 1376 306 1429 quam
328 1361 434 1429 ²l„,bic
451 1379 514 1418 rere
527 1365 742 1420 octaedricerum
754 1366 934 1436 planetarum,
953 1365 1067 1422 Veneris
1079 1373 1107 1421 et
1119 1364 1257 1432 Mercurii,
1276 1364 1443 1432 singolorum
1455 1369 1581 1438 prepriae

222 1439 335 1507 junctae
352 1440 453 1495 facient
471 1457 603 1497 summam
620 1444 750 1513 majorem
768 1461 850 1516 quam
871 1446 914 1515 Ἃ,
933 1444 1011 1515 qued·
1024 1444 1106 1500 facile
1124 1445 1164 1501 sic
1182 1451 1304 1513 apparet
1322 1444 1392 1499 Esto
1409 1446 1488 1521 enim,
1506 1448 1580 1516 quod

225 1519 377 1587 requireret
394 1519 520 1589 orologio
536 1521 608 1577 iuter
625 1524 724 1578 cubum
743 1530 771 1578 et
786 1523 951 1591 octaedreu‚
980 1524 1004 1579 si
1022 1524 1083 1579 sola
1099 1531 1184 1589 esset,
1211 1523 1247 1578 sit
1273 1522 1383 1593 iuquam
1400 1524 1489 1580 minor
1506 1534 1581 1582 octa·

226 1598 327 1665 tdrica,
343 1597 430 1666 major
446 1614 528 1667 quam
545 1610 610 1656 suut
627 1600 673 1659 hic
689 1603 883 1673 praescriptae,
902 1603 1026 1671 adeoque
1038 1603 1078 1660 sic
1094 1602 1176 1672 plane
1188 1610 1273 1673 tauta,
1291 1610 1395 1672 quanta
1406 1604 1459 1660 luit
1476 1603 1580 1673 cubica,

215 1677 331 1732 =scilicet
352 1676 395 1749 ¹12:
414 1686 474 1733 erat
489 1693 555 1733 vere
572 1679 660 1748 major
681 1682 712 1754 ¹1,
729 1698 780 1753 per
796 1698 873 1752 prop.
893 1683 937 1741 12.
971 1682 1073 1737 Ablata
1089 1683 1173 1751 igitur
1189 1681 1270 1751 binc,
1292 1698 1374 1752 quam
1391 1683 1472 1738 medo
1489 1686 1581 1754 posui·

225 1772 294 1823 mus,
311 1756 415 1812 minere
436 1756 485 1829 ¹1„
515 1767 608 1815 manet
625 1760 715 1815 adhuc
737 1761 767 1833 Ἰ,
788 1777 839 1831 pro
856 1776 962 1814 summa
978 1760 1150 1830 propriarum
1167 1752 1284 1815 Veneris
1299 1768 1327 1816 et
1344 1762 1487 1833 Mercurii,
1507 1764 1582 1834 atqui

230 1837 261 1907 Ἰ,
278 1836 340 1906 plus
359 1844 402 1892 est
418 1854 499 1907 quam
518 1854 622 1894 summa
641 1839 673 1909 il,
690 1839 863 1908 propriarum
881 1830 991 1903 Saturni
1011 1848 1039 1893 et
1056 1840 1146 1910 Jouis,
1173 1845 1201 1894 et
1217 1854 1280 1893 rere
1302 1839 1431 1909 maJ'orem
1449 1857 1581 1898 summam

225 1915 297 1970 hanc
315 1914 403 1984 major
421 1916 545 1985 sequitur
562 1917 764 1986 eccentricitas,
788 1932 838 1988 per
856 1934 915 1986 cap.
934 1917 963 1984 3,
982 1916 1116 1986 majorem'
1130 1934 1193 1973 rere
1213 1918 1440 1975 ecceutricitatem
1459 1923 1582 1990 sequitur

225 1996 313 2050 minor
329 1996 469 2065 proportio
488 2002 609 2051 metuam
627 1996 857 2065 couvergentium,
874 1995 1014 2064 peridem
1031 2011 1092 2066 cap.
1105 1998 1130 2053 3.
1149 1997 1240 2067 Quare
1254 1996 1286 2051 iit
1298 1999 1453 2054 accessione
1470 1999 1581 2069 majoris

226 2074 435 2129 ecceutricitatis
454 2074 490 2130 ad
508 2074 662 2146 analogiam
684 2075 757 2130 iuter
783 2075 884 2130 cubum
911 2081 938 2129 et
965 2075 1125 2145 octaedron,
1152 2083 1185 2132 at
1210 2077 1297 2132 minor
1319 2078 1400 2132 etiam
1426 2080 1581 2149 requiratur

226 2150 447 2219 concernentium
466 2152 581 2209 Veneris
609 2162 638 2210 et
655 2155 784 2211 Mercurii
810 2153 965 2225 propertio,
994 2170 1076 2223 quam
1097 2154 1140 2227 ¹1,
1176 2155 1208 2211 Id
1234 2156 1315 2211 etiam
1341 2158 1504 2213 couveniens
1522 2165 1582 2215 erat

226 2230 358 2285 axiomati
375 2234 408 2300 1,
435 2236 467 2286 ut
484 2230 626 2288 harmonia
652 2232 784 2304 diapason
812 2234 939 2288 absumta
966 2233 994 2287 ia
1012 2233 1123 2290 cubices
1141 2234 1331 2290 conciliaretur
1348 2237 1508 2292 octaedricis
1526 2236 1581 2293 alia

211 2309 349 2378 'proxima
367 2317 396 2365 et
411 2325 461 2380 par
479 2312 599 2383 priorem
618 2311 876 2369 demonstrationem
892 2311 982 2368 minor
1007 2328 1089 2383 quam
1111 2314 1151 2383 ¹l,.
1187 2314 1239 2368 Eat
1265 2321 1355 2368 autem
1381 2315 1433 2369 bac
1457 2315 1580 2385 proxime

225 2387 313 2443 minor
331 2389 378 2458 Ἃ,
398 2404 468 2459 quae
486 2398 517 2445 ut
534 2391 622 2461 major
639 2406 674 2447 er
693 2390 780 2448 tribus
799 2391 950 2447 debebatur
966 2390 1070 2462 figurae
1087 2392 1198 2461 majoris
1216 2391 1322 2447 orbium
1340 2407 1450 2467 auorum
1468 2408 1580 2462 proper·

225 2465 314 2536 tionis,
333 2467 461 2525 octaedre
480 2469 590 2526 scilicet.
614 2470 748 2527 'Minores
775 2471 857 2541 igitur
876 2472 908 2539 ila
927 2480 954 2527 et
974 2470 1006 2543 7,
1029 2470 1073 2525 rel
1090 2471 1124 2540 is,
1149 2471 1373 2543 relinquebantur
1399 2470 1533 2525 icosiedre
1552 2474 1581 2524 et

226 2545 405 2615 dedecaedre,
424 2546 519 2619 liguris
536 2550 720 2619 proportionis
740 2550 844 2605 orbium
862 2567 973 2605 suorum
990 2550 1110 2607 mineris.

313 2626 372 2680 Hae
399 2643 463 2684 rere
489 2629 616 2684 residuae
642 2628 713 2684 iuter
740 2628 808 2684 duaa
832 2628 955 2684 residuas
981 2629 1022 2683 sic
1046 2636 1111 2683 suut
1137 2626 1308 2685 distributae.
1344 2629 1420 2685 Sicut
1447 2629 1518 2685 enim
1546 2641 1580 2681 ex

224 2703 332 2776 ilguds,
359 2703 424 2762 iicet
449 2706 602 2776 aequalium
620 2708 693 2762 inter
720 2723 784 2763 suos
811 2708 891 2763 orbes
918 2707 1137 2776 propertionum,
1166 2708 1253 2763 cubus
1280 2705 1388 2776 quidem
1407 2708 1520 2764 sortitus
1538 2711 1582 2762 est

225 2782 393 2840 harmoniam
411 2786 460 2854 ¹l,‚
489 2787 637 2842 octaedren
655 2800 718 2841 rere
737 2788 770 2855 il,
788 2786 935 2855 minorem,
966 2802 999 2841 so
1018 2786 1091 2855 quod
1110 2799 1215 2840 summa
1231 2785 1403 2855 propriarum
1421 2786 1535 2841 Veneris
1552 2795 1581 2842 et

225 2862 352 2919 Mercurii
371 2871 511 2934 superaret
535 2880 666 2920 summam
691 2866 863 2937 propriarum
882 2866 993 2921 Saturni
1017 2872 1046 2920 et
1063 2864 1151 2920 ieris:
1183 2863 1222 2919 sic
1240 2864 1321 2918 etiam
1338 2864 1383 2919 hic
1401 2864 1579 2937 dodecaedre,

225 2942 347 3011 namsia
365 2941 393 2996 id
411 2942 526 2999 eandem
543 2943 626 3001 faeiat
643 2946 748 3001 orbium
766 2962 876 3023 suerum
895 2945 1100 3016 proportionem
1127 2959 1209 3012 quam
1235 2943 1403 3014 icosiedren,
1430 2942 1581 2998 debebatur

225 3019 313 3073 minor
331 3036 412 3089 quam
432 3020 581 3093 icosiedro,
606 3024 731 3093 proxima
748 3030 841 3080 tamen
859 3032 973 3094 prepter
990 3024 1106 3079 similem
1123 3038 1250 3090 causam,
1268 3037 1305 3077 sc
1325 3022 1390 3090 quia
1406 3021 1476 3077 haec
1493 3022 1581 3093 figura

226 3105 269 3154 est
285 3098 357 3154 iuter
375 3098 512 3156 Tellurem
530 3110 559 3156 ct
575 3101 705 3174 Martem,
734 3104 812 3173 cujus
830 3103 858 3157 in
877 3102 1063 3172 superioribus
1081 3102 1180 3172 magna
1204 3100 1277 3157 iacta
1301 3109 1360 3157 erat
1378 3103 1578 3173 eccentricitaa3

224 3177 338 3234 Veneria
357 3195 420 3234 rere
439 3188 467 3235 et
484 3180 617 3251 Telluris,
645 3184 720 3237 utin
740 3182 917 3250 sequentibus
936 3181 1089 3254 audiemus,
1115 3180 1241 3236 minimae
1267 3187 1332 3235 sunt
1355 3180 1579 3251 ecccmncitates.

223 3255 261 3312 At
279 3274 341 3313 cum
359 3259 508 3315 ecmedron
526 3260 627 3316 habeat
646 3262 697 3331 il„
715 3260 877 3328 icosiedreu,
896 3261 975 3331 cujus
994 3260 1098 3316 orbium
1117 3259 1257 3331 proportio
1276 3259 1371 3329 minor,
1390 3259 1580 3314 succedentem

225 3336 308 3404 paule
326 3337 457 3393 minorem
474 3338 535 3405 illa,
560 3356 598 3395 sc.
619 3341 665 3409 ⁶lp:
690 3339 893 3409 relinquebatur
910 3341 993 3410 igitur
1011 3340 1180 3395 dodecaedre
1203 3337 1246 3392 vel
1266 3338 1299 3407 il,
1317 3338 1441 3409 residua,
1470 3336 1512 3392 vel
1531 3337 1578 3408 il„

116 3465 121 3473 ,
225 3414 317 3483 petius
336 3431 400 3470 vere
418 3416 474 3485 illa,
493 3417 594 3489 quippe
611 3419 723 3489 propior
739 3419 922 3475 icosaedricae
942 3422 990 3486 Ἄ,
1010 3420 1073 3489 quia
1090 3428 1118 3475 et
1135 3418 1239 3489 figurae
1257 3416 1359 3473 similes
1377 3424 1450 3474 sunt.

311 3494 349 3547 At
365 3509 401 3548 ue
418 3495 556 3564 possibilis
574 3497 683 3565 quidem
701 3498 755 3552 init
773 3497 815 3567 il,
853 3497 914 3553 bitsi
941 3498 1013 3552 euim
1043 3497 1109 3553 satis
1136 3514 1236 3569 magna
1253 3506 1313 3552 erat
1340 3497 1367 3551 iu
1394 3497 1580 3567 superioribus

225 3573 337 3642 propria
353 3576 494 3644 proportio
512 3582 632 3631 motuum
652 3583 833 3630 extremorum
845 3576 958 3646 Martia,
977 3584 1006 3630 at
1017 3575 1119 3643 Tellus,
1137 3574 1240 3643 etjam
1254 3577 1355 3632 dictum
1373 3586 1401 3632 et
1417 3577 1447 3630 iu
1464 3592 1579 3645 sequen·

225 3649 299 3706 tibus
316 3652 430 3721 patebit,
448 3653 606 3709 conferebat
623 3653 761 3723 propriam
779 3656 919 3724 minorem,
937 3672 1020 3726 qaam
1038 3660 1069 3710 ut
1086 3670 1192 3709 sumnia
1202 3657 1345 3724 utriusque
1362 3663 1504 3726 superaret
1521 3654 1578 3712 dia-

226 3737 316 3800 pente.
353 3733 416 3790 Neu
432 3740 542 3803 peterat
558 3734 642 3803 igitur
660 3734 749 3789 lecum
766 3732 867 3790 habere
887 3737 934 3806 ³1„
957 3751 1008 3803 per
1032 3749 1110 3803 prop.
1129 3735 1155 3789 7.
1189 3733 1222 3788 Id
1240 3750 1273 3791 ee
1291 3734 1422 3805 amplius,
1446 3733 1525 3803 quia,
1548 3740 1580 3788 ut

226 3819 359 3878 aequetur
383 3826 462 3882 prop.
483 3814 523 3885 17,
541 3813 628 3881 maier
652 3828 714 3869 esse
742 3813 837 3870 debuit
853 3813 1055 3871 intervallorum
1073 3813 1292 3881 conversantium
1316 3812 1469 3886 proportio,
1497 3827 1579 3881 qaam

230 3890 238 3920 1

239 3890 545 4042 ⁰⁰⁰lwhropesitie
572 3965 661 4026 XVI.
707 3967 830 4028 Veneria
853 3974 884 4028 et
904 3966 1044 4027 Mercurii
1066 3928 1199 4026 motuum
1226 3968 1448 4044 proportiones,
1477 3966 1579 4043 cujus·

228 4068 287 4127 que
308 4055 454 4129 propriae,
474 4052 596 4129 junctae
620 4053 783 4115 debuerunt
805 4054 920 4115 eiicere
943 4051 995 4136 ii„
1018 4056 1141 4114 circiter.

297 4142 384 4199 Aufer
402 4143 472 4198 enirn
489 4143 620 4200 minorem
637 4145 822 4200 harmonicam
842 4145 890 4217 ³1„
912 4145 978 4201 hnic
996 4146 1075 4213 bigae
1093 4144 1273 4201 communiter
1288 4145 1418 4200 tributam
1435 4161 1515 4214 prop.
1534 4146 1578 4213 15,

228 4222 263 4278 ab
279 4222 390 4279 illerum
402 4223 499 4293 majori
518 4223 548 4296 ’1,
566 4224 609 4279 rel
628 4226 691 4296 ³lm
709 4240 760 4297 per
777 4242 856 4295 prop.
871 4226 912 4295 12,
931 4231 1018 4281 restat
1030 4223 1096 4296 iim,
1114 4241 1219 4281 summa
1236 4224 1407 4294 propriarum
1426 4224 1577 4290 utriusque.
1597 4244 1603 4261 ¹

227 4302 325 4371 ltaque
342 4303 471 4359 Mercurii
488 4304 573 4359 solius
599 4305 711 4374 propria
738 4312 861 4360 motuum
886 4312 1068 4362 extremorum
1096 4304 1238 4376 proportio
1264 4302 1577 4372 mercennarii„

228 4381 381 4450 qumtiute
401 4384 527 4452 propriae
546 4383 667 4439 Veneris.
702 4383 828 4453 Intellige
854 4387 915 4442 hec·
933 4387 967 4441 de
984 4387 1028 4442 his
1045 4386 1140 4456 primis
1158 4383 1317 4439 rationibus.
1353 4382 1423 4438 Nam
1441 4379 1513 4435 inira
1529 4394 1580 4449 per

229 4459 363 4515 secundas
380 4462 513 4533 rationes,
540 4463 687 4517 accedente
707 4464 895 4520 communibus
913 4467 1054 4536 utriusque
1071 4462 1219 4519 harmoniis
1237 4461 1328 4532 alique
1346 4459 1494 4528 lerneam,
1521 4454 1579 4513 ert·

230 4538 329 4607 cietur,
347 4545 379 4592 ut
396 4538 456 4593 sela
471 4540 584 4609 propria
600 4539 730 4596 Mercurii
747 4541 867 4611 perfecte
885 4542 1007 4598 obtineat
1025 4543 1085 4614 51η.

317 4612 533 4690 Prepesitie
555 4613 660 4675 XVII.
705 4616 867 4677 Harmonia
888 4626 1023 4678 motuum
1043 4618 1148 4678 Martie
1172 4623 1202 4677 et
1217 4612 1345 4674 Telluris
1366 4612 1579 4689 divergeatium

230 4717 290 4761 nea
310 4703 407 4777 potuit
429 4717 495 4760 esse
516 4703 611 4761 minor
634 4722 723 4780 quam
745 4700 807 4800 ⁶42.
1319 4765 1325 4781 ,

314 4784 385 4839 Nam
402 4783 478 4838 aelus
495 4781 572 4839 Mars
590 4795 686 4842 nactus
704 4787 756 4843 init
773 4804 802 4843 ru
819 4786 931 4857 propria
951 4802 1061 4843 suorum
1084 4795 1205 4842 motuum
1223 4784 1399 4857 proportione
1416 4781 1478 4853 plua
1497 4796 1578 4850 quam

230 4861 399 4920 diatessaron
418 4871 445 4918 et
462 4862 525 4934 plus
542 4879 623 4934 quam
644 4864 715 4940 ''las
740 4880 791 4936 per
807 4881 886 4936 prop.
904 4866 947 4922 14.
984 4867 1075 4920 Miner
1090 4881 1155 4922 vero
1172 4867 1315 4923 harmonia
1337 4866 1446 4922 illerum
1462 4870 1506 4919 est
1523 4861 1578 4917 dia-

282 4972 378 5027 masa
390 4971 506 5026 eom
1381 4960 1423 5020 20
1483 4978 1487 4989 ⁴
