3840 5854
662 396 692 453 ln
707 393 882 452 Harmomm
898 394 1003 453 Mundi.
1470 402 1510 464 19

159 575 206 636 hic
226 572 314 636 dictis
336 577 495 656 appositis:
529 574 633 653 ,Veia
678 577 735 639 Die
759 579 788 638 ti.
811 577 885 639 Dec.
911 576 1025 652 lew,
1055 576 1111 635 nisi
1134 572 1394 651 assumeremus,
1426 572 1511 655 Kep-

160 662 250 725 lerum
270 663 413 741 libellum,
436 671 593 742 antequam
616 663 654 726 ad
675 665 762 727 finem
783 665 876 743 proeli
898 666 1089 743 pervenisset,
1111 662 1238 724 Fiuddio
1260 665 1466 727 transmisisse.

252 767 300 830 Dc
312 768 371 830 hoc
385 769 504 830 Fluddii
518 769 620 831 libelle
634 787 729 848 pauca
744 770 886 830 habemus
902 786 978 846 quae
994 768 1133 829 dicamus.
1157 768 1394 847 Prioreerepetit
1408 767 1510 845 objur-

161 856 293 932 gationes
315 874 424 936 magna
446 876 482 919 en
503 864 600 935 parte,
631 858 705 917 nihii
726 861 812 933 nori,
845 856 925 934 quod
955 865 1116 918 memoratu
1145 855 1266 934 dignum
1295 859 1348 933 sit,
1379 857 1510 918 afferens

161 940 300 1005 Oratione
321 948 428 1021 utitur,
452 948 477 1006 si
499 953 593 1005 totum
615 946 812 1023 spectaretis,
844 945 1033 1021 modestiore,
1057 962 1235 1023 quamquam
1258 944 1353 1006 elucet
1376 962 1513 1005 nonnun-

162 1047 250 1108 quam
271 1034 387 1094 animus
410 1032 525 1112 Angiici
548 1033 703 1111 theosophi
726 1052 745 1094 a
765 1032 895 1110 Keplero
926 1034 1105 1095 superatus.
1159 1031 1345 1111 Quantopere
1368 1033 1512 1111 Keplerus

163 1118 197 1179 de
218 1119 429 1182 mathematica
451 1129 481 1182 et
501 1124 681 1182 astronomia
703 1122 847 1195 meruerit,
870 1123 965 1198 magis
984 1138 1072 1199 quam
1095 1130 1182 1183 antea
1204 1138 1376 1199 agnoscens,
1399 1123 1461 1181 suis
1476 1121 1516 1182 dd

163 1208 272 1269 nunde
294 1211 426 1288 mysticis
447 1210 635 1287 opinionibus
656 1209 723 1287 pins
746 1226 835 1286 quarn
849 1208 970 1296 Kepleri
985 1210 1123 1287 operibus
1143 1209 1253 1271 tribuit.
1284 1209 1357 1269 Cum
1372 1208 1514 1269 nonnulla

164 1312 198 1356 ex
218 1296 278 1357 hoe
299 1314 439 1375 responso
462 1296 702 1358 adnotationibus
724 1297 763 1357 ad
784 1296 905 1375 Kepleri
929 1297 1103 1376 Apologiam
1131 1314 1185 1359 suo
1215 1297 1282 1359 ioco
1312 1296 1513 1376 adjecerimus,

162 1400 267 1462 penca,
291 1403 369 1463 quae
391 1388 422 1445 in
443 1385 500 1447 hnc
522 1386 668 1464 leguntur,
692 1385 792 1446 afferre
814 1385 905 1446 lubet.

263 1489 412 1570 Keplerus
434 1490 545 1551 dixerat
568 1492 597 1549 in
619 1505 740 1550 numero
756 1491 813 1549 26:
848 1488 921 1549 mihi
941 1492 1082 1570 mysteria
1103 1497 1156 1550 tua
1176 1488 1316 1567 perplexa
1337 1496 1406 1549 sunt
1428 1488 1514 1567 eulpa

164 1583 215 1638 tua
236 1584 425 1656 tuorumque,
456 1594 530 1655 quos
552 1577 671 1652 laudas,
687 1594 797 1638 -roeeee
820 1580 912 1639 crucis
933 1578 1062 1653 hairum,
1086 1579 1136 1655 qui
1159 1577 1275 1655 lugiunt
1297 1577 1335 1638 ad
1357 1576 1463 1638 salicae
1486 1585 1516 1639 et

164 1683 197 1726 se
219 1668 341 1744 cupiunt
363 1673 450 1731 antea
471 1665 573 1727 rideri.
604 1664 652 1725 Ad
675 1665 748 1726 haec
770 1664 930 1725 Fiuddius:
956 1670 1067 1727 Fratres
1085 1684 1181 1725 roseae
1199 1668 1241 1723 Cr.
1259 1667 1376 1737 maiores
1393 1668 1515 1739 proiecto

164 1756 241 1819 sunt,
260 1765 343 1819 quum
360 1750 457 1819 quibus
475 1747 831 1819 malevolornmopprobriu
847 1764 945 1804 nocere
963 1748 1077 1818 possint
1117 1746 1238 1815 Oquam
1256 1763 1370 1818 corpore
1387 1748 1516 1804 robustus

164 1827 379 1898 cssetJoannes,
397 1843 478 1899 quam
496 1827 594 1898 spiritu
608 1835 706 1898 petens
725 1833 753 1881 et
770 1825 858 1896 fortis,
877 1826 923 1895 qui
941 1827 1039 1883 iratres
1051 1829 1111 1893 hos,
1128 1824 1303 1895 philosophia
1315 1832 1343 1881 et
1353 1825 1517 1897 theosophis

165 1909 406 1981 eminentissimos,
431 1908 490 1964 solo
516 1924 566 1964 suo
584 1913 653 1964 nutu
670 1912 791 1976 cogeret,
819 1913 850 1961 ut
867 1905 895 1961 in
913 1907 1050 1963 hominnm
1076 1906 1256 1976 frequentiam
1273 1907 1422 1976 prodirent.
1457 1905 1516 1962 Imo

165 2005 227 2047 vero
246 2004 297 2046 nec
315 1989 365 2046 tibi
381 2004 433 2045 nec
448 1987 515 2043 mihi
533 1987 689 2045 obedientes
707 1985 860 2054 neminique
878 1987 932 2042 nisi
943 1987 995 2042 soli
1006 1989 1065 2044 Deo
1086 1984 1202 2054 subjecti
1214 1984 1242 2041 in
1252 1985 1390 2055 pubiicum
1409 1986 1517 2057 prodire

166 2077 194 2126 et
203 2068 306 2125 mundo
324 2084 355 2125 se
372 2068 493 2125 revelare
510 2084 560 2125 sno
575 2075 698 2137 tempore
709 2064 806 2136 procul
816 2065 900 2121 'dnbio
910 2082 965 2121 non
979 2066 1118 2132 desistent,
1137 2065 1200 2121 dum
1212 2066 1316 2122 interea
1327 2073 1383 2122 tarn
1395 2066 1517 2124 ioannes
1636 2061 1638 2066 ’

166 2165 247 2219 qnam
259 2148 396 2204 Rohertus
415 2147 473 2203 anis
491 2148 612 2204 contenti
628 2150 755 2201 maneant
773 2143 996 2214 conceptionibus
1015 2149 1042 2199 et
1060 2150 1156 2201 centra
1173 2144 1305 2214 homines,
1322 2146 1391 2216 ipsis
1406 2152 1436 2201 ut
1452 2146 1519 2201 mihi

166 2227 274 2283 ridetur
291 2226 389 2282 millies
407 2225 551 2297 doctiores,
569 2225 669 2296 probra
687 2234 715 2280 et
733 2223 854 2289 convicia
871 2225 930 2280 sine
948 2240 1031 2280 causa
1048 2231 1076 2279 et
1093 2225 1198 2280 ratione
1214 2225 1313 2281 inferre
1326 2226 1466 2296 desistant,
1484 2241 1519 2281 ne

167 2305 236 2361 haec
254 2304 365 2375 linguae
383 2319 449 2361 suae
466 2304 672 2374 intemperantia
683 2303 716 2359 iia
729 2301 839 2359 tandem
850 2298 996 2372 aliquando
1008 2301 1135 2358 damnum
1147 2302 1251 2360 afferat.
1278 2301 1393 2362 Deinde
1407 2304 1517 2378 pergit:

167 2385 220 2438 iata
246 2382 390 2454 apologiae
414 2383 528 2439 Joannis
550 2398 615 2452 pars
637 2382 735 2451 jurgiis
757 2380 840 2458 piena
864 2388 907 2437 est
932 2388 960 2438 et
984 2397 1039 2437 non
1063 2383 1152 2452 magni
1176 2399 1238 2438 cnm
1260 2383 1359 2440 ceteris
1381 2383 1519 2440 nonnullis

167 2462 298 2517 momenti
313 2461 435 2532 materia,
454 2476 538 2532 quare
555 2476 615 2516 eam
633 2460 774 2518 brevitatis
792 2475 876 2516 cansa
892 2460 1069 2517 omittendam
1086 2476 1192 2517 censeo.
1236 2459 1329 2533 Tunc,
1351 2461 1519 2537 provocatis

170 2549 220 2624 qni
247 2545 373 2625 legerint
403 2549 478 2607 inter
504 2563 537 2605 se
567 2553 597 2605 et
624 2544 783 2624 Keplerum
815 2546 939 2621 arbitris,
972 2548 1100 2622 quaerit,
1130 2563 1226 2607 nonne
1258 2550 1320 2625 ipse
1351 2546 1520 2625 philosophi

168 2636 286 2694 nomine
309 2632 470 2712 digniorem
492 2649 581 2711 qnam
601 2632 747 2712 Keplerus
777 2633 807 2690 in
828 2633 885 2694 hac
908 2650 998 2694 causa
1019 2651 1052 2695 se
1074 2636 1259 2712 praestiterit,
1290 2642 1320 2695 st
1340 2635 1428 2696 tinem
1449 2635 1521 2695 iacit
1636 2688 1641 2697 „

170 2722 215 2783 his
229 2720 329 2783 dictis:
352 2724 462 2781 tametd
478 2725 519 2779 vir
536 2724 698 2790 clarissime,
720 2730 752 2779 nt
768 2723 804 2779 ad
818 2724 923 2794 justam
940 2739 990 2793 ego
1008 2723 1089 2779 variis
1106 2723 1189 2794 hujus
1206 2723 1355 2794 Apologiae
1372 2732 1435 2782 tuae
1452 2725 1521 2781 locis

169 2805 382 2876 indignationem
399 2810 523 2859 arrectus
541 2802 605 2857 mihi
622 2819 677 2859 non
694 2802 867 2860 mediocriter
885 2819 1082 2871 succenserem,
1106 2803 1160 2860 ime
1183 2820 1246 2859 rere
1268 2820 1318 2874 pro
1341 2804 1421 2861 modo
1440 2804 1520 2860 rehe-

168 2884 286 2940 mentiae
304 2892 332 2939 et
349 2880 463 2938 ferroris
481 2880 521 2936 tui
539 2882 684 2952 saevirem,
710 2882 850 2954 aptissime
868 2898 898 2939 se
916 2881 1072 2953 praebuerit
1095 2883 1214 2938 occasio:
1243 2898 1277 2938 en
1294 2889 1385 2938 tamen
1403 2890 1431 2938 et
1448 2897 1520 2953 ecca,

171 2961 396 3032 quemadmodem
414 2960 519 3030 magico
536 2960 721 3016 smumamine
739 2975 832 3018 amnes
856 2961 940 3033 agiles
962 2959 1074 3028 reverti,
1101 2967 1197 3015 rentes
1212 2961 1358 3017 unanimes
1381 2960 1521 3030 exspirare

170 3048 251 3111 atque
274 3038 390 3109 inignris
406 3037 561 3095 violentiam
583 3040 706 3096 inhibere
729 3040 867 3109 dicuntur,
895 3040 935 3096 sio
959 3039 1040 3094 etiam
1063 3054 1119 3110 me,
1144 3039 1327 3096 moderamine
1344 3048 1372 3097 et
1387 3040 1522 3112 patientia

170 3118 275 3175 meliori
291 3118 425 3175 imbutum
442 3124 523 3187 atque
540 3115 657 3175 biloenm
673 3119 702 3176 in
719 3135 779 3175 meo
797 3118 947 3175 meditullio
972 3117 1146 3190 elementum,
1171 3126 1310 3189 utcunque
1328 3119 1357 3176 in
1374 3136 1405 3176 se
1422 3119 1521 3175 mobile

171 3205 199 3253 et
223 3196 362 3268 rapidum,
388 3196 605 3265 aequanimitatis
630 3206 694 3254 tuae
718 3206 800 3269 atque
823 3198 958 3255 amicitiae
980 3197 1086 3255 oblatae
1111 3195 1208 3267 spiritu
1233 3197 1420 3270 propitiatam,
1456 3199 1522 3255 mite

172 3283 254 3348 atque
270 3276 356 3333 fixum
373 3275 439 3332 satis
457 3275 599 3346 hucusque
616 3284 644 3332 te
661 3275 797 3333 invenisse
815 3293 903 3347 spero,
922 3294 975 3348 quo
988 3276 1037 3332 tibi
1054 3277 1167 3334 comiter
1184 3277 1331 3347 mundique
1348 3276 1462 3334 literatis
1478 3294 1523 3335 me

172 3364 247 3412 tuam
263 3352 294 3412 in
311 3356 427 3412 mathesi
445 3355 557 3426 gloriam
575 3363 623 3413 aut
647 3356 831 3413 ebuccinatam
855 3355 884 3411 in
906 3355 1093 3427 philosophia,
1117 3355 1293 3427 qualisqualis
1317 3364 1370 3428 ent,
1395 3357 1523 3421 virtutem

173 3436 353 3493 aemulatione
370 3443 417 3492 aut
432 3435 533 3491 invidia
549 3437 660 3493 minime
676 3450 796 3505 unquam
813 3443 993 3505 persecutum,
1020 3437 1068 3494 sed
1086 3435 1159 3509 quod
1177 3450 1266 3491 meum
1283 3442 1326 3493 eet
1342 3436 1442 3509 potius,
1473 3441 1522 3493 Ate

173 3516 280 3573 lauticis
298 3516 377 3586 quasi
393 3516 512 3572 humeris
530 3523 684 3572 sustentare
701 3513 729 3568 in
747 3512 972 3583 praecedentibus
990 3531 1148 3587 aggressum
1165 3515 1312 3572 indicarem
1331 3557 1338 3572 .
1358 3558 1364 3572 .
1384 3559 1392 3574 .

277 3602 321 3659 Sis
332 3602 423 3673 igitur,
439 3604 481 3658 rir
495 3600 671 3674 ornatissime,
690 3602 718 3659 in
730 3602 827 3659 studiis
838 3602 892 3660 tuis
905 3603 1103 3663 mathematicis
1114 3603 1181 3661 felix
1192 3612 1275 3675 atque
1286 3604 1401 3674 faustus,
1417 3621 1523 3678 precor,
1555 3636 1564 3659 ι

175 3683 323 3741 allubenti
338 3682 512 3754 philosophia
528 3682 665 3740 abstineas
683 3682 784 3739 suadeo
803 3688 854 3740 etc.

283 3778 362 3839 Huic
384 3778 505 3839 consiho
533 3780 689 3839 obsecutus
712 3776 855 3855 Keplerus
877 3774 997 3837 Fluddii
1023 3776 1124 3838 libello
1150 3793 1210 3836 nou
1236 3776 1399 3855 respoudit,
1428 3778 1522 3843 satius

176 3865 300 3941 moene,
332 3868 533 3928 astronomicis
562 3866 667 3926 studiis
696 3881 780 3943 porro
802 3882 867 3924 sese
889 3864 1009 3939 dedere,
1041 3882 1129 3943 quam
1158 3882 1224 3925 eum
1253 3863 1522 3943 theosopho,suis

177 3956 361 4035 opinionibus
383 3956 552 4033 insipienter
573 3953 751 4027 inhaerente,
774 3951 898 4028 litigare.
944 3952 1079 4013 Ceterum
1101 3969 1267 4027 monemus,
1298 3951 1447 4014 addidisse
1469 3968 1523 4011 nos

177 4045 207 4101 in
228 4044 468 4104 annotationibus
494 4041 636 4118 quasdam
663 4041 782 4102 Fluddii
804 4042 1008 4119 responsiones
1038 4040 1076 4101 ad
1098 4040 1219 4119 Kepleri
1242 4039 1419 4120 Apologiam
1441 4047 1471 4099 at
1493 4046 1526 4097 ut

178 4131 291 4191 iaciiius
327 4130 555 4209 comprehendat
590 4129 682 4189 lector
710 4148 760 4201 ea,
782 4144 858 4205 quae
890 4126 1036 4206 Keplerus
1071 4136 1171 4189 centra
1207 4128 1366 4188 Fiuddium
1401 4128 1525 4204 scripsit,

178 4222 303 4281 numeris
325 4219 472 4279 continuis
494 4212 716 4300 (I—XXVI.)
739 4219 871 4293 signasse
894 4217 924 4274 in
946 4215 1067 4295 Kepleri
1095 4215 1315 4295 „Appendice“,
1340 4231 1417 4292 quae
1432 4213 1526 4273 Fiud·

179 4306 242 4368 dius
262 4309 293 4367 in
307 4306 492 4384 ,Discureu“
507 4322 561 4367 suo
583 4305 689 4366 iisdem
709 4306 837 4367 nomene
860 4305 997 4380 signamt,
1021 4305 1161 4383 inscripta
1178 4301 1358 4398 ,Analpsis“
1375 4302 1399 4363 L
1414 4301 1454 4363 IL
1471 4308 1525 4362 etc

747 4598 957 4616 ῃ
