3940 5856
761 412 804 466 Dc
823 406 946 464 Motibus
963 402 1140 459 Plauetarum
1156 397 1336 454 Harmonicis.

1055 578 1137 651 simi,
1167 579 1198 635 in
1228 579 1365 655 opposita
1392 579 1523 654 proxime
1549 574 1649 636 Solem
1675 590 1729 633 ve-

1056 668 1148 725 niant.
1192 663 1228 723 In
1242 655 1358 742 adjecto
1373 665 1522 725 schemate
1537 681 1590 742 pro
1605 661 1731 739 singulis

1056 753 1184 829 planetis
1206 751 1276 811 iacti
1299 763 1368 812 sunt
1382 752 1482 812 circuli
1497 755 1582 825 terni,
1606 766 1731 827 qnorum

1058 839 1156 899 nullus
1178 839 1289 899 indicat
1311 842 1391 900 riam
1406 842 1500 917 ipsam
1521 840 1658 919 planetae
1681 853 1732 896 cc·

1058 930 1229 1001 centricam,
1261 927 1313 987 sed
1341 927 1455 987 medius
1481 927 1614 1005 quidem,
1648 932 1680 982 nt
1701 925 1733 981 in

1058 1014 1155 1075 Marte
1177 1015 1242 1088 BE,
1269 1023 1313 1074 est
1336 1016 1471 1093 aequalis
1494 1016 1607 1074 orbitae
1627 1028 1733 1072 eccen-

1058 1105 1158 1175 tricae,
1177 1101 1277 1179 quoad
1290 1101 1451 1180 longiorem
1468 1104 1533 1179 ejus
1544 1103 1733 1174 diametrnm3

1060 1190 1156 1249 orbita
1187 1206 1257 1248 vern
1285 1192 1363 1268 ipsa,
1395 1200 1428 1250 ut
1451 1191 1525 1264 Ab,
1557 1191 1652 1266 tangit
1679 1185 1733 1245 An*

1039 1278 1240 1354 superiorem
1263 1279 1414 1337 extribus
1441 1279 1480 1338 ab
1502 1295 1562 1337 una
1583 1277 1674 1355 plaga
1697 1275 1733 1347 Α,

1059 1366 1224 1423 interiorem
1248 1362 1301 1424 GD
1326 1383 1361 1425 er
1386 1367 1524 1442 opposita
1547 1365 1585 1424 D.
1631 1362 1734 1422 Circu-

1059 1451 1106 1510 los
1121 1450 1188 1524 GH,
1211 1454 1327 1528 punctis
1344 1454 1536 1513 abumbratus
1556 1460 1586 1512 et
1599 1468 1651 1529 per
1665 1467 1736 1509 cen·

1060 1546 1138 1598 trum
1152 1539 1230 1598 Solis
1247 1539 1418 1619 descriptus,
1438 1540 1548 1599 indicat
1564 1542 1643 1598 viam
1658 1536 1737 1598 Solis

1061 1625 1142 1703 apud
1172 1626 1343 1705 Tyehomm
1367 1629 1480 1704 Brahe;
1515 1629 1565 1704 qui
1601 1629 1626 1685 si
1657 1625 1734 1685 hanc

1062 1717 1141 1774 riam
1173 1723 1323 1789 moretur,
1352 1718 1451 1776 omnia
1481 1717 1598 1775 omnino
1626 1720 1737 1790 puncta

1061 1804 1153 1861 totins
1175 1806 1345 1879 systematis
1367 1803 1532 1882 planetarii,
1554 1801 1603 1861 hic
1618 1801 1738 1879 depicti,

1062 1891 1142 1948 viam
1164 1889 1304 1949 incedunt
1323 1892 1488 1968 aequalem,
1512 1889 1636 1967 quilibet
1652 1904 1737 1947 suam

1060 1978 1218 2054 propriam.
1263 1977 1301 2036 Et
1322 1995 1381 2039 nno
1405 1980 1469 2054 ejus
1484 1983 1602 2056 puncto,
1626 1973 1739 2035 scilicet

1063 2073 1162 2124 centro
1184 2062 1278 2137 Solis,
1308 2067 1339 2123 in
1370 2084 1428 2126 nna
1456 2069 1502 2125 sui
1526 2062 1624 2125 circuli
1652 2070 1737 2143 parte

1061 2158 1174 2225 stante,
1197 2158 1231 2210 ut
1253 2151 1302 2212 bic
1324 2155 1353 2210 in
1375 2154 1484 2228 intima,
1508 2153 1607 2211 omnia
1620 2151 1738 2209 omnino

1062 2246 1172 2317 puncta
1194 2242 1363 2316 systematis
1385 2241 1505 2300 stabunt
1528 2241 1557 2296 in
1580 2239 1646 2299 imis
1668 2255 1738 2316 par-

1063 2326 1142 2384 tibus
1163 2342 1284 2384 suornm
1300 2327 1438 2404 quodque
1457 2327 1637 2386 circulorum.
1674 2324 1738 2384 Ve-

735 2442 744 2456 ·
890 2425 896 2437 ¹
912 2415 940 2457 ·'›
1062 2415 1141 2472 neris
1165 2415 1254 2472 etiam
1283 2422 1342 2474 tres
1372 2414 1472 2475 circuli
1499 2421 1616 2493 propter
1642 2429 1739 2488 angn-

904 2489 910 2500 '
1063 2501 1152 2559 stianr
1179 2503 1268 2577 spatii
1291 2506 1423 2563 coierunt
1452 2506 1482 2562 in
1505 2520 1595 2563 onum
1624 2508 1740 2579 praeter

1062 2586 1255 2647 veluntatem.
1381 2594 1391 2605 '

1150 2674 1250 2735 Tertio
1278 2684 1392 2754 repetat
1417 2676 1510 2737 lector
1538 2694 1574 2737 ex
1597 2675 1739 2751 Mysterio

1063 2778 1129 2821 meo
1158 2762 1423 2841 Cosmngrapbico,
1454 2763 1534 2841 qnod
1564 2762 1641 2823 edidi
1671 2768 1739 2821 ante

1064 2851 1104 2907 ‘22
1138 2866 1248 2910 annes:
1286 2869 1438 2911 numerum
1470 2850 1655 2928 planetarum
1686 2864 1739 2908 seu

1063 2938 1273 2997 curriculorum
1289 2941 1368 2998 circa
1378 2937 1477 2999 Solem
1492 2937 1659 2999 desnmtum
1675 2952 1739 2995 esse

1062 3041 1081 3083 a
1108 3027 1327 3101 sapientissimo
1355 3024 1513 3087 Conditore
1544 3042 1579 3085 ex
1609 3027 1739 3102 quinque

1062 3110 1163 3187 figuris
1193 3112 1376 3190 regularibus
1407 3114 1527 3187 solidis,
1564 3114 1600 3173 de
1633 3111 1740 3189 quibus

1061 3197 1201 3259 Euclides
1233 3201 1295 3277 jam
1329 3208 1397 3262 ante
1430 3208 1475 3260 tot
1503 3200 1604 3261 secula
1633 3201 1740 3259 librum

1061 3287 1194 3362 scripsit,
1227 3291 1278 3364 qui
1302 3287 1518 3348 Elementorum
1550 3287 1670 3361 dicitur,
1705 3302 1740 3344 co

1062 3373 1142 3447 quod
1171 3391 1208 3435 ex
1238 3378 1472 3454 propositionum
1501 3377 1576 3436 serie
1604 3375 1642 3434 sit
1669 3390 1741 3433 con·

1061 3467 1197 3521 structus.
1250 3461 1337 3538 Quod
1369 3473 1468 3523 antem
1500 3463 1586 3540 plora
1616 3477 1738 3539 corpora

1060 3547 1208 3623 regularia
1230 3559 1380 3626 nequeant
1403 3568 1477 3626 csse,
1500 3550 1558 3610 h‘oc
1580 3558 1634 3625 est,
1659 3547 1738 3625 qnod

1059 3632 1171 3709 figurae
1193 3635 1302 3712 planae
1325 3639 1476 3715 regulares
1498 3643 1648 3714 nequeant
1669 3654 1737 3695 sae-

1058 3723 1126 3797 pins
1156 3740 1247 3799 quarn
1271 3727 1428 3803 quinquies
1458 3725 1641 3785 insolidum
1666 3741 1739 3783 con·

1058 3826 1179 3886 gruere,
1215 3811 1246 3872 id
1268 3813 1344 3874 libro
1368 3812 1499 3873 secundo
1528 3813 1617 3890 hujus
1641 3811 1740 3890 operis

1057 3898 1165 3975 patuit.

1147 3985 1272 4062 Quarto,
1297 3987 1378 4065 qued
1401 3991 1508 4049 attinet
1522 3988 1741 4066 proportionem

1058 4072 1222 4134 orbitarum
1254 4076 1503 4152 planetariorum,
1537 4074 1590 4133 illa
1623 4072 1742 4150 quidem

1058 4160 1136 4219 inter
1164 4162 1249 4221 binas
1281 4165 1394 4224 orbitas
1417 4167 1530 4224 vicinas
1561 4179 1677 4240 semper
1698 4167 1744 4220 est

1055 4252 1150 4321 tanta,
1173 4256 1208 4308 ut
1221 4249 1310 4313 facile
1326 4259 1476 4331 appareat,
1499 4264 1741 4328 unamquamque

1056 4333 1174 4393 illarum
1191 4342 1430 4417 appropinquare
1442 4339 1623 4418 proportioni
1635 4339 1741 4396 unicas

1058 4422 1173 4481 orbium
1197 4427 1286 4485 unius
1310 4445 1346 4488 ex
1363 4430 1492 4504 quinque
1507 4424 1611 4486 solidis
1629 4423 1740 4502 liguris,

1061 4507 1174 4570 scilicet
1197 4513 1277 4572 orbis
1295 4516 1505 4591 circumscripti
1525 4511 1564 4573 ad
1579 4514 1679 4573 orbem
1695 4511 1744 4569 in-

1060 4597 1201 4675 scriptum
1230 4600 1363 4678 figurae3
1392 4608 1424 4661 at
1445 4619 1505 4662 non
1527 4610 1627 4661 tamen
1657 4598 1746 4677 plane

1061 4683 1196 4759 aequalis
1219 4696 1272 4762 est,
1299 4695 1335 4748 ut
1358 4689 1428 4748 olim
1452 4706 1542 4749 ansus
1562 4688 1604 4747 ini
1627 4685 1663 4747 de
1677 4701 1746 4762 per·

379 4758 594 4844 iectadanique
616 4771 795 4831 astronomia
809 4769 948 4852 polliceri.
982 4769 1057 4831 Nam
1081 4779 1149 4847 post
1171 4773 1343 4836 absolutam
1358 4776 1634 4855 demonstrationem
1656 4776 1748 4832 inter-

377 4848 522 4914 vallorum
549 4871 587 4916 cr
626 4856 883 4921 observationibus
912 4857 1021 4921 Brabei
1057 4858 1236 4937 deprehendi
1269 4862 1345 4927 bocr
1383 4867 1451 4928 cubi
1480 4862 1600 4943 quidem
1631 4863 1749 4943 angulis
