3872 5846
347 414 410 478 236
767 406 809 461 De
830 402 1097 473 configuratiombns
1115 404 1294 462 Hermonicis.

344 587 377 643 fit
393 586 441 641 ille
463 584 523 655 ipse
542 580 763 653 configurationis
782 581 906 650 ungulus.
943 579 1018 647 Ques
1037 580 1110 635 inter
1126 581 1229 648 figuras
1248 581 1385 651 quodnam
1404 585 1440 639 sit
1458 586 1615 659 discrimen,
1639 607 1708 662 quee

347 668 469 724 uicissim
487 664 630 735 cognatio,
654 677 689 715 ex
706 660 783 716 hisce
802 660 999 728 schematibus,
1026 676 1097 730 quae
1119 660 1182 714 hinc
1200 660 1296 716 ordine
1320 676 1351 715 se
1378 671 1472 718 mutuo
1496 674 1710 736 consequuntur,

344 746 380 803 ed
398 746 507 801 ocenum
524 746 609 813 patet.
645 740 715 795 Bine
733 754 850 809 namque
872 740 1012 795 schemata
1034 747 1099 795 sunt
1117 737 1344 799 intumescere,
1368 740 1484 810 primum
1507 744 1639 801 diameter
1656 750 1708 805 sibi

482 859 532 907 „3⁰
545 854 580 898 24·
714 820 780 890 ipsi,
800 830 848 876 seu
866 820 970 875 bisecet
989 820 1117 875 circrdnrn
1136 820 1219 873 docte
1236 834 1286 888 per
1303 826 1434 889 centrum,
1454 837 1502 876 seu
1519 832 1627 895 tanget,
1647 843 1708 881 cnm

716 900 770 955 duo
786 898 855 954 redii
879 914 929 966 pro
947 898 1049 967 engulo
1074 898 1143 953 dnos
1166 905 1256 952 rectos
1274 912 1323 951 seu
1342 898 1433 966 potius
1455 901 1583 968 angulum
1603 906 1709 961 nullum

716 979 834 1045 ieciunt,
852 978 880 1033 in
897 978 998 1033 lineem
1016 993 1097 1031 neem
1115 984 1218 1033 rectem
1237 976 1361 1031 ordineti.
1398 977 1472 1033 idem
1489 982 1660 1048 cogitandum
1674 985 1709 1039 de

716 1058 907 1128 eorrjunctione
924 1053 965 1130 (b
990 1058 1033 1113 uel
1055 1051 1096 1131 (l)
1113 1054 1291 1126 planetarum,
1305 1071 1382 1135 'quse
1393 1056 1540 1127 improprie
1558 1062 1709 1132 configure-

715 1139 754 1194 tio
773 1138 878 1195 dicitur.
913 1139 983 1193 Nem
1001 1136 1024 1191 si
1042 1137 1097 1191 duo
1115 1134 1243 1204 planetes
1254 1135 1357 1192 fuerint
1373 1138 1423 1194 sub
1436 1140 1531 1195 eodem
1543 1151 1645 1211 puncto
1664 1161 1708 1198 zo·

716 1217 794 1284 diaoi,
812 1225 879 1272 tunc
895 1216 923 1270 in
936 1224 1030 1272 centro
1040 1210 1257 1283 ungulusnullus
1267 1222 1316 1278 est
1334 1217 1361 1270 in
1374 1208 1592 1277 circumferentia
1609 1223 1710 1279 infiniti

716 1306 745 1353 et
766 1298 853 1352 letera
870 1295 973 1366 figurae
991 1302 1055 1350 sunt
1072 1301 1187 1364 puncte3
1207 1295 1324 1351 circulus
1343 1297 1447 1354 scilicet
1465 1308 1507 1355 est
1524 1301 1608 1358 veluti
1622 1303 1710 1374 figure

712 1375 910 1445 infinitongnle.
933 1376 1022 1431 'Hseo
1043 1374 1222 1443 configeretis
1239 1392 1294 1430 non
1315 1375 1411 1434 hebuit
1431 1396 1501 1449 opus
1521 1391 1708 1451 repraesente-

713 1460 788 1514 tione
807 1455 918 1512 oculeri.

802 1535 909 1590 Deinde
927 1539 1087 1600 tetregouus
1106 1533 1186 1586 etiem
1206 1532 1256 1587 sibi
1274 1533 1327 1604 ipsi
1341 1532 1526 1607 inumeris,
1544 1541 1608 1610 quie
1626 1558 1710 1614 engu-

716 1617 772 1685 lus‚
791 1629 872 1684 quern
891 1613 944 1668 duo
961 1612 1048 1666 letere
1065 1609 1183 1665 formant
1204 1610 1232 1666 in
1257 1612 1485 1685 circumferentia,
1513 1627 1646 1690 sequetur
1663 1636 1709 1675 en·

716 1696 781 1766 gulo
800 1696 828 1749 in
846 1699 954 1760 centro,
979 1706 1059 1760 quem
1077 1689 1217 1745 subtendit
1239 1708 1323 1746 unum
1348 1693 1431 1749 letus.
1467 1697 1511 1751 Ex
1536 1715 1568 1753 eo
1586 1700 1710 1770 trigonus

716 1778 868 1843 hexegono,
886 1778 1058 1842 pentagonus
1077 1769 1173 1824 stellae
1190 1771 1426 1840 quinquengrrlae,
1445 1782 1594 1845 octogenus
1613 1780 1710 1835 steilee

693 1854 891 1927 ,octengulee
920 1852 1075 1918 decagonus
1098 1847 1194 1903 stelles
1217 1847 1399 1920 decengnlae‚
1428 1853 1618 1923 dodecegonus
1645 1858 1709 1913 duo·

718 1931 885 2002 decengulee
903 1928 1140 1997 ἀντιπεπονθασιη
1166 1934 1197 1982 ut
1215 1928 1237 1981 si
1256 1929 1336 1985 unius
1355 1947 1389 1985 ex
1407 1933 1488 1991 sociis
1506 1935 1710 2002 enguliomnes

714 2013 838 2082 inscripti
856 2017 922 2064 sunt
939 2008 967 2061 in
986 2005 1238 2073 circumferentiam,
1258 2007 1329 2061 letus
1344 2009 1403 2078 ejus
1421 2010 1560 2068 subtendit
1573 2016 1710 2086 engulnm,

714 2091 813 2161 reliqui
837 2104 920 2145 unum
944 2087 972 2142 in
997 2093 1090 2139 centro
1108 2085 1279 2141 colloretum.
1318 2087 1417 2142 Contra
1434 2099 1525 2145 eutem
1548 2094 1711 2150 circulorum

716 2171 836 2227 omnium
854 2168 1017 2223 adumbrant
1034 2164 1159 2227 Terram,
1186 2163 1306 2220 velutin
1324 2168 1412 2223 medio
1431 2171 1520 2235 sitem;
1546 2175 1639 2231 circuli
1657 2177 1710 2245 ipsi

715 2250 758 2306 rel
776 2248 930 2315 zodiacum,
950 2261 985 2299 ex
1002 2245 1088 2299 Terre
1105 2244 1294 2314 imaginatum,
1312 2258 1531 2321 repraesentant,
1555 2252 1599 2308 rel
1616 2270 1709 2323 quern-

715 2344 823 2398 cunque
842 2326 924 2381 elium
942 2323 1073 2379 circulum
1090 2321 1201 2378 zodiaco
1214 2324 1429 2398 subordinatum,
1447 2331 1642 2388 metiendornm
1662 2351 1708 2388 an·

350 2411 475 2482 gnlorum
493 2424 578 2467 cente
594 2410 788 2480 imeginetum;
806 2406 902 2478 quales
922 2401 1015 2459 circuli
1033 2406 1169 2470 potestate
1188 2410 1253 2458 sunt
1272 2407 1378 2463 enimse
1395 2409 1485 2478 ipsee.
1511 2426 1582 2479 qnee
1599 2429 1708 2468 moron·

350 2504 394 2547 tur
411 2490 579 2562 aspectibus,
598 2489 691 2545 circuli
709 2488 769 2543 scil.
788 2488 823 2543 ab
841 2487 902 2554 ipse
918 2482 1002 2538 veluti
1020 2480 1170 2550 quantitate
1189 2482 1322 2541 abstracti
1341 2486 1424 2556 inque
1441 2491 1535 2558 puncti
1554 2491 1706 2558 qualitativi

350 2576 378 2624 et
393 2568 534 2638 plagarum
553 2570 663 2640 cepecis
681 2570 822 2637 engustias
841 2564 952 2623 reducti.

434 2666 518 2722 Posui
536 2674 626 2723 numm
643 2666 737 2723 stelles
756 2665 822 2721 dues
841 2665 979 2722 redientes
998 2652 1076 2721 extre
1093 2667 1167 2724 hunc
1184 2663 1324 2735 circulum,
1351 2665 1433 2720 elium
1452 2667 1506 2722 elie
1523 2667 1658 2742 altiorem,
1677 2677 1709 2726 nt

350 2744 452 2798 centeri
470 2747 722 2815 repraesentatione
741 2760 888 2813 monerem,
907 2745 973 2800 nibil
992 2746 1096 2802 referre
1114 2745 1147 2801 ed
1167 2743 1408 2814 configurationem
1425 2747 1452 2800 in
1472 2746 1565 2813 Terre,
1583 2748 1655 2804 eltus
1673 2765 1708 2804 en

348 2822 458 2879 humilis
476 2825 588 2894 pleneta
606 2824 686 2880 sitin
704 2825 790 2886 coelo,
810 2832 836 2879 et
855 2841 938 2895 posse
955 2842 1040 2882 unum
1059 2827 1113 2880 elio
1131 2822 1223 2880 multis
1241 2823 1345 2878 uicibus
1358 2840 1419 2879 esse
1431 2824 1563 2896 eltiorem,
1581 2835 1709 2884 monente

350 2903 445 2958 eedem
463 2904 677 2972 configuratione
695 2905 723 2959 in
741 2904 835 2960 Terre.

438 3001 537 3069 Porro,
562 3001 636 3069 qnod
653 3001 681 3056 in
700 3001 835 3057 eriomate
855 3001 942 3070 primo
961 3018 1014 3056 vox
1032 3017 1184 3070 congrua
1205 3000 1358 3070 praecedit,
1385 2998 1552 3056 insecundo
1574 3017 1627 3056 rex
1645 3004 1708 3058 sci-

349 3079 448 3146 bilis,
467 3078 494 3133 id
512 3096 568 3133 non
586 3077 707 3141 fortuito,
725 3081 774 3135 sed
793 3082 884 3137 studio
903 3081 1005 3137 iactum
1025 3089 1075 3138 est.
1112 3082 1181 3135 Nem
1199 3079 1272 3149 quod
1285 3079 1383 3150 uliquis
1396 3088 1524 3150 espectus
1542 3089 1586 3135 est
1599 3080 1707 3155 efficax,

348 3159 377 3213 in
396 3173 479 3213 ceuse
496 3165 538 3213 est
557 3164 672 3226 utreque
690 3156 788 3226 ligure.
806 3167 862 3214 tem
880 3160 928 3215 ills
947 3176 1017 3229 qnae
1034 3161 1167 3228 inscripte
1185 3166 1227 3215 est
1245 3159 1273 3213 in
1285 3158 1535 3222 circumferentium.
1554 3175 1635 3229 quem
1653 3159 1707 3226 illa,

349 3238 428 3307 cnjus
446 3253 515 3292 unus
534 3236 650 3304 engulue
668 3237 802 3292 formetur
826 3254 876 3306 per
894 3238 985 3293 redies
1003 3239 1031 3292 in
1051 3245 1155 3304 centro,
1180 3246 1296 3306 utreque
1319 3245 1374 3292 tem
1398 3245 1509 3307 propter
1527 3238 1707 3311 nobilitatem,

350 3333 431 3386 quem
448 3326 562 3387 propter
579 3316 800 3385 congruentiam,
825 3333 879 3371 non
898 3317 926 3371 id
942 3324 1033 3372 temen
1052 3316 1210 3386 aequaliter·
1246 3317 1322 3385 Quee
1341 3316 1431 3371 omniu
1451 3317 1572 3385 indigent
1590 3316 1707 3385 explice-

349 3397 424 3451 tione
441 3396 523 3466 paulo
542 3394 697 3464 prolixiori,
726 3410 797 3463 quee
815 3409 863 3447 cur
881 3400 937 3449 tem
956 3395 996 3454 sit
1010 3394 1133 3464 spinum,
1159 3410 1242 3450 cause
1260 3402 1302 3449 est
1319 3395 1414 3462 unice,
1432 3402 1464 3449 ut
1482 3403 1641 3464 aspectuum
1659 3411 1708 3449 nu·

349 3489 441 3530 merus
464 3475 660 3545 philosophicis
684 3473 834 3529 rationibus
858 3474 956 3542 minui,
984 3473 1027 3529 vel
1051 3472 1147 3526 seltem
1171 3473 1199 3527 in
1223 3474 1324 3544 gredrm
1343 3482 1432 3529 certos
1458 3473 1587 3542 distingui
1612 3475 1708 3543 possit.

350 3552 419 3607 Nem
439 3554 462 3609 si
481 3553 515 3609 ad
534 3553 649 3608 usitatos
673 3560 736 3608 octo
759 3560 879 3621 quetuor
902 3551 1016 3621 insuper
1033 3550 1176 3605 admittere
1194 3551 1343 3606 voluissem
1368 3553 1426 3607 sine
1450 3552 1522 3607 omni
1548 3553 1709 3622 discrimine,

350 3634 485 3703 potuisset
502 3633 571 3688 heee
589 3632 740 3701 disputatio
758 3647 851 3687 cerere
869 3629 975 3698 eiiquot
994 3628 1171 3699 sequentibus
1188 3630 1266 3700 qnesi
1278 3630 1518 3700 propositionibus,
1536 3632 1638 3700 quippe
1650 3639 1709 3687 ten-

354 3718 413 3769 tum
431 3714 458 3767 in
477 3713 681 3783 comparatione
699 3711 848 3780 occupatis.

438 3804 670 3882 Propositio
691 3802 717 3863 1.
761 3802 860 3879 Mejor
891 3809 936 3861 est
965 3801 1160 3861 sedictionem
1191 3804 1328 3878 cognatio
1359 3819 1424 3862 cum
1448 3801 1556 3862 circulo
1587 3803 1710 3880 ejusque

352 3894 492 3966 monbec,
516 3910 605 3969 qnam
630 3898 694 3952 eret
716 3892 982 3950 consonantiarum.

440 3993 524 4063 Cujus
543 3992 722 4048 fondumentis
738 3990 807 4045 libro
821 3990 872 4044 lli.
891 3990 1040 4060 praemisse
1058 3997 1134 4056 suut,
1160 3989 1260 4057 idjam
1277 3987 1306 4043 in
1324 3988 1422 4044 iibrrrm
1442 3989 1487 4043 lv.
1507 3990 1603 4043 merito
1621 3996 1709 4044 mens-

352 4080 504 4130 sumeretur
521 4081 553 4129 nt
571 4073 693 4137 eriome;
720 4071 853 4141 probetur
871 4077 960 4124 temen
980 4069 1027 4125 sic.
1065 4070 1093 4135 l)
1113 4070 1313 4124 ceneoneetiee
1331 4076 1395 4123 erret
1412 4083 1550 4136 sonorum,
1569 4068 1629 4122 soni
1647 4084 1709 4122 con·

746 4150 846 4205 sistunt
863 4149 891 4202 in
909 4149 1036 4211 motibus,
1055 4147 1217 4217 illorumque
1236 4148 1357 4202 acumina
1383 4155 1410 4201 et
1428 4146 1585 4214 gravitates,
1611 4145 1710 4216 quibus

746 4228 939 4284 consonentiee
957 4227 1158 4296 exprimuntur,
1187 4226 1310 4281 oriuntur
1334 4225 1507 4303 sceleritute
1532 4229 1560 4277 et
1583 4224 1711 4280 tarditate

745 4316 875 4365 motuum,
893 4324 944 4377 per
962 4307 1146 4361 demonstrete
1163 4304 1223 4359 libri
1241 4304 1291 4359 111.
1328 4305 1411 4372 Atqui
1436 4305 1543 4359 sonitus
1561 4304 1665 4359 celeres
1683 4310 1711 4359 et

745 4386 817 4441 tardi
836 4385 983 4441 eliciuntur
1005 4402 1040 4441 ex
1057 4386 1143 4442 tensis
1167 4383 1299 4455 pulsetis,
1324 4398 1379 4436 non
1402 4388 1506 4437 tantum
1530 4383 1554 4438 sl
1571 4383 1711 4440 circularis

745 4466 782 4522 sit
799 4465 902 4531 tensio,
929 4465 1079 4533 sedetiam
1102 4471 1130 4519 et
1145 4463 1231 4519 multo
1251 4461 1335 4529 rnagis
1358 4462 1382 4515 si
1404 4462 1553 4517 rectilinea.
1588 4462 1652 4517 Non
1669 4479 1711 4519 re·

746 4543 867 4614 spiciunt
884 4542 967 4610 igitur
984 4544 1177 4599 consonentiee
1192 4541 1345 4596 immediate
1357 4540 1486 4597 duculum
1505 4539 1618 4609 ejusque
1631 4558 1711 4598 erens

745 4636 828 4677 censs
847 4636 913 4674 suee
931 4620 1035 4688 llgrrrae
1054 4621 1200 4689 circulens,
1219 4622 1267 4676 sed
1285 4635 1366 4674 cauae
1386 4619 1563 4687 longitudinis
1582 4620 1710 4687 pestium,

675 4730 694 4753 x
744 4700 930 4771 proportionis
948 4716 985 4754 se.
1005 4699 1112 4755 illarum
1134 4709 1245 4754 mutnus
1268 4698 1438 4766 habentque,
1461 4697 1535 4765 quod
1552 4697 1669 4763 habeut,
1694 4713 1711 4751 s

744 4777 861 4846 eucrrlo,
888 4779 1067 4846 etiamtunc,
1091 4778 1114 4833 si
1132 4779 1248 4832 circulus
1266 4778 1420 4834 destructus
1443 4777 1525 4845 inque
1543 4784 1647 4832 rectum
1665 4791 1712 4831 ex·

744 4863 839 4912 teneus
857 4863 908 4911 est.
944 4858 1081 4926 Aepectns
1100 4864 1194 4913 eontm
1211 4871 1261 4926 per
1279 4857 1462 4913 definitionem
1483 4859 1506 4913 l.
1526 4862 1590 4910 sunt
1608 4854 1710 4928 enguli,
