<?xml version="1.0" encoding="UTF-8"?>
<!DOCTYPE html PUBLIC "-//W3C//DTD XHTML 1.0 Transitional//EN"
    "http://www.w3.org/TR/xhtml1/DTD/xhtml1-transitional.dtd">
<html xmlns="http://www.w3.org/1999/xhtml" xml:lang="en" lang="en">
 <head>
  <title>
</title>
<meta http-equiv="Content-Type" content="text/html;charset=utf-8" />
  <meta name='ocr-system' content='tesseract 3.04.00' />
  <meta name='ocr-capabilities' content='ocr_page ocr_carea ocr_par ocr_line ocrx_word'/>
</head>
<body>
  <div class='ocr_page' id='page_1' title='image "./joanniskepleria29frisgoog/joanniskepleria29frisgoog_0253.png"; bbox 0 0 3872 5846; ppageno 0'>
   <div class='ocr_carea' id='block_1_1' title="bbox 335 414 1272 487">
    <p class='ocr_par' dir='ltr' id='par_1_1' title="bbox 335 414 1272 487">
     <span class='ocr_line' id='line_1_1' title="bbox 335 414 1272 487; baseline -0.007 -9"><span class='ocrx_word' id='word_1_1' title='bbox 335 426 397 487; x_wconf 68' lang='lat'><strong>*232</strong></span> <span class='ocrx_word' id='word_1_2' title='bbox 749 418 791 472; x_wconf 91' lang='lat' dir='ltr'><strong>De</strong></span> <span class='ocrx_word' id='word_1_3' title='bbox 810 415 1076 487; x_wconf 81' lang='lat' dir='ltr'><strong>Conligrrretionibas</strong></span> <span class='ocrx_word' id='word_1_4' title='bbox 1093 414 1272 472; x_wconf 85' lang='lat' dir='ltr'><strong>Harmonicis.</strong></span> 
     </span>
    </p>
   </div>
   <div class='ocr_carea' id='block_1_2' title="bbox 282 588 1693 4607">
    <p class='ocr_par' dir='ltr' id='par_1_2' title="bbox 334 588 1691 939">
     <span class='ocr_line' id='line_1_2' title="bbox 335 588 1691 679; baseline -0.002 -18"><span class='ocrx_word' id='word_1_5' title='bbox 335 602 517 675; x_wconf 77' lang='lat' dir='ltr'><strong>conformant</strong></span> <span class='ocrx_word' id='word_1_6' title='bbox 537 599 611 661; x_wconf 87' lang='lat' dir='ltr'><strong>redii</strong></span> <span class='ocrx_word' id='word_1_7' title='bbox 633 597 739 670; x_wconf 90' lang='lat' dir='ltr'><strong>lucidi,</strong></span> <span class='ocrx_word' id='word_1_8' title='bbox 769 614 815 657; x_wconf 89' lang='lat' dir='ltr'><strong>res</strong></span> <span class='ocrx_word' id='word_1_9' title='bbox 838 595 920 657; x_wconf 92' lang='lat' dir='ltr'><strong>coelo</strong></span> <span class='ocrx_word' id='word_1_10' title='bbox 945 594 1084 679; x_wconf 88' lang='lat' dir='ltr'><strong>oriunda,</strong></span> <span class='ocrx_word' id='word_1_11' title='bbox 1113 593 1164 655; x_wconf 90' lang='lat' dir='ltr'><strong>sed</strong></span> <span class='ocrx_word' id='word_1_12' title='bbox 1187 588 1218 653; x_wconf 87' lang='lat' dir='ltr'><strong>in</strong></span> <span class='ocrx_word' id='word_1_13' title='bbox 1239 594 1360 655; x_wconf 84' lang='lat' dir='ltr'><strong>Terram</strong></span> <span class='ocrx_word' id='word_1_14' title='bbox 1380 594 1444 671; x_wconf 89' lang='lat' dir='ltr'><strong>jam</strong></span> <span class='ocrx_word' id='word_1_15' title='bbox 1466 595 1598 674; x_wconf 88' lang='lat' dir='ltr'><strong>delapsa.</strong></span> <span class='ocrx_word' id='word_1_16' title='bbox 1644 597 1691 658; x_wconf 87' lang='lat' dir='ltr'><strong>Dc</strong></span> 
     </span>
     <span class='ocr_line' id='line_1_3' title="bbox 335 682 1691 759; baseline -0.002 -11"><span class='ocrx_word' id='word_1_17' title='bbox 335 706 403 749; x_wconf 82' lang='lat' dir='ltr'><strong>rere</strong></span> <span class='ocrx_word' id='word_1_18' title='bbox 425 688 600 751; x_wconf 85' lang='lat' dir='ltr'><strong>coelestibus</strong></span> <span class='ocrx_word' id='word_1_19' title='bbox 622 704 692 746; x_wconf 87' lang='lat' dir='ltr'><strong>vero</strong></span> <span class='ocrx_word' id='word_1_20' title='bbox 714 684 874 745; x_wconf 80' lang='lat' dir='ltr'>harmoniis</span> <span class='ocrx_word' id='word_1_21' title='bbox 896 683 973 742; x_wconf 90' lang='lat' dir='ltr'><strong>libro</strong></span> <span class='ocrx_word' id='word_1_22' title='bbox 995 682 1033 743; x_wconf 87' lang='lat' dir='ltr'><strong>V.</strong></span> <span class='ocrx_word' id='word_1_23' title='bbox 1056 701 1093 741; x_wconf 89' lang='lat' dir='ltr'><strong>ex</strong></span> <span class='ocrx_word' id='word_1_24' title='bbox 1115 683 1246 759; x_wconf 88' lang='lat' dir='ltr'><strong>professo</strong></span> <span class='ocrx_word' id='word_1_25' title='bbox 1269 700 1401 758; x_wconf 82' lang='lat' dir='ltr'><strong>agemus.</strong></span> <span class='ocrx_word' id='word_1_26' title='bbox 1447 684 1596 744; x_wconf 82' lang='lat' dir='ltr'>Breviter:</span> <span class='ocrx_word' id='word_1_27' title='bbox 1630 694 1691 745; x_wconf 89' lang='lat' dir='ltr'><strong>ter-</strong></span> 
     </span>
     <span class='ocr_line' id='line_1_4' title="bbox 334 771 1688 846; baseline -0.001 -11"><span class='ocrx_word' id='word_1_28' title='bbox 334 778 405 835; x_wconf 86' lang='lat' dir='ltr'>mini</span> <span class='ocrx_word' id='word_1_29' title='bbox 427 776 643 837; x_wconf 82' lang='lat' dir='ltr'><strong>harmoniarum</strong></span> <span class='ocrx_word' id='word_1_30' title='bbox 665 774 739 833; x_wconf 89' lang='lat' dir='ltr'><strong>libro</strong></span> <span class='ocrx_word' id='word_1_31' title='bbox 763 775 848 833; x_wconf 91' lang='lat' dir='ltr'><strong>tertio</strong></span> <span class='ocrx_word' id='word_1_32' title='bbox 872 772 988 830; x_wconf 88' lang='lat' dir='ltr'><strong>fuerant</strong></span> <span class='ocrx_word' id='word_1_33' title='bbox 1016 771 1143 829; x_wconf 90' lang='lat' dir='ltr'><strong>hominis</strong></span> <span class='ocrx_word' id='word_1_34' title='bbox 1165 788 1219 829; x_wconf 89' lang='lat' dir='ltr'><strong>seu</strong></span> <span class='ocrx_word' id='word_1_35' title='bbox 1242 773 1314 828; x_wconf 86' lang='lat' dir='ltr'><strong>artis</strong></span> <span class='ocrx_word' id='word_1_36' title='bbox 1337 787 1428 846; x_wconf 89' lang='lat' dir='ltr'><strong>opus,</strong></span> <span class='ocrx_word' id='word_1_37' title='bbox 1458 771 1515 831; x_wconf 91' lang='lat' dir='ltr'><strong>hoc</strong></span> <span class='ocrx_word' id='word_1_38' title='bbox 1536 771 1612 832; x_wconf 91' lang='lat' dir='ltr'><strong>libro</strong></span> <span class='ocrx_word' id='word_1_39' title='bbox 1635 772 1688 833; x_wconf 85' lang='lat' dir='ltr'><strong>IV.</strong></span> 
     </span>
     <span class='ocr_line' id='line_1_5' title="bbox 335 857 1450 939; baseline -0.006 -15"><span class='ocrx_word' id='word_1_40' title='bbox 335 870 421 924; x_wconf 87' lang='lat' dir='ltr'><strong>erunt</strong></span> <span class='ocrx_word' id='word_1_41' title='bbox 442 874 563 924; x_wconf 88' lang='lat' dir='ltr'><strong>naturae</strong></span> <span class='ocrx_word' id='word_1_42' title='bbox 587 878 677 939; x_wconf 92' lang='lat' dir='ltr'><strong>opus,</strong></span> <span class='ocrx_word' id='word_1_43' title='bbox 700 860 775 919; x_wconf 93' lang='lat' dir='ltr'><strong>libro</strong></span> <span class='ocrx_word' id='word_1_44' title='bbox 800 860 925 935; x_wconf 89' lang='lat' dir='ltr'><strong>denique</strong></span> <span class='ocrx_word' id='word_1_45' title='bbox 947 857 985 916; x_wconf 89' lang='lat' dir='ltr'><strong>V.</strong></span> <span class='ocrx_word' id='word_1_46' title='bbox 1010 865 1093 917; x_wconf 92' lang='lat' dir='ltr'><strong>erunt</strong></span> <span class='ocrx_word' id='word_1_47' title='bbox 1115 874 1189 933; x_wconf 83' lang='lat' dir='ltr'><strong>opus</strong></span> <span class='ocrx_word' id='word_1_48' title='bbox 1212 857 1270 915; x_wconf 90' lang='lat' dir='ltr'><strong>Dei</strong></span> <span class='ocrx_word' id='word_1_49' title='bbox 1294 857 1450 917; x_wconf 78' lang='lat' dir='ltr'><strong>creatoris.</strong></span> 
     </span>
    </p>

    <p class='ocr_par' dir='ltr' id='par_1_3' title="bbox 335 944 1692 1985">
     <span class='ocr_line' id='line_1_6' title="bbox 421 944 1691 1026; baseline -0.005 -15"><span class='ocrx_word' id='word_1_50' title='bbox 421 951 476 1011; x_wconf 90' lang='grc' dir='ltr'><strong>ΠΙ.</strong></span> <span class='ocrx_word' id='word_1_51' title='bbox 500 948 649 1026; x_wconf 87' lang='lat' dir='ltr'><strong>Quantum</strong></span> <span class='ocrx_word' id='word_1_52' title='bbox 667 948 730 1025; x_wconf 88' lang='lat' dir='ltr'><strong>jam</strong></span> <span class='ocrx_word' id='word_1_53' title='bbox 752 947 790 1007; x_wconf 86' lang='lat' dir='ltr'><strong>ad</strong></span> <span class='ocrx_word' id='word_1_54' title='bbox 813 945 986 1005; x_wconf 84' lang='lat' dir='ltr'><strong>rationalem</strong></span> <span class='ocrx_word' id='word_1_55' title='bbox 1008 962 1136 1016; x_wconf 89' lang='lat' dir='ltr'><strong>eausam,</strong></span> <span class='ocrx_word' id='word_1_56' title='bbox 1160 956 1237 1020; x_wconf 87' lang='lat' dir='ltr'><strong>quae</strong></span> <span class='ocrx_word' id='word_1_57' title='bbox 1253 944 1413 1004; x_wconf 82' lang='lat' dir='ltr'><strong>harmoniis</strong></span> <span class='ocrx_word' id='word_1_58' title='bbox 1436 964 1522 1006; x_wconf 89' lang='lat' dir='ltr'><strong>suurn</strong></span> <span class='ocrx_word' id='word_1_59' title='bbox 1537 962 1595 1007; x_wconf 81' lang='lat' dir='ltr'><strong>esse</strong></span> <span class='ocrx_word' id='word_1_60' title='bbox 1618 964 1691 1007; x_wconf 91' lang='lat' dir='ltr'><strong>con-</strong></span> 
     </span>
     <span class='ocr_line' id='line_1_7' title="bbox 336 1030 1687 1111; baseline -0.003 -14"><span class='ocrx_word' id='word_1_61' title='bbox 336 1038 430 1111; x_wconf 88' lang='lat' dir='ltr'><strong>ciliet,</strong></span> <span class='ocrx_word' id='word_1_62' title='bbox 455 1038 608 1097; x_wconf 82' lang='lat' dir='ltr'><strong>discrimen</strong></span> <span class='ocrx_word' id='word_1_63' title='bbox 631 1036 769 1095; x_wconf 89' lang='lat' dir='ltr'><strong>librorum</strong></span> <span class='ocrx_word' id='word_1_64' title='bbox 793 1035 868 1093; x_wconf 90' lang='lat' dir='ltr'><strong>tertii</strong></span> <span class='ocrx_word' id='word_1_65' title='bbox 891 1041 921 1093; x_wconf 92' lang='lat' dir='ltr'><strong>et</strong></span> <span class='ocrx_word' id='word_1_66' title='bbox 943 1034 1039 1109; x_wconf 89' lang='lat' dir='ltr'><strong>quarti</strong></span> <span class='ocrx_word' id='word_1_67' title='bbox 1064 1034 1092 1088; x_wconf 93' lang='lat' dir='ltr'><strong>in</strong></span> <span class='ocrx_word' id='word_1_68' title='bbox 1116 1048 1222 1107; x_wconf 89' lang='lat' dir='ltr'><strong>genere</strong></span> <span class='ocrx_word' id='word_1_69' title='bbox 1246 1030 1358 1091; x_wconf 88' lang='grc'><strong>1111111</strong></span> <span class='ocrx_word' id='word_1_70' title='bbox 1375 1043 1429 1105; x_wconf 88' lang='lat' dir='ltr'><strong>est,</strong></span> <span class='ocrx_word' id='word_1_71' title='bbox 1453 1034 1505 1093; x_wconf 88' lang='lat' dir='ltr'><strong>sed</strong></span> <span class='ocrx_word' id='word_1_72' title='bbox 1529 1033 1634 1093; x_wconf 85' lang='lat' dir='ltr'><strong>saltem</strong></span> <span class='ocrx_word' id='word_1_73' title='bbox 1657 1038 1687 1093; x_wconf 89' lang='lat' dir='ltr'><strong>in</strong></span> 
     </span>
     <span class='ocr_line' id='line_1_8' title="bbox 335 1119 1690 1201; baseline -0.004 -16"><span class='ocrx_word' id='word_1_74' title='bbox 335 1126 442 1201; x_wconf 90' lang='lat' dir='ltr'><strong>speeie.</strong></span> <span class='ocrx_word' id='word_1_75' title='bbox 488 1124 655 1184; x_wconf 81' lang='lat' dir='ltr'><strong>influebant</strong></span> <span class='ocrx_word' id='word_1_76' title='bbox 677 1125 754 1182; x_wconf 85' lang='lat' dir='ltr'><strong>eninr</strong></span> <span class='ocrx_word' id='word_1_77' title='bbox 777 1123 851 1181; x_wconf 93' lang='lat' dir='ltr'><strong>libro</strong></span> <span class='ocrx_word' id='word_1_78' title='bbox 874 1119 930 1178; x_wconf 86' lang='grc' dir='ltr'><strong>ΙΙΙ.</strong></span> <span class='ocrx_word' id='word_1_79' title='bbox 953 1120 1123 1179; x_wconf 89' lang='lat' dir='ltr'><strong>harmoniae</strong></span> <span class='ocrx_word' id='word_1_80' title='bbox 1153 1120 1267 1178; x_wconf 89' lang='lat' dir='ltr'><strong>ratione</strong></span> <span class='ocrx_word' id='word_1_81' title='bbox 1297 1122 1343 1178; x_wconf 92' lang='lat' dir='ltr'><strong>sni</strong></span> <span class='ocrx_word' id='word_1_82' title='bbox 1372 1120 1498 1196; x_wconf 91' lang='lat' dir='ltr'><strong>subjecti</strong></span> <span class='ocrx_word' id='word_1_83' title='bbox 1529 1121 1690 1181; x_wconf 86' lang='lat' dir='ltr'><strong>materialis</strong></span> 
     </span>
     <span class='ocr_line' id='line_1_9' title="bbox 335 1204 1689 1294; baseline -0.002 -23"><span class='ocrx_word' id='word_1_84' title='bbox 335 1209 495 1294; x_wconf 80' lang='lat' dir='ltr'><strong>(sonorum)</strong></span> <span class='ocrx_word' id='word_1_85' title='bbox 522 1215 550 1275; x_wconf 89' lang='lat' dir='ltr'><strong>iu</strong></span> <span class='ocrx_word' id='word_1_86' title='bbox 580 1228 697 1284; x_wconf 87' lang='lat' dir='ltr'><strong>sensus,</strong></span> <span class='ocrx_word' id='word_1_87' title='bbox 730 1210 945 1288; x_wconf 81' lang='lat' dir='ltr'><strong>recipiebantur</strong></span> <span class='ocrx_word' id='word_1_88' title='bbox 978 1216 1007 1265; x_wconf 92' lang='lat' dir='ltr'><strong>ot</strong></span> <span class='ocrx_word' id='word_1_89' title='bbox 1037 1204 1273 1283; x_wconf 84' lang='lat' dir='ltr'><strong>dijudicabantur</strong></span> <span class='ocrx_word' id='word_1_90' title='bbox 1307 1209 1419 1266; x_wconf 89' lang='lat' dir='ltr'><strong>ratione</strong></span> <span class='ocrx_word' id='word_1_91' title='bbox 1456 1226 1528 1268; x_wconf 90' lang='lat' dir='ltr'><strong>snae</strong></span> <span class='ocrx_word' id='word_1_92' title='bbox 1559 1209 1689 1268; x_wconf 86' lang='lat' dir='ltr'><strong>formalis</strong></span> 
     </span>
     <span class='ocr_line' id='line_1_10' title="bbox 336 1293 1691 1375; baseline -0.003 -15"><span class='ocrx_word' id='word_1_93' title='bbox 336 1301 491 1372; x_wconf 84' lang='lat' dir='ltr'><strong>esseutiae,</strong></span> <span class='ocrx_word' id='word_1_94' title='bbox 516 1317 575 1375; x_wconf 85' lang='lat' dir='ltr'><strong>qua</strong></span> <span class='ocrx_word' id='word_1_95' title='bbox 597 1298 766 1357; x_wconf 88' lang='lat' dir='ltr'><strong>harmoniae</strong></span> <span class='ocrx_word' id='word_1_96' title='bbox 789 1304 857 1355; x_wconf 89' lang='lat' dir='ltr'><strong>surtt</strong></span> <span class='ocrx_word' id='word_1_97' title='bbox 878 1294 920 1373; x_wconf 88' lang='lat' dir='ltr'><strong>(id</strong></span> <span class='ocrx_word' id='word_1_98' title='bbox 949 1304 994 1353; x_wconf 90' lang='lat' dir='ltr'><strong>est</strong></span> <span class='ocrx_word' id='word_1_99' title='bbox 1016 1293 1244 1370; x_wconf 82' lang='lat' dir='ltr'><strong>formabantur),</strong></span> <span class='ocrx_word' id='word_1_100' title='bbox 1267 1294 1306 1352; x_wconf 88' lang='lat' dir='ltr'><strong>ab</strong></span> <span class='ocrx_word' id='word_1_101' title='bbox 1330 1296 1470 1354; x_wconf 90' lang='lat' dir='ltr'><strong>instinctu</strong></span> <span class='ocrx_word' id='word_1_102' title='bbox 1502 1298 1593 1356; x_wconf 88' lang='lat' dir='ltr'><strong>menti</strong></span> <span class='ocrx_word' id='word_1_103' title='bbox 1618 1313 1691 1356; x_wconf 91' lang='lat' dir='ltr'><strong>eon·</strong></span> 
     </span>
     <span class='ocr_line' id='line_1_11' title="bbox 337 1379 1690 1460; baseline -0.003 -13"><span class='ocrx_word' id='word_1_104' title='bbox 337 1392 443 1460; x_wconf 87' lang='lat' dir='ltr'><strong>creato,</strong></span> <span class='ocrx_word' id='word_1_105' title='bbox 466 1389 587 1446; x_wconf 88' lang='lat' dir='ltr'><strong>rationis</strong></span> <span class='ocrx_word' id='word_1_106' title='bbox 611 1387 673 1444; x_wconf 87' lang='lat' dir='ltr'><strong>sine</strong></span> <span class='ocrx_word' id='word_1_107' title='bbox 697 1383 829 1444; x_wconf 88' lang='lat' dir='ltr'><strong>discursu</strong></span> <span class='ocrx_word' id='word_1_108' title='bbox 851 1384 1003 1460; x_wconf 87' lang='lat' dir='ltr'><strong>participe.</strong></span> <span class='ocrx_word' id='word_1_109' title='bbox 1048 1382 1086 1440; x_wconf 87' lang='lat' dir='ltr'><strong>Et</strong></span> <span class='ocrx_word' id='word_1_110' title='bbox 1114 1379 1257 1440; x_wconf 89' lang='lat' dir='ltr'><strong>hactenus</strong></span> <span class='ocrx_word' id='word_1_111' title='bbox 1284 1380 1455 1441; x_wconf 89' lang='lat' dir='ltr'><strong>harmoniae</strong></span> <span class='ocrx_word' id='word_1_112' title='bbox 1488 1382 1690 1444; x_wconf 87' lang='lat' dir='ltr'><strong>tantummodo</strong></span> 
     </span>
     <span class='ocr_line' id='line_1_12' title="bbox 337 1467 1690 1550; baseline -0.002 -17"><span class='ocrx_word' id='word_1_113' title='bbox 337 1492 370 1533; x_wconf 93' lang='lat' dir='ltr'><strong>se</strong></span> <span class='ocrx_word' id='word_1_114' title='bbox 392 1476 463 1550; x_wconf 89' lang='lat' dir='ltr'><strong>ipsis</strong></span> <span class='ocrx_word' id='word_1_115' title='bbox 485 1473 764 1533; x_wconf 83' lang='lat' dir='ltr'><strong>considerabuntur..</strong></span> <span class='ocrx_word' id='word_1_116' title='bbox 800 1469 914 1530; x_wconf 89' lang='lat' dir='ltr'><strong>Deinde</strong></span> <span class='ocrx_word' id='word_1_117' title='bbox 946 1485 1016 1528; x_wconf 88' lang='lat' dir='ltr'><strong>vero</strong></span> <span class='ocrx_word' id='word_1_118' title='bbox 1042 1486 1094 1546; x_wconf 88' lang='lat' dir='ltr'><strong>per</strong></span> <span class='ocrx_word' id='word_1_119' title='bbox 1122 1467 1284 1541; x_wconf 88' lang='lat' dir='ltr'><strong>occultum,</strong></span> <span class='ocrx_word' id='word_1_120' title='bbox 1315 1468 1380 1533; x_wconf 72' lang='lat' dir='ltr'><strong>sed,</strong></span> <span class='ocrx_word' id='word_1_121' title='bbox 1397 1469 1562 1529; x_wconf 88' lang='lat' dir='ltr'><strong>confessam</strong></span> <span class='ocrx_word' id='word_1_122' title='bbox 1591 1480 1690 1533; x_wconf 89' lang='lat' dir='ltr'><strong>tamen</strong></span> 
     </span>
     <span class='ocr_line' id='line_1_13' title="bbox 337 1554 1690 1636; baseline -0.001 -15"><span class='ocrx_word' id='word_1_123' title='bbox 337 1563 540 1622; x_wconf 89' lang='lat' dir='ltr'><strong>commercium</strong></span> <span class='ocrx_word' id='word_1_124' title='bbox 564 1558 736 1619; x_wconf 82' lang='lat' dir='ltr'><strong>facultatum</strong></span> <span class='ocrx_word' id='word_1_125' title='bbox 760 1561 875 1617; x_wconf 87' lang='lat' dir='ltr'><strong>animae</strong></span> <span class='ocrx_word' id='word_1_126' title='bbox 899 1554 1176 1615; x_wconf 86' lang='lat' dir='ltr'><strong>transfundebantur</strong></span> <span class='ocrx_word' id='word_1_127' title='bbox 1191 1554 1360 1617; x_wconf 83' lang='lat' dir='ltr'><strong>hamtoniae</strong></span> <span class='ocrx_word' id='word_1_128' title='bbox 1384 1558 1538 1618; x_wconf 89' lang='lat' dir='ltr'><strong>introrsum</strong></span> <span class='ocrx_word' id='word_1_129' title='bbox 1554 1568 1690 1636; x_wconf 89' lang='lat' dir='ltr'><strong>receptae</strong></span> 
     </span>
     <span class='ocr_line' id='line_1_14' title="bbox 337 1632 1692 1722; baseline 0.001 -17"><span class='ocrx_word' id='word_1_130' title='bbox 337 1649 511 1709; x_wconf 85' lang='lat' dir='ltr'><strong>ineffectus</strong></span> <span class='ocrx_word' id='word_1_131' title='bbox 539 1647 634 1708; x_wconf 89' lang='lat' dir='ltr'><strong>cordis</strong></span> <span class='ocrx_word' id='word_1_132' title='bbox 664 1648 774 1718; x_wconf 83' lang='lat' dir='ltr'><strong>varios,</strong></span> <span class='ocrx_word' id='word_1_133' title='bbox 808 1663 859 1722; x_wconf 89' lang='lat' dir='ltr'><strong>per</strong></span> <span class='ocrx_word' id='word_1_134' title='bbox 887 1641 1030 1720; x_wconf 89' lang='lat' dir='ltr'><strong>quasdam</strong></span> <span class='ocrx_word' id='word_1_135' title='bbox 1061 1644 1108 1700; x_wconf 90' lang='lat' dir='ltr'><strong>sui</strong></span> <span class='ocrx_word' id='word_1_136' title='bbox 1134 1642 1340 1702; x_wconf 85' lang='lat' dir='ltr'><strong>similitudines</strong></span> <span class='ocrx_word' id='word_1_137' title='bbox 1371 1661 1424 1715; x_wconf 84' lang='grc'><strong>111</strong></span> <span class='ocrx_word' id='word_1_138' title='bbox 1447 1646 1576 1722; x_wconf 82' lang='lat' dir='ltr'><strong>icones3&#39;</strong></span> <span class='ocrx_word' id='word_1_139' title='bbox 1592 1632 1692 1706; x_wconf 62' lang='lat' dir='ltr'><strong>trans·⁸</strong></span> 
     </span>
     <span class='ocr_line' id='line_1_15' title="bbox 335 1730 1690 1807; baseline -0.001 -12"><span class='ocrx_word' id='word_1_140' title='bbox 335 1736 532 1796; x_wconf 88' lang='lat' dir='ltr'><strong>fundebantur</strong></span> <span class='ocrx_word' id='word_1_141' title='bbox 554 1744 583 1795; x_wconf 88' lang='lat' dir='ltr'><strong>ct</strong></span> <span class='ocrx_word' id='word_1_142' title='bbox 606 1737 633 1791; x_wconf 92' lang='lat' dir='ltr'><strong>in</strong></span> <span class='ocrx_word' id='word_1_143' title='bbox 657 1734 875 1805; x_wconf 85' lang='lat' dir='ltr'><strong>locomotivam,</strong></span> <span class='ocrx_word' id='word_1_144' title='bbox 899 1740 932 1790; x_wconf 90' lang='lat' dir='ltr'><strong>ut</strong></span> <span class='ocrx_word' id='word_1_145' title='bbox 953 1730 1042 1789; x_wconf 87' lang='lat' dir='ltr'><strong>horno</strong></span> <span class='ocrx_word' id='word_1_146' title='bbox 1065 1738 1237 1806; x_wconf 87' lang='lat' dir='ltr'><strong>conceptam</strong></span> <span class='ocrx_word' id='word_1_147' title='bbox 1253 1733 1351 1789; x_wconf 90' lang='lat' dir='ltr'><strong>animo</strong></span> <span class='ocrx_word' id='word_1_148' title='bbox 1368 1732 1495 1807; x_wconf 89' lang='lat' dir='ltr'><strong>speciem</strong></span> <span class='ocrx_word' id='word_1_149' title='bbox 1519 1732 1690 1793; x_wconf 88' lang='lat' dir='ltr'><strong>hannoniae</strong></span> 
     </span>
     <span class='ocr_line' id='line_1_16' title="bbox 335 1819 1690 1897; baseline -0.003 -16"><span class='ocrx_word' id='word_1_150' title='bbox 335 1841 395 1883; x_wconf 91' lang='lat' dir='ltr'><strong>non</strong></span> <span class='ocrx_word' id='word_1_151' title='bbox 419 1841 492 1883; x_wconf 87' lang='lat' dir='ltr'><strong>voce</strong></span> <span class='ocrx_word' id='word_1_152' title='bbox 515 1831 628 1882; x_wconf 89' lang='lat' dir='ltr'><strong>tuntum</strong></span> <span class='ocrx_word' id='word_1_153' title='bbox 651 1823 838 1897; x_wconf 79' lang='lat' dir='ltr'><strong>exprimeret,</strong></span> <span class='ocrx_word' id='word_1_154' title='bbox 870 1819 922 1877; x_wconf 89' lang='lat' dir='ltr'><strong>sed</strong></span> <span class='ocrx_word' id='word_1_155' title='bbox 951 1820 1039 1877; x_wconf 90' lang='lat' dir='ltr'><strong>otiam</strong></span> <span class='ocrx_word' id='word_1_156' title='bbox 1069 1825 1150 1877; x_wconf 86' lang='lat' dir='ltr'><strong>urotu</strong></span> <span class='ocrx_word' id='word_1_157' title='bbox 1174 1819 1304 1894; x_wconf 86' lang='lat' dir='ltr'><strong>corporis</strong></span> <span class='ocrx_word' id='word_1_158' title='bbox 1335 1820 1505 1879; x_wconf 87' lang='lat' dir='ltr'><strong>imitaretur.</strong></span> <span class='ocrx_word' id='word_1_159' title='bbox 1550 1821 1690 1880; x_wconf 83' lang='grc'><strong>1111111-</strong></span> 
     </span>
     <span class='ocr_line' id='line_1_17' title="bbox 336 1908 1015 1985; baseline -0.009 -16"><span class='ocrx_word' id='word_1_160' title='bbox 336 1914 452 1970; x_wconf 90' lang='lat' dir='ltr'><strong>moniae</strong></span> <span class='ocrx_word' id='word_1_161' title='bbox 476 1913 557 1969; x_wconf 83' lang='lat' dir='ltr'><strong>vices</strong></span> <span class='ocrx_word' id='word_1_162' title='bbox 579 1909 703 1985; x_wconf 88' lang='lat' dir='ltr'><strong>alicujus</strong></span> <span class='ocrx_word' id='word_1_163' title='bbox 727 1925 833 1981; x_wconf 81' lang='lat' dir='ltr'><strong>causae</strong></span> <span class='ocrx_word' id='word_1_164' title='bbox 856 1908 1015 1967; x_wconf 89' lang='lat' dir='ltr'><strong>subierunt.</strong></span> 
     </span>
    </p>

    <p class='ocr_par' dir='ltr' id='par_1_4' title="bbox 282 1992 1692 2667">
     <span class='ocr_line' id='line_1_18' title="bbox 421 1992 1689 2071; baseline -0.002 -14"><span class='ocrx_word' id='word_1_165' title='bbox 421 1996 559 2058; x_wconf 88' lang='lat' dir='ltr'><strong>Similiter</strong></span> <span class='ocrx_word' id='word_1_166' title='bbox 588 2005 617 2056; x_wconf 91' lang='lat' dir='ltr'><strong>ct</strong></span> <span class='ocrx_word' id='word_1_167' title='bbox 645 1995 693 2056; x_wconf 90' lang='lat' dir='ltr'><strong>hio</strong></span> <span class='ocrx_word' id='word_1_168' title='bbox 715 1998 841 2067; x_wconf 83' lang='lat' dir='ltr'><strong>animam</strong></span> <span class='ocrx_word' id='word_1_169' title='bbox 869 2009 1033 2070; x_wconf 86' lang='lat' dir='ltr'><strong>supponere</strong></span> <span class='ocrx_word' id='word_1_170' title='bbox 1060 2008 1180 2052; x_wconf 88' lang='lat' dir='ltr'><strong>necesse</strong></span> <span class='ocrx_word' id='word_1_171' title='bbox 1210 1997 1273 2071; x_wconf 83' lang='lat' dir='ltr'><strong>est,</strong></span> <span class='ocrx_word' id='word_1_172' title='bbox 1312 1994 1359 2051; x_wconf 88' lang='grc'><strong>111</strong></span> <span class='ocrx_word' id='word_1_173' title='bbox 1376 1992 1460 2063; x_wconf 55' lang='lat' dir='ltr'><strong>,iude</strong></span> <span class='ocrx_word' id='word_1_174' title='bbox 1494 2012 1512 2053; x_wconf 91' lang='lat' dir='ltr'><strong>a</strong></span> <span class='ocrx_word' id='word_1_175' title='bbox 1543 1996 1689 2055; x_wconf 79' lang='lat' dir='ltr'><strong>creatione</strong></span> 
     </span>
     <span class='ocr_line' id='line_1_19' title="bbox 335 2079 1690 2159; baseline -0.004 -15"><span class='ocrx_word' id='word_1_176' title='bbox 335 2100 430 2144; x_wconf 90' lang='lat' dir='ltr'><strong>rernm</strong></span> <span class='ocrx_word' id='word_1_177' title='bbox 452 2087 490 2144; x_wconf 92' lang='lat' dir='ltr'><strong>sit</strong></span> <span class='ocrx_word' id='word_1_178' title='bbox 513 2085 680 2143; x_wconf 85' lang='lat' dir='ltr'><strong>instinctum</strong></span> <span class='ocrx_word' id='word_1_179' title='bbox 709 2083 765 2141; x_wconf 90' lang='lat' dir='ltr'><strong>hoc</strong></span> <span class='ocrx_word' id='word_1_180' title='bbox 796 2085 1017 2159; x_wconf 80' lang='lat' dir='ltr'><strong>proportionum</strong></span> <span class='ocrx_word' id='word_1_181' title='bbox 1046 2079 1278 2139; x_wconf 75' lang='lat' dir='ltr'><strong>harmonicorum</strong></span> <span class='ocrx_word' id='word_1_182' title='bbox 1302 2103 1446 2159; x_wconf 75' lang='lat' dir='ltr'><strong>aptrqpmr</strong></span> <span class='ocrx_word' id='word_1_183' title='bbox 1476 2090 1605 2159; x_wconf 85' lang='lat' dir='ltr'><strong>atquae</strong></span> <span class='ocrx_word' id='word_1_184' title='bbox 1636 2100 1690 2141; x_wconf 89' lang='lat' dir='ltr'><strong>an-</strong></span> 
     </span>
     <span class='ocr_line' id='line_1_20' title="bbox 335 2164 1690 2250; baseline -0.002 -19"><span class='ocrx_word' id='word_1_185' title='bbox 335 2171 437 2249; x_wconf 85' lang='lat' dir='ltr'><strong>gulum</strong></span> <span class='ocrx_word' id='word_1_186' title='bbox 460 2172 581 2231; x_wconf 91' lang='lat' dir='ltr'><strong>duorum</strong></span> <span class='ocrx_word' id='word_1_187' title='bbox 612 2170 788 2230; x_wconf 86' lang='lat' dir='ltr'><strong>radiantium</strong></span> <span class='ocrx_word' id='word_1_188' title='bbox 816 2170 958 2242; x_wconf 85' lang='lat' dir='ltr'><strong>siderum,</strong></span> <span class='ocrx_word' id='word_1_189' title='bbox 990 2165 1254 2245; x_wconf 85' lang='lat' dir='ltr'><strong>quomodocunque</strong></span> <span class='ocrx_word' id='word_1_190' title='bbox 1284 2168 1359 2226; x_wconf 90' lang='lat' dir='ltr'><strong>intro</strong></span> <span class='ocrx_word' id='word_1_191' title='bbox 1388 2178 1538 2245; x_wconf 88' lang='lat' dir='ltr'><strong>receptum</strong></span> <span class='ocrx_word' id='word_1_192' title='bbox 1561 2164 1630 2250; x_wconf 84' lang='lat' dir='ltr'><strong>(seu</strong></span> <span class='ocrx_word' id='word_1_193' title='bbox 1661 2169 1690 2229; x_wconf 95' lang='lat' dir='ltr'><strong>id</strong></span> 
     </span>
     <span class='ocr_line' id='line_1_21' title="bbox 334 2256 1691 2336; baseline 0 -19"><span class='ocrx_word' id='word_1_194' title='bbox 334 2258 387 2318; x_wconf 87' lang='lat' dir='ltr'><strong>fiat</strong></span> <span class='ocrx_word' id='word_1_195' title='bbox 409 2259 510 2336; x_wconf 89' lang='lat' dir='ltr'><strong>aliqua</strong></span> <span class='ocrx_word' id='word_1_196' title='bbox 533 2274 724 2323; x_wconf 85' lang='lat' dir='ltr'><strong>recenseam</strong></span> <span class='ocrx_word' id='word_1_197' title='bbox 748 2258 887 2332; x_wconf 84' lang='lat' dir='ltr'><strong>analoga,</strong></span> <span class='ocrx_word' id='word_1_198' title='bbox 911 2258 974 2314; x_wconf 88' lang='lat' dir='ltr'><strong>sire</strong></span> <span class='ocrx_word' id='word_1_199' title='bbox 996 2273 1068 2315; x_wconf 89' lang='grc'><strong>1111</strong></span> <span class='ocrx_word' id='word_1_200' title='bbox 1091 2256 1253 2326; x_wconf 86' lang='lat' dir='ltr'><strong>essentiae,</strong></span> <span class='ocrx_word' id='word_1_201' title='bbox 1277 2270 1337 2330; x_wconf 85' lang='lat' dir='ltr'><strong>qua</strong></span> <span class='ocrx_word' id='word_1_202' title='bbox 1360 2258 1458 2314; x_wconf 89' lang='lat' dir='ltr'><strong>anima</strong></span> <span class='ocrx_word' id='word_1_203' title='bbox 1481 2266 1534 2329; x_wconf 90' lang='lat' dir='ltr'><strong>est,</strong></span> <span class='ocrx_word' id='word_1_204' title='bbox 1557 2259 1691 2334; x_wconf 88' lang='lat' dir='ltr'><strong>proprie-</strong></span> 
     </span>
     <span class='ocr_line' id='line_1_22' title="bbox 282 2339 1689 2426; baseline -0.001 -21"><span class='ocrx_word' id='word_1_205' title='bbox 282 2382 289 2393; x_wconf 66' lang='grc'><strong>»</strong></span> <span class='ocrx_word' id='word_1_206' title='bbox 335 2353 411 2420; x_wconf 80' lang='lat' dir='ltr'><strong>tate3</strong></span> <span class='ocrx_word' id='word_1_207' title='bbox 442 2346 477 2404; x_wconf 93' lang='lat' dir='ltr'><strong>dc</strong></span> <span class='ocrx_word' id='word_1_208' title='bbox 501 2363 560 2422; x_wconf 93' lang='lat' dir='ltr'><strong>quo</strong></span> <span class='ocrx_word' id='word_1_209' title='bbox 584 2354 613 2405; x_wconf 92' lang='lat' dir='ltr'><strong>et</strong></span> <span class='ocrx_word' id='word_1_210' title='bbox 638 2345 746 2403; x_wconf 87' lang='lat' dir='ltr'><strong>dictum</strong></span> <span class='ocrx_word' id='word_1_211' title='bbox 770 2345 866 2420; x_wconf 89' lang='lat' dir='ltr'><strong>capite</strong></span> <span class='ocrx_word' id='word_1_212' title='bbox 888 2341 1074 2419; x_wconf 89' lang='lat' dir='ltr'><strong>praecedenti</strong></span> <span class='ocrx_word' id='word_1_213' title='bbox 1105 2349 1134 2421; x_wconf 84' lang='lat' dir='ltr'><strong>pt</strong></span> <span class='ocrx_word' id='word_1_214' title='bbox 1157 2341 1288 2401; x_wconf 89' lang='lat' dir='ltr'><strong>dicentur</strong></span> <span class='ocrx_word' id='word_1_215' title='bbox 1321 2344 1348 2398; x_wconf 94' lang='lat' dir='ltr'><strong>in</strong></span> <span class='ocrx_word' id='word_1_216' title='bbox 1372 2344 1564 2419; x_wconf 89' lang='lat' dir='ltr'><strong>sequentibus</strong></span> <span class='ocrx_word' id='word_1_217' title='bbox 1586 2339 1689 2426; x_wconf 85' lang='lat' dir='ltr'><strong>plura)</strong></span> 
     </span>
     <span class='ocr_line' id='line_1_23' title="bbox 335 2428 1692 2509; baseline -0.001 -17"><span class='ocrx_word' id='word_1_218' title='bbox 335 2449 434 2492; x_wconf 90' lang='lat' dir='ltr'><strong>secum</strong></span> <span class='ocrx_word' id='word_1_219' title='bbox 457 2435 522 2509; x_wconf 90' lang='lat' dir='ltr'><strong>ipsa</strong></span> <span class='ocrx_word' id='word_1_220' title='bbox 545 2430 688 2500; x_wconf 85' lang='lat' dir='ltr'><strong>aestimet,</strong></span> <span class='ocrx_word' id='word_1_221' title='bbox 712 2429 750 2489; x_wconf 91' lang='lat' dir='ltr'><strong>ad</strong></span> <span class='ocrx_word' id='word_1_222' title='bbox 772 2438 898 2507; x_wconf 89' lang='lat' dir='ltr'><strong>quatuor</strong></span> <span class='ocrx_word' id='word_1_223' title='bbox 921 2438 1015 2489; x_wconf 87' lang='lat' dir='ltr'><strong>rectos</strong></span> <span class='ocrx_word' id='word_1_224' title='bbox 1039 2437 1199 2506; x_wconf 89' lang='lat' dir='ltr'><strong>comparet,</strong></span> <span class='ocrx_word' id='word_1_225' title='bbox 1224 2428 1426 2488; x_wconf 86' lang='lat' dir='ltr'><strong>harmonicum</strong></span> <span class='ocrx_word' id='word_1_226' title='bbox 1448 2450 1466 2490; x_wconf 91' lang='grc'><strong>1</strong></span> <span class='ocrx_word' id='word_1_227' title='bbox 1488 2447 1546 2489; x_wconf 94' lang='lat' dir='ltr'><strong>non</strong></span> <span class='ocrx_word' id='word_1_228' title='bbox 1570 2431 1692 2491; x_wconf 90' lang='lat' dir='ltr'><strong>harmo-</strong></span> 
     </span>
     <span class='ocr_line' id='line_1_24' title="bbox 336 2515 1692 2596; baseline 0 -18"><span class='ocrx_word' id='word_1_229' title='bbox 336 2521 401 2579; x_wconf 89' lang='lat' dir='ltr'><strong>nico</strong></span> <span class='ocrx_word' id='word_1_230' title='bbox 425 2518 574 2596; x_wconf 89' lang='lat' dir='ltr'><strong>dijudicet,</strong></span> <span class='ocrx_word' id='word_1_231' title='bbox 599 2520 692 2578; x_wconf 89' lang='lat' dir='ltr'><strong>etsie</strong></span> <span class='ocrx_word' id='word_1_232' title='bbox 714 2517 884 2576; x_wconf 89' lang='lat' dir='ltr'><strong>harmoniae</strong></span> <span class='ocrx_word' id='word_1_233' title='bbox 907 2533 992 2576; x_wconf 88' lang='lat' dir='ltr'><strong>suum</strong></span> <span class='ocrx_word' id='word_1_234' title='bbox 1015 2534 1073 2576; x_wconf 81' lang='lat' dir='ltr'><strong>esec</strong></span> <span class='ocrx_word' id='word_1_235' title='bbox 1096 2515 1292 2577; x_wconf 90' lang='lat' dir='ltr'><strong>intellectuale</strong></span> <span class='ocrx_word' id='word_1_236' title='bbox 1317 2517 1462 2592; x_wconf 89' lang='lat' dir='ltr'><strong>conciliet,</strong></span> <span class='ocrx_word' id='word_1_237' title='bbox 1487 2517 1567 2595; x_wconf 93' lang='lat' dir='ltr'><strong>quod</strong></span> <span class='ocrx_word' id='word_1_238' title='bbox 1589 2519 1692 2596; x_wconf 83' lang='lat' dir='ltr'><strong>anguli</strong></span> 
     </span>
     <span class='ocr_line' id='line_1_25' title="bbox 335 2602 1149 2667; baseline -0.001 -2"><span class='ocrx_word' id='word_1_239' title='bbox 335 2604 367 2665; x_wconf 90' lang='lat' dir='ltr'><strong>hi</strong></span> <span class='ocrx_word' id='word_1_240' title='bbox 388 2607 458 2666; x_wconf 90' lang='lat' dir='ltr'><strong>foris</strong></span> <span class='ocrx_word' id='word_1_241' title='bbox 483 2616 564 2667; x_wconf 83' lang='lat' dir='ltr'><strong>extre</strong></span> <span class='ocrx_word' id='word_1_242' title='bbox 587 2607 691 2665; x_wconf 89' lang='lat' dir='ltr'><strong>mentis</strong></span> <span class='ocrx_word' id='word_1_243' title='bbox 715 2604 815 2664; x_wconf 86' lang='lat' dir='ltr'><strong>limine</strong></span> <span class='ocrx_word' id='word_1_244' title='bbox 837 2602 967 2662; x_wconf 91' lang='lat' dir='ltr'><strong>nondum</strong></span> <span class='ocrx_word' id='word_1_245' title='bbox 991 2603 1149 2664; x_wconf 87' lang='lat' dir='ltr'><strong>hebebant.</strong></span> 
     </span>
    </p>

    <p class='ocr_par' dir='ltr' id='par_1_5' title="bbox 336 2690 1693 4607">
     <span class='ocr_line' id='line_1_26' title="bbox 423 2690 1689 2770; baseline 0 -17"><span class='ocrx_word' id='word_1_246' title='bbox 423 2692 535 2770; x_wconf 87' lang='lat' dir='ltr'><strong>Quodsi</strong></span> <span class='ocrx_word' id='word_1_247' title='bbox 566 2702 737 2770; x_wconf 88' lang='lat' dir='ltr'><strong>quaeratur,</strong></span> <span class='ocrx_word' id='word_1_248' title='bbox 770 2691 936 2767; x_wconf 80' lang='lat' dir='ltr'><strong>eujusmodi</strong></span> <span class='ocrx_word' id='word_1_249' title='bbox 965 2690 1039 2750; x_wconf 90' lang='lat' dir='ltr'><strong>hacc</strong></span> <span class='ocrx_word' id='word_1_250' title='bbox 1069 2694 1167 2751; x_wconf 88' lang='lat' dir='ltr'><strong>anima</strong></span> <span class='ocrx_word' id='word_1_251' title='bbox 1193 2692 1247 2763; x_wconf 90' lang='lat' dir='ltr'><strong>sit,</strong></span> <span class='ocrx_word' id='word_1_252' title='bbox 1279 2691 1333 2753; x_wconf 70' lang='lat' dir='ltr'><strong>nbi,</strong></span> <span class='ocrx_word' id='word_1_253' title='bbox 1354 2690 1399 2749; x_wconf 85' lang='lat' dir='ltr'><strong>vel</strong></span> <span class='ocrx_word' id='word_1_254' title='bbox 1433 2692 1460 2748; x_wconf 91' lang='lat' dir='ltr'><strong>in</strong></span> <span class='ocrx_word' id='word_1_255' title='bbox 1485 2709 1689 2769; x_wconf 72' lang='grc'><strong>1111111111</strong></span> 
     </span>
     <span class='ocr_line' id='line_1_27' title="bbox 336 2768 1691 2860; baseline -0.001 -19"><span class='ocrx_word' id='word_1_256' title='bbox 336 2779 504 2855; x_wconf 90' lang='lat' dir='ltr'><strong>collocetur,</strong></span> <span class='ocrx_word' id='word_1_257' title='bbox 527 2780 700 2860; x_wconf 87' lang='lat' dir='ltr'><strong>respondeo,</strong></span> <span class='ocrx_word' id='word_1_258' title='bbox 725 2781 847 2858; x_wconf 90' lang='lat' dir='ltr'><strong>primum</strong></span> <span class='ocrx_word' id='word_1_259' title='bbox 871 2778 945 2838; x_wconf 86' lang='lat' dir='ltr'><strong>talos</strong></span> <span class='ocrx_word' id='word_1_260' title='bbox 967 2795 1032 2837; x_wconf 88' lang='lat' dir='ltr'><strong>esse</strong></span> <span class='ocrx_word' id='word_1_261' title='bbox 1055 2781 1184 2839; x_wconf 91' lang='lat' dir='ltr'><strong>omnium</strong></span> <span class='ocrx_word' id='word_1_262' title='bbox 1206 2768 1356 2836; x_wconf 90' lang='lat' dir='ltr'><strong>hominum</strong></span> <span class='ocrx_word' id='word_1_263' title='bbox 1373 2782 1496 2837; x_wconf 87' lang='lat' dir='ltr'><strong>animas.</strong></span> <span class='ocrx_word' id='word_1_264' title='bbox 1540 2779 1600 2841; x_wconf 89' lang='lat' dir='ltr'><strong>Sed</strong></span> <span class='ocrx_word' id='word_1_265' title='bbox 1616 2779 1691 2840; x_wconf 92' lang='lat' dir='ltr'><strong>libro</strong></span> 
     </span>
     <span class='ocr_line' id='line_1_28' title="bbox 337 2864 1689 2944; baseline 0.001 -18"><span class='ocrx_word' id='word_1_266' title='bbox 337 2869 423 2929; x_wconf 88' lang='lat' dir='ltr'><strong>tertio</strong></span> <span class='ocrx_word' id='word_1_267' title='bbox 447 2877 510 2929; x_wconf 88' lang='lat' dir='ltr'><strong>erat</strong></span> <span class='ocrx_word' id='word_1_268' title='bbox 531 2868 672 2942; x_wconf 87' lang='lat' dir='ltr'><strong>facultas,</strong></span> <span class='ocrx_word' id='word_1_269' title='bbox 697 2885 773 2944; x_wconf 89' lang='lat' dir='ltr'><strong>qnae</strong></span> <span class='ocrx_word' id='word_1_270' title='bbox 795 2864 1048 2944; x_wconf 83' lang='lat' dir='ltr'><strong>praeostenditui</strong></span> <span class='ocrx_word' id='word_1_271' title='bbox 1079 2874 1108 2926; x_wconf 89' lang='lat' dir='ltr'><strong>ct</strong></span> <span class='ocrx_word' id='word_1_272' title='bbox 1129 2868 1172 2926; x_wconf 88' lang='lat' dir='ltr'><strong>sic</strong></span> <span class='ocrx_word' id='word_1_273' title='bbox 1193 2865 1341 2938; x_wconf 87' lang='lat' dir='ltr'><strong>sensibus,</strong></span> <span class='ocrx_word' id='word_1_274' title='bbox 1372 2864 1419 2926; x_wconf 91' lang='lat' dir='ltr'><strong>hio</strong></span> <span class='ocrx_word' id='word_1_275' title='bbox 1442 2882 1500 2925; x_wconf 88' lang='lat' dir='ltr'><strong>noo</strong></span> <span class='ocrx_word' id='word_1_276' title='bbox 1523 2876 1568 2928; x_wconf 86' lang='lat' dir='ltr'><strong>est</strong></span> <span class='ocrx_word' id='word_1_277' title='bbox 1592 2869 1689 2927; x_wconf 89' lang='lat' dir='ltr'><strong>sensi—</strong></span> 
     </span>
     <span class='ocr_line' id='line_1_29' title="bbox 337 2949 1691 3030; baseline 0 -16"><span class='ocrx_word' id='word_1_278' title='bbox 337 2958 400 3015; x_wconf 83' lang='lat' dir='ltr'><strong>tiva</strong></span> <span class='ocrx_word' id='word_1_279' title='bbox 421 2955 555 3016; x_wconf 75' lang='lat' dir='ltr'><strong>facultas.</strong></span> <span class='ocrx_word' id='word_1_280' title='bbox 602 2953 688 3016; x_wconf 88' lang='lat' dir='ltr'><strong>Oculi</strong></span> <span class='ocrx_word' id='word_1_281' title='bbox 710 2957 796 3028; x_wconf 86' lang='grc'><strong>11111,</strong></span> <span class='ocrx_word' id='word_1_282' title='bbox 820 2972 943 3030; x_wconf 93' lang='lat' dir='ltr'><strong>quorum</strong></span> <span class='ocrx_word' id='word_1_283' title='bbox 967 2953 1115 3029; x_wconf 91' lang='lat' dir='ltr'><strong>objectum</strong></span> <span class='ocrx_word' id='word_1_284' title='bbox 1138 2961 1206 3012; x_wconf 92' lang='lat' dir='ltr'><strong>snut</strong></span> <span class='ocrx_word' id='word_1_285' title='bbox 1228 2949 1278 3011; x_wconf 85' lang='lat' dir='ltr'><strong>lux</strong></span> <span class='ocrx_word' id='word_1_286' title='bbox 1302 2961 1331 3011; x_wconf 93' lang='lat' dir='ltr'><strong>et</strong></span> <span class='ocrx_word' id='word_1_287' title='bbox 1353 2953 1426 3012; x_wconf 89' lang='lat' dir='ltr'><strong>radii</strong></span> <span class='ocrx_word' id='word_1_288' title='bbox 1449 2953 1552 3029; x_wconf 89' lang='lat' dir='ltr'><strong>lucidi,</strong></span> <span class='ocrx_word' id='word_1_289' title='bbox 1577 2954 1691 3014; x_wconf 91' lang='lat' dir='ltr'><strong>nullum</strong></span> 
     </span>
     <span class='ocr_line' id='line_1_30' title="bbox 338 3040 1693 3117; baseline 0 -15"><span class='ocrx_word' id='word_1_290' title='bbox 338 3044 449 3103; x_wconf 87' lang='lat' dir='ltr'><strong>faciunt</strong></span> <span class='ocrx_word' id='word_1_291' title='bbox 477 3041 614 3103; x_wconf 87' lang='lat' dir='ltr'><strong>idoneum</strong></span> <span class='ocrx_word' id='word_1_292' title='bbox 645 3042 783 3102; x_wconf 89' lang='lat' dir='ltr'><strong>indicium</strong></span> <span class='ocrx_word' id='word_1_293' title='bbox 814 3042 999 3101; x_wconf 87' lang='lat' dir='ltr'><strong>harmonicae</strong></span> <span class='ocrx_word' id='word_1_294' title='bbox 1028 3041 1199 3100; x_wconf 88' lang='lat' dir='ltr'><strong>radiationis</strong></span> <span class='ocrx_word' id='word_1_295' title='bbox 1228 3040 1362 3099; x_wconf 89' lang='lat' dir='ltr'><strong>binorum</strong></span> <span class='ocrx_word' id='word_1_296' title='bbox 1393 3040 1586 3117; x_wconf 88' lang='lat' dir='ltr'><strong>planetarum.</strong></span> <span class='ocrx_word' id='word_1_297' title='bbox 1630 3042 1693 3103; x_wconf 86' lang='lat' dir='ltr'><strong>Nec</strong></span> 
     </span>
     <span class='ocr_line' id='line_1_31' title="bbox 338 3129 1692 3206; baseline 0 -18"><span class='ocrx_word' id='word_1_298' title='bbox 338 3138 382 3189; x_wconf 89' lang='lat' dir='ltr'><strong>est</strong></span> <span class='ocrx_word' id='word_1_299' title='bbox 404 3131 609 3191; x_wconf 81' lang='lat' dir='ltr'><strong>ratiocinativa</strong></span> <span class='ocrx_word' id='word_1_300' title='bbox 631 3129 769 3205; x_wconf 81' lang='lat' dir='ltr'><strong>facultas3</strong></span> <span class='ocrx_word' id='word_1_301' title='bbox 798 3133 853 3190; x_wconf 89' lang='lat' dir='ltr'><strong>etsi</strong></span> <span class='ocrx_word' id='word_1_302' title='bbox 876 3130 953 3191; x_wconf 88' lang='lat' dir='ltr'><strong>enim</strong></span> <span class='ocrx_word' id='word_1_303' title='bbox 975 3145 1010 3186; x_wconf 84' lang='lat' dir='ltr'><strong>ex</strong></span> <span class='ocrx_word' id='word_1_304' title='bbox 1034 3129 1291 3188; x_wconf 88' lang='lat' dir='ltr'><strong>observationibus</strong></span> <span class='ocrx_word' id='word_1_305' title='bbox 1314 3129 1517 3187; x_wconf 86' lang='lat' dir='ltr'><strong>astronomicis</strong></span> <span class='ocrx_word' id='word_1_306' title='bbox 1544 3146 1597 3206; x_wconf 89' lang='lat' dir='ltr'><strong>per</strong></span> <span class='ocrx_word' id='word_1_307' title='bbox 1619 3147 1692 3203; x_wconf 86' lang='lat' dir='ltr'><strong>ocn-</strong></span> 
     </span>
     <span class='ocr_line' id='line_1_32' title="bbox 338 3215 1693 3294; baseline 0.001 -19"><span class='ocrx_word' id='word_1_308' title='bbox 338 3215 383 3276; x_wconf 89' lang='lat' dir='ltr'><strong>los</strong></span> <span class='ocrx_word' id='word_1_309' title='bbox 406 3216 642 3278; x_wconf 89' lang='lat' dir='ltr'><strong>administrandis</strong></span> <span class='ocrx_word' id='word_1_310' title='bbox 666 3219 740 3277; x_wconf 91' lang='lat' dir='ltr'><strong>ratio</strong></span> <span class='ocrx_word' id='word_1_311' title='bbox 762 3219 875 3276; x_wconf 79' lang='lat' dir='ltr'><strong>invenit</strong></span> <span class='ocrx_word' id='word_1_312' title='bbox 896 3224 926 3274; x_wconf 90' lang='lat' dir='ltr'><strong>et</strong></span> <span class='ocrx_word' id='word_1_313' title='bbox 949 3223 1116 3292; x_wconf 88' lang='lat' dir='ltr'><strong>computat,</strong></span> <span class='ocrx_word' id='word_1_314' title='bbox 1149 3218 1198 3293; x_wconf 91' lang='lat' dir='ltr'><strong>qui</strong></span> <span class='ocrx_word' id='word_1_315' title='bbox 1222 3216 1328 3293; x_wconf 85' lang='lat' dir='ltr'><strong>quovis</strong></span> <span class='ocrx_word' id='word_1_316' title='bbox 1351 3223 1481 3293; x_wconf 89' lang='lat' dir='ltr'><strong>tempore</strong></span> <span class='ocrx_word' id='word_1_317' title='bbox 1508 3218 1566 3276; x_wconf 89' lang='lat' dir='ltr'><strong>siat</strong></span> <span class='ocrx_word' id='word_1_318' title='bbox 1587 3235 1693 3294; x_wconf 90' lang='lat' dir='ltr'><strong>aspec-</strong></span> 
     </span>
     <span class='ocr_line' id='line_1_33' title="bbox 338 3302 1692 3381; baseline -0.001 -19"><span class='ocrx_word' id='word_1_319' title='bbox 338 3311 394 3379; x_wconf 92' lang='lat' dir='ltr'><strong>tus,</strong></span> <span class='ocrx_word' id='word_1_320' title='bbox 418 3305 447 3363; x_wconf 93' lang='lat' dir='ltr'><strong>id</strong></span> <span class='ocrx_word' id='word_1_321' title='bbox 471 3313 650 3367; x_wconf 88' lang='lat' dir='ltr'><strong>tamennon</strong></span> <span class='ocrx_word' id='word_1_322' title='bbox 672 3306 734 3381; x_wconf 84' lang='lat' dir='ltr'><strong>agit</strong></span> <span class='ocrx_word' id='word_1_323' title='bbox 759 3302 944 3375; x_wconf 81' lang='lat' dir='ltr'><strong>naturaliter,</strong></span> <span class='ocrx_word' id='word_1_324' title='bbox 968 3304 1078 3379; x_wconf 89' lang='lat' dir='ltr'><strong>qnippe</strong></span> <span class='ocrx_word' id='word_1_325' title='bbox 1100 3320 1158 3363; x_wconf 91' lang='lat' dir='ltr'><strong>non</strong></span> <span class='ocrx_word' id='word_1_326' title='bbox 1181 3302 1260 3379; x_wconf 90' lang='lat' dir='ltr'><strong>apnd</strong></span> <span class='ocrx_word' id='word_1_327' title='bbox 1284 3319 1384 3363; x_wconf 90' lang='lat' dir='ltr'><strong>omnes</strong></span> <span class='ocrx_word' id='word_1_328' title='bbox 1408 3305 1572 3381; x_wconf 88' lang='lat' dir='ltr'><strong>promiscue</strong></span> <span class='ocrx_word' id='word_1_329' title='bbox 1595 3305 1692 3363; x_wconf 91' lang='lat' dir='ltr'><strong>homi-</strong></span> 
     </span>
     <span class='ocr_line' id='line_1_34' title="bbox 337 3389 1693 3469; baseline 0 -18"><span class='ocrx_word' id='word_1_330' title='bbox 337 3408 400 3465; x_wconf 88' lang='lat' dir='ltr'><strong>nes,</strong></span> <span class='ocrx_word' id='word_1_331' title='bbox 423 3392 475 3452; x_wconf 90' lang='lat' dir='ltr'><strong>sed</strong></span> <span class='ocrx_word' id='word_1_332' title='bbox 499 3391 671 3466; x_wconf 83' lang='lat' dir='ltr'><strong>voluntarie,</strong></span> <span class='ocrx_word' id='word_1_333' title='bbox 694 3391 773 3468; x_wconf 87' lang='lat' dir='ltr'><strong>apud</strong></span> <span class='ocrx_word' id='word_1_334' title='bbox 797 3407 907 3469; x_wconf 88' lang='lat' dir='ltr'><strong>pancos</strong></span> <span class='ocrx_word' id='word_1_335' title='bbox 930 3393 1127 3464; x_wconf 75' lang='lat' dir='ltr'><strong>astronomiae</strong></span> <span class='ocrx_word' id='word_1_336' title='bbox 1155 3389 1342 3467; x_wconf 84' lang='lat' dir='ltr'><strong>singulariter</strong></span> <span class='ocrx_word' id='word_1_337' title='bbox 1373 3391 1496 3450; x_wconf 88' lang='lat' dir='ltr'><strong>deditos.</strong></span> <span class='ocrx_word' id='word_1_338' title='bbox 1543 3391 1601 3451; x_wconf 86' lang='lat' dir='ltr'><strong>Sed</strong></span> <span class='ocrx_word' id='word_1_339' title='bbox 1625 3399 1693 3451; x_wconf 89' lang='lat' dir='ltr'><strong>sunt</strong></span> 
     </span>
     <span class='ocr_line' id='line_1_35' title="bbox 338 3478 1692 3554; baseline 0 -17"><span class='ocrx_word' id='word_1_340' title='bbox 338 3481 454 3539; x_wconf 86' lang='lat' dir='ltr'><strong>animae</strong></span> <span class='ocrx_word' id='word_1_341' title='bbox 485 3480 631 3539; x_wconf 86' lang='lat' dir='ltr'><strong>humanae</strong></span> <span class='ocrx_word' id='word_1_342' title='bbox 661 3478 825 3554; x_wconf 88' lang='lat' dir='ltr'><strong>subjectum</strong></span> <span class='ocrx_word' id='word_1_343' title='bbox 856 3478 1072 3538; x_wconf 87' lang='lat' dir='ltr'><strong>harmoniarum</strong></span> <span class='ocrx_word' id='word_1_344' title='bbox 1104 3478 1219 3537; x_wconf 91' lang='lat' dir='ltr'><strong>illarnm</strong></span> <span class='ocrx_word' id='word_1_345' title='bbox 1246 3480 1370 3553; x_wconf 90' lang='lat' dir='ltr'><strong>primum</strong></span> <span class='ocrx_word' id='word_1_346' title='bbox 1398 3482 1509 3539; x_wconf 89' lang='lat' dir='ltr'><strong>ratione</strong></span> <span class='ocrx_word' id='word_1_347' title='bbox 1539 3481 1692 3538; x_wconf 85' lang='lat' dir='ltr'><strong>instinctus</strong></span> 
     </span>
     <span class='ocr_line' id='line_1_36' title="bbox 338 3564 1692 3643; baseline -0.003 -15"><span class='ocrx_word' id='word_1_348' title='bbox 338 3566 496 3642; x_wconf 85' lang='lat' dir='ltr'><strong>naturalis,</strong></span> <span class='ocrx_word' id='word_1_349' title='bbox 528 3568 557 3624; x_wconf 92' lang='lat' dir='ltr'><strong>in</strong></span> <span class='ocrx_word' id='word_1_350' title='bbox 581 3575 724 3642; x_wconf 89' lang='lat' dir='ltr'><strong>qnantum</strong></span> <span class='ocrx_word' id='word_1_351' title='bbox 752 3569 866 3626; x_wconf 89' lang='lat' dir='ltr'><strong>animae</strong></span> <span class='ocrx_word' id='word_1_352' title='bbox 897 3576 966 3626; x_wconf 90' lang='lat' dir='ltr'><strong>sunt</strong></span> <span class='ocrx_word' id='word_1_353' title='bbox 989 3564 1167 3643; x_wconf 83' lang='lat' dir='ltr'><strong>exemplaria</strong></span> <span class='ocrx_word' id='word_1_354' title='bbox 1195 3569 1349 3641; x_wconf 80' lang='lat' dir='ltr'><strong>creatoris,</strong></span> <span class='ocrx_word' id='word_1_355' title='bbox 1381 3576 1411 3625; x_wconf 92' lang='lat' dir='ltr'><strong>ut</strong></span> <span class='ocrx_word' id='word_1_356' title='bbox 1435 3566 1542 3626; x_wconf 90' lang='lat' dir='ltr'><strong>dictum</strong></span> <span class='ocrx_word' id='word_1_357' title='bbox 1574 3584 1638 3643; x_wconf 86' lang='lat' dir='ltr'><strong>cap.</strong></span> <span class='ocrx_word' id='word_1_358' title='bbox 1662 3570 1692 3641; x_wconf 79' lang='lat'><strong>4,</strong></span> 
     </span>
     <span class='ocr_line' id='line_1_37' title="bbox 339 3652 1693 3728; baseline -0.001 -14"><span class='ocrx_word' id='word_1_359' title='bbox 339 3653 469 3715; x_wconf 89' lang='lat' dir='ltr'><strong>secundo</strong></span> <span class='ocrx_word' id='word_1_360' title='bbox 493 3656 605 3715; x_wconf 91' lang='lat' dir='ltr'><strong>ratione</strong></span> <span class='ocrx_word' id='word_1_361' title='bbox 628 3652 813 3726; x_wconf 87' lang='lat' dir='ltr'><strong>facultatum,</strong></span> <span class='ocrx_word' id='word_1_362' title='bbox 844 3653 942 3713; x_wconf 90' lang='lat' dir='ltr'><strong>vitalis</strong></span> <span class='ocrx_word' id='word_1_363' title='bbox 965 3662 995 3715; x_wconf 85' lang='lat' dir='ltr'><strong>ct</strong></span> <span class='ocrx_word' id='word_1_364' title='bbox 1018 3653 1160 3713; x_wconf 87' lang='lat' dir='ltr'><strong>naturalis</strong></span> <span class='ocrx_word' id='word_1_365' title='bbox 1184 3662 1374 3728; x_wconf 90' lang='lat' dir='ltr'><strong>motuumque</strong></span> <span class='ocrx_word' id='word_1_366' title='bbox 1399 3654 1531 3714; x_wconf 85' lang='lat' dir='ltr'><strong>vitalium</strong></span> <span class='ocrx_word' id='word_1_367' title='bbox 1553 3661 1582 3712; x_wconf 90' lang='lat' dir='ltr'><strong>et</strong></span> <span class='ocrx_word' id='word_1_368' title='bbox 1605 3662 1693 3713; x_wconf 89' lang='lat' dir='ltr'><strong>uatu-</strong></span> 
     </span>
     <span class='ocr_line' id='line_1_38' title="bbox 338 3732 1693 3818; baseline -0.001 -18"><span class='ocrx_word' id='word_1_369' title='bbox 338 3741 454 3815; x_wconf 90' lang='lat' dir='ltr'><strong>ralium,</strong></span> <span class='ocrx_word' id='word_1_370' title='bbox 476 3759 529 3803; x_wconf 88' lang='lat' dir='ltr'><strong>seu</strong></span> <span class='ocrx_word' id='word_1_371' title='bbox 551 3740 708 3814; x_wconf 89' lang='lat' dir='ltr'><strong>Platonicq</strong></span> <span class='ocrx_word' id='word_1_372' title='bbox 732 3758 811 3801; x_wconf 92' lang='lat' dir='ltr'><strong>more</strong></span> <span class='ocrx_word' id='word_1_373' title='bbox 834 3741 1071 3817; x_wconf 78' lang='lat' dir='ltr'><strong>concupiscibilis</strong></span> <span class='ocrx_word' id='word_1_374' title='bbox 1095 3749 1124 3801; x_wconf 91' lang='lat' dir='ltr'><strong>ct</strong></span> <span class='ocrx_word' id='word_1_375' title='bbox 1145 3742 1301 3801; x_wconf 88' lang='lat' dir='ltr'><strong>irascibilis</strong></span> <span class='ocrx_word' id='word_1_376' title='bbox 1323 3732 1466 3818; x_wconf 80' lang='lat' dir='ltr'><strong>partium3</strong></span> <span class='ocrx_word' id='word_1_377' title='bbox 1490 3741 1602 3800; x_wconf 90' lang='lat' dir='ltr'><strong>ratione</strong></span> <span class='ocrx_word' id='word_1_378' title='bbox 1625 3742 1693 3817; x_wconf 91' lang='lat' dir='ltr'><strong>qui-</strong></span> 
     </span>
     <span class='ocr_line' id='line_1_39' title="bbox 339 3828 1692 3905; baseline -0.001 -17"><span class='ocrx_word' id='word_1_379' title='bbox 339 3828 405 3888; x_wconf 90' lang='lat' dir='ltr'><strong>dem</strong></span> <span class='ocrx_word' id='word_1_380' title='bbox 428 3828 523 3903; x_wconf 89' lang='lat' dir='ltr'><strong>illius,</strong></span> <span class='ocrx_word' id='word_1_381' title='bbox 554 3830 584 3887; x_wconf 92' lang='grc'><strong>11</strong></span> <span class='ocrx_word' id='word_1_382' title='bbox 617 3836 760 3905; x_wconf 86' lang='lat' dir='ltr'><strong>quamam</strong></span> <span class='ocrx_word' id='word_1_383' title='bbox 788 3830 957 3888; x_wconf 90' lang='lat' dir='ltr'><strong>harmoniae</strong></span> <span class='ocrx_word' id='word_1_384' title='bbox 984 3836 1067 3904; x_wconf 91' lang='lat' dir='ltr'><strong>sant,</strong></span> <span class='ocrx_word' id='word_1_385' title='bbox 1101 3831 1213 3890; x_wconf 90' lang='lat' dir='ltr'><strong>ratione</strong></span> <span class='ocrx_word' id='word_1_386' title='bbox 1246 3846 1315 3889; x_wconf 90' lang='lat' dir='ltr'><strong>vero</strong></span> <span class='ocrx_word' id='word_1_387' title='bbox 1338 3828 1455 3903; x_wconf 89' lang='lat' dir='ltr'><strong>harum,</strong></span> <span class='ocrx_word' id='word_1_388' title='bbox 1490 3832 1518 3887; x_wconf 91' lang='lat' dir='ltr'><strong>in</strong></span> <span class='ocrx_word' id='word_1_389' title='bbox 1550 3834 1692 3904; x_wconf 88' lang='lat' dir='ltr'><strong>quantum</strong></span> 
     </span>
     <span class='ocr_line' id='line_1_40' title="bbox 342 3916 1693 3994; baseline -0.003 -17"><span class='ocrx_word' id='word_1_390' title='bbox 342 3919 456 3994; x_wconf 89' lang='lat' dir='ltr'><strong>species</strong></span> <span class='ocrx_word' id='word_1_391' title='bbox 478 3916 693 3976; x_wconf 86' lang='lat' dir='ltr'><strong>harmoniarum</strong></span> <span class='ocrx_word' id='word_1_392' title='bbox 723 3917 925 3993; x_wconf 90' lang='lat' dir='ltr'><strong>imprimuntur</strong></span> <span class='ocrx_word' id='word_1_393' title='bbox 955 3917 983 3972; x_wconf 93' lang='lat' dir='ltr'><strong>in</strong></span> <span class='ocrx_word' id='word_1_394' title='bbox 1012 3917 1065 3976; x_wconf 90' lang='lat' dir='ltr'><strong>has</strong></span> <span class='ocrx_word' id='word_1_395' title='bbox 1095 3916 1250 3978; x_wconf 85' lang='lat' dir='ltr'><strong>facultates</strong></span> <span class='ocrx_word' id='word_1_396' title='bbox 1281 3916 1412 3993; x_wconf 87' lang='lat' dir='ltr'><strong>fiuntque</strong></span> <span class='ocrx_word' id='word_1_397' title='bbox 1442 3934 1549 3976; x_wconf 90' lang='lat' dir='ltr'><strong>causae</strong></span> <span class='ocrx_word' id='word_1_398' title='bbox 1573 3933 1693 3993; x_wconf 90' lang='lat' dir='ltr'><strong>operum</strong></span> 
     </span>
     <span class='ocr_line' id='line_1_41' title="bbox 338 4002 1692 4081; baseline 0.001 -20"><span class='ocrx_word' id='word_1_399' title='bbox 338 4012 470 4077; x_wconf 75' lang='lat' dir='ltr'><strong>araturae,</strong></span> <span class='ocrx_word' id='word_1_400' title='bbox 495 4012 555 4064; x_wconf 87' lang='lat' dir='ltr'><strong>tam</strong></span> <span class='ocrx_word' id='word_1_401' title='bbox 577 4005 607 4062; x_wconf 89' lang='lat' dir='ltr'><strong>in</strong></span> <span class='ocrx_word' id='word_1_402' title='bbox 631 4005 728 4064; x_wconf 89' lang='lat' dir='ltr'><strong>animo</strong></span> <span class='ocrx_word' id='word_1_403' title='bbox 752 4022 841 4080; x_wconf 88' lang='lat' dir='ltr'><strong>quarn</strong></span> <span class='ocrx_word' id='word_1_404' title='bbox 864 4006 893 4063; x_wconf 90' lang='lat' dir='ltr'><strong>in</strong></span> <span class='ocrx_word' id='word_1_405' title='bbox 917 4020 1045 4081; x_wconf 89' lang='lat' dir='ltr'><strong>corpore,</strong></span> <span class='ocrx_word' id='word_1_406' title='bbox 1070 4004 1248 4081; x_wconf 90' lang='lat' dir='ltr'><strong>impultrices</strong></span> <span class='ocrx_word' id='word_1_407' title='bbox 1273 4013 1302 4064; x_wconf 91' lang='lat' dir='ltr'><strong>et</strong></span> <span class='ocrx_word' id='word_1_408' title='bbox 1325 4003 1541 4063; x_wconf 88' lang='lat' dir='ltr'><strong>stimulatrices.</strong></span> <span class='ocrx_word' id='word_1_409' title='bbox 1577 4002 1692 4062; x_wconf 85' lang='lat' dir='ltr'><strong>Deinde</strong></span> 
     </span>
     <span class='ocr_line' id='line_1_42' title="bbox 339 4088 1692 4169; baseline 0 -21"><span class='ocrx_word' id='word_1_410' title='bbox 339 4093 497 4169; x_wconf 88' lang='lat' dir='ltr'><strong>praecipua</strong></span> <span class='ocrx_word' id='word_1_411' title='bbox 520 4092 627 4164; x_wconf 90' lang='lat' dir='ltr'><strong>anime,</strong></span> <span class='ocrx_word' id='word_1_412' title='bbox 652 4093 680 4148; x_wconf 93' lang='lat' dir='ltr'><strong>in</strong></span> <span class='ocrx_word' id='word_1_413' title='bbox 704 4109 793 4167; x_wconf 89' lang='lat' dir='ltr'><strong>quam</strong></span> <span class='ocrx_word' id='word_1_414' title='bbox 816 4091 872 4152; x_wconf 91' lang='lat' dir='ltr'><strong>hae</strong></span> <span class='ocrx_word' id='word_1_415' title='bbox 894 4091 1089 4151; x_wconf 87' lang='lat' dir='ltr'><strong>radiationttm</strong></span> <span class='ocrx_word' id='word_1_416' title='bbox 1112 4091 1281 4153; x_wconf 84' lang='lat' dir='ltr'><strong>herurouiae</strong></span> <span class='ocrx_word' id='word_1_417' title='bbox 1304 4092 1437 4164; x_wconf 88' lang='lat' dir='ltr'><strong>influunt,</strong></span> <span class='ocrx_word' id='word_1_418' title='bbox 1461 4099 1506 4150; x_wconf 92' lang='lat' dir='ltr'><strong>est</strong></span> <span class='ocrx_word' id='word_1_419' title='bbox 1528 4088 1692 4167; x_wconf 87' lang='grc'><strong>1111111111-</strong></span> 
     </span>
     <span class='ocr_line' id='line_1_43' title="bbox 339 4177 1693 4256; baseline 0 -18"><span class='ocrx_word' id='word_1_420' title='bbox 339 4178 440 4255; x_wconf 87' lang='lat' dir='ltr'><strong>sophis</strong></span> <span class='ocrx_word' id='word_1_421' title='bbox 462 4178 541 4239; x_wconf 85' lang='lat' dir='ltr'><strong>dictu</strong></span> <span class='ocrx_word' id='word_1_422' title='bbox 563 4186 667 4238; x_wconf 86' lang='lat' dir='ltr'><strong>natura</strong></span> <span class='ocrx_word' id='word_1_423' title='bbox 689 4178 870 4254; x_wconf 87' lang='grc'><strong>1111111111,</strong></span> <span class='ocrx_word' id='word_1_424' title='bbox 904 4194 955 4256; x_wconf 88' lang='grc'><strong>111</strong></span> <span class='ocrx_word' id='word_1_425' title='bbox 977 4187 1071 4238; x_wconf 92' lang='lat' dir='ltr'><strong>totum</strong></span> <span class='ocrx_word' id='word_1_426' title='bbox 1094 4178 1235 4253; x_wconf 85' lang='lat' dir='ltr'><strong>Telluris,</strong></span> <span class='ocrx_word' id='word_1_427' title='bbox 1265 4177 1401 4237; x_wconf 87' lang='lat' dir='ltr'><strong>alumnae</strong></span> <span class='ocrx_word' id='word_1_428' title='bbox 1423 4187 1556 4250; x_wconf 89' lang='lat' dir='ltr'><strong>nostrae,</strong></span> <span class='ocrx_word' id='word_1_429' title='bbox 1587 4195 1693 4255; x_wconf 90' lang='lat' dir='ltr'><strong>corpus</strong></span> 
     </span>
     <span class='ocr_line' id='line_1_44' title="bbox 342 4264 1692 4343; baseline 0.001 -19"><span class='ocrx_word' id='word_1_430' title='bbox 342 4265 449 4326; x_wconf 84' lang='lat' dir='ltr'><strong>diffusa</strong></span> <span class='ocrx_word' id='word_1_431' title='bbox 470 4268 560 4342; x_wconf 90' lang='lat' dir='ltr'><strong>inque</strong></span> <span class='ocrx_word' id='word_1_432' title='bbox 582 4265 646 4342; x_wconf 89' lang='lat' dir='ltr'><strong>ejus</strong></span> <span class='ocrx_word' id='word_1_433' title='bbox 669 4265 770 4341; x_wconf 85' lang='lat' dir='ltr'><strong>aliqua</strong></span> <span class='ocrx_word' id='word_1_434' title='bbox 793 4273 872 4327; x_wconf 89' lang='lat' dir='ltr'><strong>certa</strong></span> <span class='ocrx_word' id='word_1_435' title='bbox 894 4274 977 4343; x_wconf 88' lang='lat' dir='ltr'><strong>parte</strong></span> <span class='ocrx_word' id='word_1_436' title='bbox 1000 4283 1057 4325; x_wconf 91' lang='lat' dir='ltr'><strong>non</strong></span> <span class='ocrx_word' id='word_1_437' title='bbox 1073 4266 1166 4341; x_wconf 87' lang='lat' dir='ltr'><strong>aliter,</strong></span> <span class='ocrx_word' id='word_1_438' title='bbox 1190 4285 1277 4343; x_wconf 91' lang='lat' dir='ltr'><strong>qnam</strong></span> <span class='ocrx_word' id='word_1_439' title='bbox 1292 4268 1390 4324; x_wconf 87' lang='lat' dir='ltr'><strong>anime</strong></span> <span class='ocrx_word' id='word_1_440' title='bbox 1407 4266 1535 4323; x_wconf 87' lang='lat' dir='ltr'><strong>humana</strong></span> <span class='ocrx_word' id='word_1_441' title='bbox 1549 4266 1579 4322; x_wconf 90' lang='lat' dir='ltr'><strong>in</strong></span> <span class='ocrx_word' id='word_1_442' title='bbox 1596 4264 1692 4337; x_wconf 91' lang='lat' dir='ltr'><strong>corde,</strong></span> 
     </span>
     <span class='ocr_line' id='line_1_45' title="bbox 339 4351 1693 4432; baseline -0.001 -20"><span class='ocrx_word' id='word_1_443' title='bbox 339 4351 483 4429; x_wconf 83' lang='lat' dir='ltr'><strong>radicata,</strong></span> <span class='ocrx_word' id='word_1_444' title='bbox 514 4371 550 4414; x_wconf 84' lang='lat' dir='ltr'><strong>cx</strong></span> <span class='ocrx_word' id='word_1_445' title='bbox 572 4370 630 4429; x_wconf 91' lang='lat' dir='ltr'><strong>quo</strong></span> <span class='ocrx_word' id='word_1_446' title='bbox 654 4370 709 4413; x_wconf 90' lang='lat' dir='ltr'><strong>cen</strong></span> <span class='ocrx_word' id='word_1_447' title='bbox 732 4352 811 4426; x_wconf 90' lang='lat' dir='ltr'><strong>foco,</strong></span> <span class='ocrx_word' id='word_1_448' title='bbox 843 4353 923 4413; x_wconf 87' lang='lat' dir='ltr'><strong>fonte</strong></span> <span class='ocrx_word' id='word_1_449' title='bbox 956 4351 1003 4413; x_wconf 83' lang='lat' dir='ltr'><strong>rel</strong></span> <span class='ocrx_word' id='word_1_450' title='bbox 1030 4353 1172 4429; x_wconf 87' lang='lat' dir='ltr'><strong>penetrali</strong></span> <span class='ocrx_word' id='word_1_451' title='bbox 1204 4373 1256 4432; x_wconf 90' lang='lat' dir='ltr'><strong>per</strong></span> <span class='ocrx_word' id='word_1_452' title='bbox 1277 4354 1405 4429; x_wconf 89' lang='lat' dir='ltr'><strong>speeiem</strong></span> <span class='ocrx_word' id='word_1_453' title='bbox 1427 4354 1473 4411; x_wconf 90' lang='lat' dir='ltr'><strong>sni</strong></span> <span class='ocrx_word' id='word_1_454' title='bbox 1500 4354 1560 4411; x_wconf 87' lang='lat' dir='ltr'><strong>erit</strong></span> <span class='ocrx_word' id='word_1_455' title='bbox 1582 4353 1612 4410; x_wconf 91' lang='lat' dir='ltr'><strong>in</strong></span> <span class='ocrx_word' id='word_1_456' title='bbox 1635 4355 1693 4411; x_wconf 91' lang='lat' dir='ltr'><strong>eir·</strong></span> 
     </span>
     <span class='ocr_line' id='line_1_46' title="bbox 342 4436 1692 4519; baseline -0.002 -17"><span class='ocrx_word' id='word_1_457' title='bbox 342 4439 505 4502; x_wconf 85' lang='lat' dir='ltr'><strong>cumfusum</strong></span> <span class='ocrx_word' id='word_1_458' title='bbox 527 4441 624 4502; x_wconf 85' lang='lat' dir='ltr'><strong>Terris</strong></span> <span class='ocrx_word' id='word_1_459' title='bbox 642 4458 783 4501; x_wconf 88' lang='lat' dir='ltr'><strong>occanum</strong></span> <span class='ocrx_word' id='word_1_460' title='bbox 799 4446 828 4500; x_wconf 91' lang='lat' dir='ltr'><strong>et</strong></span> <span class='ocrx_word' id='word_1_461' title='bbox 843 4442 1026 4517; x_wconf 87' lang='lat' dir='ltr'><strong>superfusum</strong></span> <span class='ocrx_word' id='word_1_462' title='bbox 1043 4445 1173 4519; x_wconf 90' lang='lat' dir='ltr'><strong>utrisque</strong></span> <span class='ocrx_word' id='word_1_463' title='bbox 1189 4446 1294 4502; x_wconf 77' lang='grc'><strong>111111.</strong></span> <span class='ocrx_word' id='word_1_464' title='bbox 1342 4436 1595 4515; x_wconf 83' lang='lat' dir='ltr'><strong>Quemadmodum</strong></span> <span class='ocrx_word' id='word_1_465' title='bbox 1612 4457 1692 4515; x_wconf 85' lang='lat' dir='ltr'><strong>vero,</strong></span> 
     </span>
     <span class='ocr_line' id='line_1_47' title="bbox 340 4527 1693 4607; baseline -0.001 -18"><span class='ocrx_word' id='word_1_466' title='bbox 340 4530 391 4607; x_wconf 79' lang='lat' dir='ltr'><strong>qui</strong></span> <span class='ocrx_word' id='word_1_467' title='bbox 413 4527 529 4593; x_wconf 75' lang='lat' dir='ltr'><strong>melodo</strong></span> <span class='ocrx_word' id='word_1_468' title='bbox 552 4531 683 4589; x_wconf 87' lang='lat' dir='ltr'><strong>suaviter</strong></span> <span class='ocrx_word' id='word_1_469' title='bbox 705 4529 821 4589; x_wconf 87' lang='lat' dir='ltr'><strong>canenti</strong></span> <span class='ocrx_word' id='word_1_470' title='bbox 843 4528 1004 4600; x_wconf 90' lang='lat' dir='ltr'><strong>auscultat,</strong></span> <span class='ocrx_word' id='word_1_471' title='bbox 1035 4529 1061 4585; x_wconf 93' lang='lat' dir='ltr'><strong>is</strong></span> <span class='ocrx_word' id='word_1_472' title='bbox 1090 4527 1204 4589; x_wconf 89' lang='lat' dir='ltr'><strong>laetitia</strong></span> <span class='ocrx_word' id='word_1_473' title='bbox 1231 4528 1347 4599; x_wconf 80' lang='lat' dir='ltr'><strong>flentis,</strong></span> <span class='ocrx_word' id='word_1_474' title='bbox 1378 4544 1466 4601; x_wconf 90' lang='lat' dir='ltr'><strong>voce,</strong></span> <span class='ocrx_word' id='word_1_475' title='bbox 1497 4527 1604 4604; x_wconf 90' lang='lat' dir='ltr'><strong>plausu</strong></span> <span class='ocrx_word' id='word_1_476' title='bbox 1628 4547 1693 4587; x_wconf 91' lang='lat' dir='ltr'><strong>ma·</strong></span> 
     </span>
    </p>
   </div>
   <div class='ocr_carea' id='block_1_3' title="bbox 338 4614 1793 4694">
    <p class='ocr_par' dir='ltr' id='par_1_6' title="bbox 338 4614 1793 4694">
     <span class='ocr_line' id='line_1_48' title="bbox 338 4614 1793 4694; baseline -0.011 -4"><span class='ocrx_word' id='word_1_477' title='bbox 338 4626 430 4690; x_wconf 76' lang='lat' dir='ltr'><strong>buum</strong></span> <span class='ocrx_word' id='word_1_478' title='bbox 452 4615 606 4693; x_wconf 88' lang='lat' dir='ltr'><strong>pedumve,</strong></span> <span class='ocrx_word' id='word_1_479' title='bbox 630 4614 668 4675; x_wconf 88' lang='lat' dir='ltr'><strong>ad</strong></span> <span class='ocrx_word' id='word_1_480' title='bbox 691 4614 835 4679; x_wconf 89' lang='lat' dir='ltr'><strong>melodiae</strong></span> <span class='ocrx_word' id='word_1_481' title='bbox 858 4632 1021 4674; x_wconf 88' lang='lat' dir='ltr'><strong>mensuram</strong></span> <span class='ocrx_word' id='word_1_482' title='bbox 1045 4624 1254 4694; x_wconf 85' lang='lat' dir='ltr'><strong>attemperate,</strong></span> <span class='ocrx_word' id='word_1_483' title='bbox 1278 4620 1409 4686; x_wconf 88' lang='lat' dir='ltr'><strong>testatur,</strong></span> <span class='ocrx_word' id='word_1_484' title='bbox 1438 4632 1469 4675; x_wconf 90' lang='grc'><strong>11</strong></span> <span class='ocrx_word' id='word_1_485' title='bbox 1492 4614 1572 4691; x_wconf 87' lang='lat' dir='ltr'><strong>quod</strong></span> <span class='ocrx_word' id='word_1_486' title='bbox 1595 4624 1638 4675; x_wconf 89' lang='lat' dir='ltr'><strong>est</strong></span> <span class='ocrx_word' id='word_1_487' title='bbox 1662 4617 1692 4674; x_wconf 93' lang='lat' dir='ltr'><strong>in</strong></span> <span class='ocrx_word' id='word_1_488' title='bbox 1788 4616 1793 4622; x_wconf 83' lang='lat'>&#39;</span> 
     </span>
    </p>
   </div>
   <div class='ocr_carea' id='block_1_4' title="bbox 339 4696 1692 4867">
    <p class='ocr_par' dir='ltr' id='par_1_7' title="bbox 339 4696 1692 4867">
     <span class='ocr_line' id='line_1_49' title="bbox 339 4696 1692 4780; baseline -0.001 -18"><span class='ocrx_word' id='word_1_489' title='bbox 339 4703 468 4771; x_wconf 19' lang='lat' dir='ltr'><strong>uieltodia</strong></span> <span class='ocrx_word' id='word_1_490' title='bbox 497 4696 697 4765; x_wconf 79' lang='lat' dir='ltr'><strong>harmonicum</strong></span> <span class='ocrx_word' id='word_1_491' title='bbox 727 4705 875 4780; x_wconf 88' lang='lat' dir='ltr'><strong>percipere</strong></span> <span class='ocrx_word' id='word_1_492' title='bbox 905 4710 935 4763; x_wconf 90' lang='lat' dir='ltr'><strong>et</strong></span> <span class='ocrx_word' id='word_1_493' title='bbox 965 4704 1143 4778; x_wconf 86' lang='lat' dir='ltr'><strong>approbare,</strong></span> <span class='ocrx_word' id='word_1_494' title='bbox 1184 4720 1241 4765; x_wconf 92' lang='lat' dir='ltr'><strong>non</strong></span> <span class='ocrx_word' id='word_1_495' title='bbox 1272 4701 1356 4761; x_wconf 90' lang='lat' dir='ltr'><strong>aliter</strong></span> <span class='ocrx_word' id='word_1_496' title='bbox 1393 4711 1497 4762; x_wconf 90' lang='lat' dir='ltr'><strong>natura</strong></span> <span class='ocrx_word' id='word_1_497' title='bbox 1527 4701 1692 4763; x_wconf 87' lang='lat' dir='ltr'><strong>sublunaris</strong></span> 
     </span>
     <span class='ocr_line' id='line_1_50' title="bbox 340 4788 1691 4867; baseline -0.001 -15"><span class='ocrx_word' id='word_1_498' title='bbox 340 4793 533 4855; x_wconf 82' lang='lat' dir='ltr'><strong>commotione</strong></span> <span class='ocrx_word' id='word_1_499' title='bbox 556 4791 663 4867; x_wconf 83' lang='lat' dir='ltr'><strong>insigni</strong></span> <span class='ocrx_word' id='word_1_500' title='bbox 691 4798 721 4855; x_wconf 87' lang='lat' dir='ltr'><strong>et</strong></span> <span class='ocrx_word' id='word_1_501' title='bbox 744 4790 874 4851; x_wconf 82' lang='lat' dir='ltr'><strong>evidenti</strong></span> <span class='ocrx_word' id='word_1_502' title='bbox 902 4792 1047 4851; x_wconf 86' lang='lat' dir='ltr'><strong>viscerum</strong></span> <span class='ocrx_word' id='word_1_503' title='bbox 1070 4789 1212 4863; x_wconf 84' lang='lat' dir='ltr'><strong>Telluris,</strong></span> <span class='ocrx_word' id='word_1_504' title='bbox 1242 4788 1279 4849; x_wconf 91' lang='lat' dir='ltr'><strong>ad</strong></span> <span class='ocrx_word' id='word_1_505' title='bbox 1311 4789 1378 4850; x_wconf 90' lang='lat' dir='ltr'><strong>illos</strong></span> <span class='ocrx_word' id='word_1_506' title='bbox 1408 4792 1590 4867; x_wconf 89' lang='lat' dir='ltr'><strong>potissimum</strong></span> <span class='ocrx_word' id='word_1_507' title='bbox 1619 4789 1691 4865; x_wconf 90' lang='lat' dir='ltr'><strong>dies,</strong></span> 
     </span>
    </p>
   </div>
   <div class='ocr_carea' id='block_1_5' title="bbox 338 4876 1692 4973">
    <p class='ocr_par' dir='ltr' id='par_1_8' title="bbox 338 4876 1692 4973">
     <span class='ocr_line' id='line_1_51' title="bbox 338 4876 1692 4973; baseline -0.001 -35"><span class='ocrx_word' id='word_1_508' title='bbox 338 4879 446 4973; x_wconf 79' lang='lat' dir='ltr'><strong>quibus</strong></span> <span class='ocrx_word' id='word_1_509' title='bbox 470 4879 596 4953; x_wconf 75' lang='lat' dir='ltr'><strong>enuntia</strong></span> <span class='ocrx_word' id='word_1_510' title='bbox 616 4877 714 4949; x_wconf 80' lang='lat' dir='ltr'><strong>sidera</strong></span> <span class='ocrx_word' id='word_1_511' title='bbox 741 4878 831 4945; x_wconf 83' lang='lat' dir='ltr'><strong>radiis</strong></span> <span class='ocrx_word' id='word_1_512' title='bbox 853 4880 916 4947; x_wconf 83' lang='lat' dir='ltr'><strong>suia</strong></span> <span class='ocrx_word' id='word_1_513' title='bbox 938 4878 1106 4943; x_wconf 81' lang='lat' dir='ltr'><strong>harmonice</strong></span> <span class='ocrx_word' id='word_1_514' title='bbox 1129 4876 1345 4956; x_wconf 82' lang='lat' dir='ltr'><strong>configurantur</strong></span> <span class='ocrx_word' id='word_1_515' title='bbox 1372 4878 1402 4936; x_wconf 91' lang='lat' dir='ltr'><strong>io</strong></span> <span class='ocrx_word' id='word_1_516' title='bbox 1426 4877 1537 4953; x_wconf 77' lang='lat' dir='ltr'><strong>Terris,</strong></span> <span class='ocrx_word' id='word_1_517' title='bbox 1568 4885 1692 4938; x_wconf 87' lang='lat' dir='ltr'><strong>testatur</strong></span> 
     </span>
    </p>
   </div>
   <div class='ocr_carea' id='block_1_6' title="bbox 0 0 1943 5846">
    <p class='ocr_par' dir='ltr' id='par_1_9' title="bbox 0 0 1943 5846">
     <span class='ocr_line' id='line_1_52' title="bbox 0 0 1943 5846; baseline 0 0"><span class='ocrx_word' id='word_1_518' title='bbox 0 0 1943 5846; x_wconf 95' lang='lat' dir='ltr'><strong> </strong></span> 
     </span>
    </p>
   </div>
  </div>
 </body>
</html>
