3882 5862
392 408 455 468 440
862 401 1028 471 Appendicis
1046 403 1272 459 Harmonioerum

392 582 484 641 bilivi.
528 581 627 641 Etiam
649 579 794 661 medinnm
816 586 845 639 te
869 575 1061 654 oblivisceris,
1085 583 1136 657 qni
1158 582 1257 643 nullos
1278 584 1396 643 morbos
1418 585 1476 642 nisi
1499 582 1537 642 ab
1559 584 1657 643 anima
1672 600 1743 659 pes-

393 673 469 727 sima
491 677 520 728 et
543 669 691 729 malevola
713 670 827 727 causari
855 670 964 744 garris,
988 670 1073 744 quasi
1096 687 1154 728 non
1169 673 1342 731 creberrima
1362 672 1401 730 sit
1421 670 1625 731 alimentorum
1646 670 1742 748 mrlpa.

394 757 474 814 Dum
497 774 567 815 vero
592 756 723 834 explodis
746 772 867 816 causam
889 755 984 813 fluxus
1016 767 1045 813 et
1067 756 1193 815 reflexus
1216 761 1317 832 maris,
1349 760 1569 834 respirationem
1591 776 1644 817 seu
1666 759 1743 818 reci·

392 847 593 929 procationem
615 844 739 914 Terrae,
764 840 860 918 qualis
884 846 911 899 in
935 844 1075 918 piscibus,
1099 838 1198 919 predis
1229 856 1257 903 te
1281 862 1338 904 non
1361 863 1425 905 esse
1448 854 1636 921 geometram.
1680 844 1743 904 Ne·

395 949 544 1008 quaquam
575 930 669 1006 major
698 929 730 988 fit
757 931 851 989 moles
879 938 1021 990 attractae
1050 949 1159 1006 aquae,
1192 950 1280 1009 quam
1310 941 1355 992 eet
1376 932 1483 991 Terrae
1514 949 1633 1009 eorpust
1670 931 1760 992 Esto.

394 1022 488 1092 sirim,
518 1026 636 1078 nt‘tota
658 1021 736 1076 intus
759 1017 847 1093 plena
868 1020 907 1076 sit
929 1035 1016 1093 aqua,
1052 1035 1110 1077 riou
1134 1035 1208 1095 opus
1231 1020 1352 1087 habebit
1382 1019 1420 1079 ad
1444 1019 1591 1079 defluxum
1615 1036 1743 1078 musan-

392 1106 460 1165 dum
496 1105 562 1182 plus
593 1106 739 1165 attrahere
776 1122 828 1180 per
857 1108 1085 1164 contractionem
1122 1109 1248 1182 partium
1279 1109 1444 1183 aliquarum
1473 1106 1621 1181 mollium,
1655 1124 1744 1183 quam
1829 1154 1834 1165 ,

393 1202 536 1269 quantum
567 1194 654 1252 elficit
685 1206 845 1267 paucorum
871 1191 983 1267 pedum
1011 1192 1151 1266 altitudo,
1184 1211 1250 1253 cum
1282 1195 1394 1270 reliqua
1423 1194 1606 1270 profunditas
1637 1202 1746 1270 aequet

395 1281 458 1339 900
481 1279 626 1340 milliaria.
673 1279 705 1338 Si
737 1288 843 1338 testam
873 1288 935 1338 tute
968 1281 1032 1354 ipse
1064 1281 1136 1340 lacis
1158 1281 1278 1340 Terram
1312 1290 1363 1341 aut
1394 1281 1483 1341 ollam
1515 1300 1595 1358 aqua
1616 1281 1744 1358 plenum,

393 1368 536 1443 quantulo
560 1370 655 1425 miuus
678 1369 733 1425 erit
755 1366 807 1425 illa
831 1366 883 1425 tibi
905 1367 1095 1437 miraculosa,
1124 1358 1213 1444 quani
1235 1372 1260 1427 si
1283 1368 1417 1429 cochlear
1444 1387 1536 1428 unum
1556 1379 1645 1444 atque
1668 1368 1746 1429 alte·

393 1472 459 1512 rum
482 1455 598 1513 hauriat
620 1453 755 1529 amplius.
802 1453 845 1511 Ex
868 1471 933 1513 meo
956 1452 1006 1512 sol.
1030 1457 1103 1513 255.
1134 1464 1167 1513 nt
1189 1456 1361 1533 plerumque
1382 1474 1535 1534 perperam
1557 1456 1670 1531 allegas
1693 1474 1747 1515 su·

393 1544 507 1617 misque
531 1541 588 1602 hoc
608 1540 1055 1619 potissimum'impugnandum,
1079 1542 1158 1616 quod
1181 1548 1308 1604 animam
1324 1543 1432 1603 Terrae
1450 1543 1572 1603 dixerim
1587 1544 1745 1617 flammam,

393 1631 554 1688 sorbitione
576 1631 700 1688 merium
723 1628 894 1701 levandam,
919 1647 985 1687 cum
1013 1646 1067 1704 ego
1090 1633 1269 1707 scripserim,
1288 1633 1417 1709 {lamma
1440 1630 1590 1708 quaedam
1616 1649 1675 1691 ease
1698 1635 1748 1690 ci-

392 1716 489 1789 detnr,
514 1719 556 1775 ita
578 1733 649 1776 vero
673 1717 818 1792 loquimur
841 1715 879 1776 de
900 1734 945 1787 eo,
969 1716 1048 1792 quod
1071 1726 1115 1779 eet
1136 1714 1230 1779 simile
1250 1719 1395 1778 flammae.
1440 1717 1489 1777 Sic
1511 1721 1610 1777 anima
1624 1720 1746 1795 plantae

394 1814 439 1863 est
462 1805 580 1863 damma
602 1803 762 1879 quaedam,
794 1803 888 1863 tendit
920 1806 995 1862 enim
1018 1821 1148 1879 sursnm3
1181 1808 1223 1864 sic
1245 1808 1275 1863 in
1297 1806 1423 1864 bominis
1445 1807 1531 1866 corde
1558 1815 1603 1865 est
1626 1806 1748 1867 lucerna

394 1893 554 1967 quaedam,
589 1890 746 1949 ventilatur
773 1892 850 1950 enim
880 1899 910 1949 et
939 1891 1058 1950 affirmat
1090 1900 1145 1950 etc.
1191 1891 1376 1969 Quamquam
1409 1911 1468 1951 uon
1499 1893 1586 1953 valde
1620 1912 1745 1970 pugnas,

394 1978 562 2038 recordatus
585 1978 710 2037 Archaei
734 1981 777 2038 tui
799 1977 986 2037 Parncelsici.
1029 1978 1102 2054 Ego,
1127 1981 1165 2041 mi
1181 1979 1318 2051 lichene,
1343 1981 1379 2039 de
1395 1982 1547 2041 vocabulis
1562 1997 1618 2041 non
1635 2000 1746 2058 pugno.

393 2065 427 2125 st
454 2066 508 2125 tibi
538 2083 596 2125 non
625 2065 722 2143 placet
750 2082 807 2124 ror
835 2067 933 2125 anima
956 2064 1080 2136 Terrae,
1112 2084 1164 2143 per
1187 2086 1233 2127 rne
1262 2069 1316 2126 tibi
1344 2068 1445 2127 licebit
1474 2068 1555 2129 illam
1580 2068 1748 2129 Archaeum

395 2152 503 2213 Terrae
527 2152 639 2226 dicere,
672 2169 759 2228 quem
781 2154 885 2211 mirum
917 2169 975 2211 non
998 2152 1107 2211 dudum
1140 2154 1194 2213 abs
1217 2161 1246 2213 te
1268 2155 1439 2232 productum
1473 2158 1500 2212 in
1534 2158 1746 2232 superioribus,

395 2258 461 2300 cum
485 2245 547 2300 adri
569 2242 765 2300 circumstanti
791 2242 889 2298 omnia
911 2241 1068 2313 tribueres,
1100 2258 1176 2316 quae
1199 2242 1318 2301 vel'hio
1339 2244 1403 2318 ipse
1428 2244 1576 2302 Archaeus
1604 2243 1747 2303 aTheo·

390 2322 514 2405 'phrasto
547 2345 601 2387 suo
625 2328 792 2405 peragenda
815 2330 937 2403 accepit.
970 2326 1029 2385 'De
1051 2332 1212 2403 geometria
1237 2333 1266 2387 in
1289 2340 1385 2388 mente
1411 2332 1463 2389 liei
1494 2349 1606 2391 mecum
1630 2340 1662 2388 tu
1684 2350 1746 2390 non

393 2432 519 2492 pugnas,
543 2418 592 2492 qui
615 2433 690 2492 pene
713 2433 749 2473 ex
768 2431 837 2473 meo
861 2432 910 2474 ore
932 2413 1071 2490 loqueris,
1095 2426 1175 2481 ratus
1199 2425 1228 2475 te
1251 2424 1352 2475 cenna
1367 2436 1412 2476 rna
1429 2416 1572 2494 excipere'.
1617 2416 1746 2477 Senten-

394 2506 465 2561 tiam
488 2519 582 2562 meam
606 2502 738 2561 ultimam
761 2501 797 2562 de
819 2502 987 2561 charactere
1010 2501 1124 2562 zodiaci
1147 2502 1250 2562 laedas
1273 2512 1302 2563 et
1323 2506 1477 2581 approba‘s,
1502 2506 1595 2564 solum
1619 2508 1747 2581 priorem

396 2590 488 2648 habes
513 2591 577 2665 ejns
599 2590 819 2666 impressionem
851 2591 879 2645 in
904 2593 1000 2648 s'e'rem
1028 2598 1057 2647 et
1080 2598 1176 2649 cetera
1203 2600 1253 2650 tuo
1276 2609 1365 2651 more.
1411 2592 1554 2667 Adeoque
1583 2596 1634 2669 qui
1656 2610 1748 2669 snpra

286 2752 292 2757 .
395 2677 519 2750 dixeras,
543 2681 640 2737 adrem
664 2676 732 2737 dare
754 2676 862 2737 Terrae
886 2679 991 2749 vitam,
1026 2694 1103 2736 nurrc
1126 2679 1244 2755 insuper
1266 2678 1372 2737 locum·
1394 2682 1419 2737 ei
1444 2678 1496 2737 das
1528 2682 1604 2738 intra
1624 2680 1748 2739 Terram

395 2767 484 2823 etiam
506 2772 535 2823 et
556 2764 639 2822 illum
662 2782 728 2824 curn
750 2781 816 2824 mea
838 2764 946 2824 Terrae
967 2765 1067 2824 anima
1089 2766 1144 2824 sarh
1168 2765 1244 2823 idem
1267 2783 1375 2840 genus,
1397 2767 1473 2841 ignis
1496 2766 1622 2840 scilicet,
1646 2770 1747 2841 refers,

395 2855 492 2911 a'e'rem
515 2869 648 2912 asserens
672 2854 747 2910 intra
770 2851 889 2911 Terram
912 2869 976 2911 esse
1002 2853 1098 2926 ignem
1125 2861 1315 2912 contractum.
1361 2852 1492 2928 Benigne
1514 2854 1652 2925 dimittor,
1674 2873 1747 2931 gra·

394 2941 452 3011 tias
475 2957 546 3016 ago,
579 2938 651 2999 nihil
674 2939 745 2998 mihi
767 2956 853 3015 porro
875 2934 973 3015 'eripis
996 2941 1050 2998 nisi
1074 2941 1205 3013 nomina,
1238 2956 1297 2998 rem
1320 2939 1470 3017 relinquis.
1517 2941 1575 3000 Cur
1603 2943 1692 3015 igitur
1715 2945 1747 3000 iu

397 3027 586 3088 conclusione
609 3027 697 3104 hujus
719 3026 775 3086 loci
799 3044 914 3103 paeana
937 3029 1017 3085 canis
1047 3043 1202 3104 superine
1225 3027 1419 3104 triumphato,
1454 3027 1586 3104 adeoque
1611 3037 1639 3087 et
1663 3028 1746 3089 salsis
1807 3026 1816 3037 ”

397 3131 444 3172 me
468 3115 635 3174 criminibus
660 3132 779 3173 oneras:
814 3131 916 3174 mones
937 3133 986 3172 me
1011 3123 1137 3197 praeter
1165 3132 1213 3173 mc
1234 3118 1335 3189 ipsum
1364 3115 1586 3175 condemnare?
1618 3114 1747 3192 deniquo

396 3196 486 3260 verba
515 3219 582 3260 mea
612 3201 648 3261 de
679 3204 800 3261 materia
829 3203 897 3261 libri
918 3201 973 3260 Ill.
1002 3205 1138 3261 sonantia
1171 3202 1404 3261 tuo'commode
1430 3201 1509 3261 velut
1533 3202 1569 3263 de
1592 3203 1666 3262 libro
1691 3203 1745 3263 IV.

396 3287 475 3348 dicta
496 3291 615 3364 repetis·
629 3298 657 3348 et
679 3289 837 3365 explodis?

484 3375 574 3434 Libro
598 3393 663 3435 meo
688 3376 724 3438 V.
747 3379 871 3453 primum
895 3392 952 3434 non
977 3393 1078 3436 censes
1101 3375 1278 3441 audiendam
1300 3378 1467 3436 suasionem
1491 3395 1599 3449 meam,
1634 3385 1667 3434 ut
1689 3395 1745 3436 ve·-

396 3470 471 3521 tercs
495 3462 673 3540 hypotheses
697 3466 794 3522 animo
818 3464 978 3539 ejiciamus.
1022 3463 1175 3524 Neminem
1197 3482 1280 3539 cogo,
1303 3463 1356 3523 sed
1378 3464 1435 3524 hoc
1450 3473 1559 3524 certum
1575 3464 1669 3524 haba:
1693 3464 1745 3539 qui

396 3549 445 3607 hic
467 3550 538 3608 mihi
569 3567 626 3609 non
649 3558 747 3628 paret,
781 3554 805 3609 is
828 3550 980 3628 voluptate
1011 3552 1063 3609 illa
1091 3568 1147 3610 non
1171 3554 1314 3627 potietur,
1348 3569 1424 3627 quae
1451 3553 1559 3610 hauriri
1580 3560 1680 3628 potest
1708 3570 1745 3610 ex

395 3636 646 3713 speculationibus
673 3638 739 3697 libri
765 3638 801 3696 V.
845 3637 960 3715 Negas,
993 3641 1065 3698 meis
1096 3628 1209 3714 scriptis
1240 3639 1380 3698 hactenus
1404 3640 1553 3704 effectam.
1585 3647 1619 3698 ut
1641 3639 1746 3698 Ptole·

396 3742 510 3784 meeum
533 3725 652 3801 rejicere
675 3729 780 3804 possis.
825 3725 957 3802 Ignosce,
982 3729 1007 3785 si
1030 3734 1059 3784 te
1080 3743 1138 3785 uon
1158 3727 1243 3803 juvo,
1267 3743 1326 3785 non
1349 3727 1477 3803 explicas
1496 3730 1581 3801 enim,
1606 3745 1666 3802 qua
1688 3744 1745 3801 po·

396 3815 538 3871 tissimum
570 3817 597 3875 in
627 3831 657 3872 se
688 3815 818 3873 haereas.
864 3812 1007 3887 anpiam
1036 3830 1105 3871 vero
1138 3813 1244 3872 clarius
1274 3814 1381 3891 probas
1404 3818 1499 3873 coetui
1526 3822 1571 3873 tot
1592 3814 1746 3875 doctorum

334 3934 347 3951 ι.
396 3900 678 3972 mathematicorum,
702 3909 730 3959 te
754 3903 961 3961 astronomiam
977 3903 1120 3977 ignorare,
1145 3919 1233 3976 quam
1248 3901 1304 3975 hic,
1329 3902 1377 3959 ubi
1396 3908 1522 3962 veterem
1536 3904 1746 3962 astronomiam

396 3998 498 4046 conus
513 4002 614 4048 omnes
628 3988 783 4047 modernos
806 3987 932 4063 extollis,
942 4006 974 4047 ·a
996 3988 1168 4048 certitudine
1185 3988 1392 4064 praedictionis
1411 3998 1542 4048 motuum
1566 3991 1656 4066 (quae
1680 4006 1745 4048 cre·

396 4075 447 4133 bro
472 4078 507 4149 2,
540 4078 573 4155 3,
597 4077 633 4147 4,
658 4076 675 4133 b
699 4075 807 4150 gradus
829 4092 952 4151 peccare
973 4076 1065 4136 oculis
1089 4076 1326 4154 deprehenditur)
1349 4084 1437 4152 atquc
1464 4078 1635 4138 certitudine
1658 4094 1746 4152 prae·

395 4162 537 4221 dictorum
567 4162 821 4238 astrologiccrum,
856 4180 932 4238 quae
960 4172 1028 4222 sunt
1059 4164 1094 4223 de
1127 4166 1230 4222 suturis
1263 4165 1512 4240 contingentibus,
1546 4163 1745 4224 commendas.

395 4249 497 4325 Neque
521 4259 617 4309 tamen
640 4249 711 4307 mibi
735 4252 793 4307 tuis
816 4250 951 4327 epithetis
975 4267 1048 4328 opus
1072 4260 1131 4327 est,
1159 4259 1192 4309 ut
1213 4249 1373 4311 doctrinam
1389 4250 1551 4311 Ptolemaei
1564 4269 1614 4311 ore
1638 4255 1745 4310 immo·

395 4336 478 4396 desto
505 4341 644 4412 muriam
674 4336 828 4414 appellem.
875 4337 980 4413 ltaque
1010 4341 1080 4414 quia
1103 4341 1132 4395 in
1155 4341 1324 4396 suesionum
1355 4342 1568 4398 contentionem
1591 4338 1746 4399 descendi·

394 4443 458 4483 mres
465 4469 476 4500 ,
509 4424 619 4484 suadeo
649 4440 704 4500 ego
736 4423 909 4500 lectoribus,
939 4425 1074 4484 Clarium
1098 4427 1195 4502 potius
1218 4424 1352 4496 audiant,
1378 4429 1565 4486 exercitatum
1589 4428 1617 4484 in
1641 4426 1744 4486 Ptole·

394 4515 488 4572 maica
519 4514 696 4570 astronomia
729 4513 965 4573 mathematicum
996 4511 1058 4592 (qui
1089 4512 1208 4584 suadet,
1243 4513 1315 4571 alias
1339 4529 1513 4588 quaeramus
1543 4514 1743 4593 hypotheses),

395 4617 483 4676 quam
505 4607 534 4659 te
558 4599 728 4672 liebertum,
751 4598 931 4658 mathemata
953 4602 1026 4658 inter
1056 4601 1172 4658 umbras
1195 4607 1224 4658 et
1234 4601 1441 4676 phantasmata
1456 4602 1651 4677 abjicientem,
1675 4601 1745 4660 dum

395 4686 501 4748 suades
524 4687 706 4746 Ptolenraica
738 4690 870 4746 retinere.
916 4686 962 4746 De
994 4689 1091 4762 quiete
1119 4686 1167 4745 sel
1191 4696 1272 4746 motu
1292 4682 1371 4746 Solis
1399 4698 1542 4749 uenerat
1574 4688 1659 4750 loona
1681 4689 1744 4747 dis-

394 4775 517 4852 putandi
543 4776 574 4834 in
596 4774 797 4841 Harmonleis,
827 4774 918 4833 labet
947 4774 1020 4833 haec
1042 4791 1088 4833 res
1115 4773 1251 4833 idoneum
1282 4777 1493 4835 enum'locum
1521 4777 1599 4853 Epit.
1624 4779 1743 4836 Astron.

395 4862 470 4924 libro
497 4863 561 4943 lv,
592 4863 644 4925 ubi
672 4863 803 4925 invenies
836 4860 915 4941 quod
937 4878 1031 4941 agas,
1065 4864 1091 4922 si
1121 4861 1247 4922 refutare
1276 4861 1466 4924 fundamenta
1492 4864 1545 4924 ills
1576 4866 1745 4925 tentareris.
