3940 5856
744 386 1050 460 manucensis.
1509 390 1574 453 uss

221 562 281 623 lere
303 572 445 644 perpetuo
467 574 584 644 peceat3
614 570 644 626 in
667 568 754 628 unica
777 585 850 630 sero
870 569 960 630 loris
980 576 1012 630 et
1032 568 1152 642 Martis,
1184 568 1260 627 inter
1281 565 1377 629 dmin
1397 572 1429 625 et
1449 567 1574 626 semito-

220 653 310 711 nium.
349 653 480 732 Apparet
503 658 592 732 igitur
612 650 690 715 bano
711 662 843 716 mutuam
857 659 1020 757 cerdonem
1042 654 1233 733 undiquaque
1256 670 1320 715 esse
1342 652 1431 715 tulds
1453 654 1572 714 bonam.

306 825 458 889 Hactenus
489 831 579 907 igitur
605 828 642 891 de
669 822 733 891 Det
757 831 905 893 Oreatoris
941 846 1029 910 opere
1064 822 1152 890 nabis
1176 782 1420 911 durusqurqodc.
1469 829 1575 891 Restat

220 954 313 1015 nunc,
346 947 379 1000 ut
401 916 590 1003 vel'tandem
620 943 713 1003 oeulis
744 950 772 1004 et
794 946 930 1007 munibus
960 944 995 1006 de
1024 941 1127 1003 tabula
1157 941 1438 1003 demonstrationum
1462 941 1572 1003 ablatis
1619 995 1621 1001 ,
1736 956 1758 999 .·

221 1052 310 1128 inque
333 1053 448 1147 coelum
470 1055 608 1130 sublatis,
640 1056 760 1119 Patrem
787 1057 931 1123 luminum
963 1056 1088 1123 devotus
1121 1064 1151 1117 st
1172 1055 1297 1134 supplex
1327 1074 1507 1136 comprecer:
1547 1054 1573 1118 0

221 1166 272 1240 qui
293 1164 404 1226 iumine
425 1173 548 1228 netum
571 1166 748 1229 desiderium
770 1172 912 1233 innubis
939 1186 1096 1249 memores
1109 1168 1235 1228 luminis
1256 1172 1387 1247 gratiam
1416 1178 1449 1230 ut
1470 1187 1522 1248 per
1543 1169 1574 1230 id

221 1278 380 1339 transferas
401 1296 456 1339 nos
478 1281 508 1338 in
530 1280 629 1340 lumen
652 1282 781 1359 gloriae,
804 1288 914 1361 gratias
938 1302 994 1362 ego
1018 1285 1072 1344 tibi
1095 1281 1217 1379 cusator
1237 1281 1379 1373 Domine,¹
1399 1284 1448 1361 qul
1473 1282 1574 1344 delec-

222 1393 360 1452 testimo
383 1393 411 1452 in
435 1393 623 1459 lacturatuu
653 1404 683 1456 st
704 1397 732 1455 in
756 1398 896 1474 operibus
917 1416 1057 1461 manuum
1086 1404 1202 1457 tuarum
1225 1394 1383 1459 exsultavi.
1428 1397 1473 1456 En
1496 1416 1574 1465 nunc
1684 1447 1697 1469 ,

222 1521 297 1581 opus
319 1511 521 1567 consummavi
542 1508 732 1587 professionis
754 1528 846 1586 meae,
869 1514 1053 1591 mutis-usus
1075 1512 1185 1589 ingenii
1208 1511 1330 1585 uiribus,
1353 1519 1481 1588 quartas
1501 1512 1574 1572 milri
1600 1540 1604 1548 ‚

204 1617 347 1695 'dedisti3
369 1621 556 1680 manifestari
579 1621 701 1697 moriam
725 1638 842 1701 operum
865 1632 982 1684 tuorum
1005 1624 1187 1699 hominibus,
1209 1626 1285 1684 istas
1307 1623 1572 1685 demonstrationes

221 1731 349 1809 lecturis,
373 1739 513 1811 quantum
538 1732 573 1794 de
597 1735 676 1796 illius
699 1736 841 1799 infinitate
864 1755 968 1817 cepere
991 1745 1148 1817 potueruut
1170 1739 1324 1819 augustiae
1346 1740 1452 1799 mentis
1474 1755 1573 1819 msae;

199 1855 201 1858 ’
221 1855 353 1924 promtus
377 1848 448 1909 mibi
468 1848 525 1908 fuit
545 1837 660 1909 animus
682 1850 721 1910 ed
751 1852 987 1915 emendatissime
1008 1851 1290 1932 philosophandum
1321 1853 1346 1912 si
1376 1851 1449 1928 quii
1474 1851 1575 1929 isdig-

221 1976 292 2019 num
314 1961 375 2021 tuis
396 1960 526 2021 consiliis
547 1962 695 2039 prolatum
716 1981 736 2023 a
756 1982 818 2040 me,
848 1964 1009 2025 rennioulo
1040 1967 1070 2023 in
1102 1966 1261 2025 volartabro
1292 1972 1481 2043 peccatorum
1502 1972 1573 2026 nato

223 2081 251 2134 et
275 2077 428 2148 innutrito,
460 2077 539 2154 quod
562 2080 636 2138 scire
658 2077 732 2138 vairs
754 2076 902 2154 homines,
931 2078 962 2137 id
985 2095 1102 2156 quoque
1125 2081 1266 2156 inspires,
1296 2086 1329 2139 ut
1351 2078 1518 2156 emendem3
1547 2078 1573 2139 si

222 2196 337 2248 tuorum
362 2207 483 2268 operum
507 2170 672 2253 admirabili
694 2191 912 2271 puchritudine
934 2195 965 2253 iu
987 2194 1181 2257 temeritatum
1203 2192 1352 2272 proiectus
1372 2209 1448 2267 sum,
1470 2199 1526 2253 aut
1545 2194 1580 2271 si¹

222 2302 346 2379 gloriam
367 2305 512 2381 propriam
535 2303 614 2382 apud
635 2305 768 2367 bomiuss
789 2308 898 2382 amavi,
921 2305 990 2367 dum
1011 2306 1182 2384 progredior
1203 2308 1234 2366 in
1256 2322 1347 2383 opere
1367 2313 1439 2366 tuas
1459 2305 1573 2383 gloriae

223 2415 377 2491 deminuto,
399 2419 478 2476 mitis
501 2425 532 2477 st
551 2419 715 2479 misericors
738 2418 888 2497 condona;
913 2417 1039 2496 denique
1061 2417 1382 2489 utdsmonstrationes
1403 2421 1479 2479 istae
1501 2426 1572 2480 tuse

222 2528 334 2607 gloriae
364 2536 393 2591 et
414 2531 576 2593 animarum
604 2532 694 2595 saluti
716 2531 821 2595 cedant
842 2550 898 2599 uec
924 2534 951 2594 ei
974 2532 1121 2595 ullatenus
1144 2535 1258 2611 obsint,
1290 2535 1435 2614 propitius
1458 2532 1573 2601 efflans

223 2641 360 2721 ugnas.

799 2834 940 2937 curus
966 2854 1006 2939 x.
1057 2838 1061 2845 ’
1184 2823 1188 2829 ’

588 3026 757 3098 Epilogus
776 3026 816 3083 de
832 3025 922 3093 Sole,
941 2966 1208 3097 conjecturalisl.

310 3187 335 3245 Α
360 3188 472 3247 musice
498 3186 618 3249 coelesti
647 3187 685 3249 sd
714 3188 895 3264 auditum,
922 3189 1057 3250 ansus
1085 3188 1124 3250 ad
1147 3187 1316 3266 choragum
1337 3186 1522 3268 Apollinem
1552 3202 1572 3249 a

222 3272 348 3352 planetis
364 3292 416 3337 sex
439 3277 685 3336 circumeuntibus
697 3276 927 3354 harmoniaeque
948 3276 1124 3337 iacientibus
1138 3276 1176 3337 ud
1191 3276 1290 3337 Solem
1311 3278 1342 3334 in
1364 3275 1572 3336 remediorum

223 3360 351 3420 ornninm
374 3369 488 3437 cunno,
520 3363 697 3424 immobilem
720 3365 802 3438 loco,
837 3367 866 3422 in
889 3381 922 3425 se
944 3365 1040 3443 ipsum
1062 3370 1161 3425 tamen
1182 3381 1217 3424 se
1237 3364 1448 3425 revolventem.
1493 3363 1570 3424 Cum

224 3452 300 3509 enim
323 3449 542 3513 absolutissima
562 3454 602 3511 sit
623 3454 699 3513 inter
714 3461 858 3513 extremos
873 3452 1058 3528 planetarum
1079 3460 1176 3512 motus
1190 3453 1367 3525 harmonice,
1390 3468 1450 3510 non
1469 3440 1573 3529 ‘quoad

225 3552 311 3596 rsrss
334 3536 497 3598 celeritates
519 3554 572 3615 per
596 3556 698 3599 auram
721 3540 896 3614 aetheream,
919 3539 974 3600 sed
996 3540 1094 3616 quoad
1108 3539 1243 3617 angulos,
1266 3556 1340 3617 quos
1361 3539 1489 3599 imment
1510 3545 1571 3600 ter·

224 3626 296 3683 mini
326 3623 493 3685 diurnorum
522 3643 642 3686 menum
671 3625 708 3687 ds
737 3628 838 3687 orbitis
866 3617 1066 3705 planetarum,
1095 3631 1218 3688 connexi
1248 3645 1313 3687 cum
1341 3620 1442 3687 cunno
1474 3625 1570 3701 Solis,

223 3711 378 3772 harmonia
400 3729 471 3773 rero
494 3729 553 3772 non
577 3706 862 3789 monmorentius,
887 3714 916 3772 id
940 3721 985 3775 est
1006 3721 1107 3776 motus
1125 3733 1177 3794 per
1199 3732 1232 3775 ιι
1254 3713 1397 3793 singulos,
1419 3713 1472 3774 sed
1495 3730 1572 3792 qua-

224 3806 309 3860 tenus
339 3798 414 3859 iuter
435 3817 467 3860 se
491 3801 585 3876 innoti
616 3809 647 3862 et
675 3805 835 3878 comparati
864 3801 939 3861 dunt
967 3803 1115 3880 obJectum
1146 3802 1272 3878 aiicujus
1293 3804 1416 3878 mentis,
1448 3808 1479 3862 st
1506 3816 1573 3861 cnm

224 3884 336 3947 nulium
358 3887 507 3963 objectum
528 3888 634 3949 trustra
656 3891 696 3950 sit
717 3889 894 3969 ordinatum,
916 3906 974 3949 non
998 3893 1140 3952 existente
1154 3890 1256 3967 aliqua
1270 3887 1310 3965 re',
1334 3906 1410 3969 qnae
1432 3888 1485 3949 llio
1506 3904 1573 3949 mo·

224 3984 343 4048 suatur,
374 3974 475 4051 anguli
497 3992 568 4036 uero
594 3978 642 4036 isti
670 3993 905 4055 praesupponere
933 3976 1088 4039 uideantur
1118 3979 1263 4038 audonem
1291 3975 1422 4056 aliquam
1448 3976 1572 4037 similem

224 4064 306 4121 visum
327 4065 420 4121 nostri
442 4070 496 4121 aut
516 4070 593 4123 certe
622 4066 767 4124 censionis
790 4065 883 4140 illius,
912 4081 971 4142 qna
999 4065 1049 4125 lib.
1073 4063 1127 4125 IV.
1150 4072 1256 4126 natura
1283 4066 1450 4135 subiunarh
1468 4066 1570 4143 perci·

222 4150 325 4226 plebat
345 4149 470 4226 angulos
498 4149 647 4209 sudorum
662 4170 714 4211 »ex
739 4151 865 4229 planetis
891 4154 922 4210 in
944 4152 1036 4212 'l'errs
1063 4151 1218 4214 ionnatos:
1249 4152 1386 4230 equidem
1413 4151 1512 4231 quails
1541 4153 1572 4210 iu

222 4234 294 4297 Sole
317 4237 413 4314 virus,
437 4239 487 4315 qui
510 4239 588 4299 oculi
609 4240 681 4312 siut,
704 4246 758 4298 ant
779 4241 845 4319 quis
866 4240 1020 4300 instinctus
1054 4239 1130 4300 alins
1165 4240 1344 4318 percipiendi
1366 4238 1423 4300 bos
1446 4238 1571 4318 ungulos

224 4327 313 4385 etlam
336 4327 399 4385 sine
421 4318 514 4386 oe'ulis
536 4326 768 4404 aestimandiquo
790 4327 957 4387 barnoniss
972 4334 1105 4388 motuum
1118 4327 1156 4387 ad
1178 4329 1283 4389 mentis
1301 4328 1481 4389 vestibulum
1497 4344 1573 4405 qus-

224 4417 338 4489 cuuque
361 4420 446 4488 porta
467 4413 706 4489 ingredientium,
734 4432 810 4499 quae
833 4414 959 4493 denique
989 4432 1072 4475 mens
1094 4417 1151 4476 iste
1173 4418 1203 4473 in
1227 4414 1313 4492 Sole,
1347 4416 1492 4491 conjicere
1513 4431 1572 4476 non
1661 4450 1667 4460 ·

222 4499 308 4560 iactis
331 4508 377 4560 est
397 4499 518 4560 Terram
539 4501 744 4562 incolentibus.
790 4498 947 4579 Utcunque
975 4509 1072 4564 tantm
1094 4519 1126 4563 se
1158 4503 1289 4564 habeant
1309 4504 1382 4578 ista,
1415 4509 1492 4564 certe
1514 4505 1573 4563 cir·
1604 4540 1610 4575 ι,

224 4589 399 4665 cumpositio
422 4587 474 4646 illa
496 4604 547 4648 sex
570 4589 684 4650 orbium
706 4590 909 4670 primariorum
931 4591 1009 4651 circa
1030 4589 1147 4666 Solem,
1179 4589 1337 4652 colentium
1359 4589 1443 4651 illum
1465 4606 1572 4671 perpe·
1606 4644 1611 4659 ,

224 4677 288 4741 tuis¹
313 4674 621 4736 cncumvolutionibus
658 4683 687 4738 st
716 4676 809 4737 veluti
845 4676 1030 4759 adorantium
1065 4675 1153 4760 (sicut
1184 4680 1308 4739 seorsim
1334 4676 1421 4741 Joris
1450 4677 1572 4757 globum
1603 4676 1608 4687 ¹

223 4768 358 4840 quatuor,
381 4762 539 4822 Saturnum
561 4762 630 4838 duo,
653 4763 801 4835 Tellurem
823 4782 894 4826 reru
917 4772 947 4826 et
968 4783 1024 4827 nos
1045 4766 1109 4843 ejus
1132 4765 1247 4827 incolas
1268 4767 1356 4827 unies
1377 4766 1464 4827 Luna
1485 4781 1572 4827 cursu

224 4852 328 4929 cingit,
363 4849 448 4927 colit,
477 4850 558 4910 louet
580 4851 724 4930 nobisque
745 4853 933 4928 famulatur),
965 4862 995 4913 et
1017 4852 1061 4912 illi
1088 4853 1319 4916 considerationi
1345 4853 1408 4929 ism
1429 4852 1602 4931 amedeus:

1350 4951 1415 5018 21⁴
