3840 5854
655 522 658 531 ‚
738 446 773 504 ee
788 416 967 506 semesa
1474 457 1515 517 43

167 642 232 687 nens
251 632 393 688 motuum
415 625 604 706 marma
626 642 695 689 cam
709 624 824 688 chordis
846 644 899 690 seu
920 628 1008 690 souis.
1052 626 1117 691 litsi
1137 630 1227 709 igitur
1249 628 1336 693 alam
1360 647 1415 710 ego
1436 631 1518 693 vlam
1588 654 1595 663 =

168 731 231 774 sum
250 716 404 793 ingressas
433 719 465 775 in
494 733 560 777 mea
581 714 758 777 Harmonice
779 714 896 790 mnndi,
926 735 1013 794 quam
1035 718 1221 780 Ptolemaeus
1249 722 1281 778 in
1302 720 1349 779 his
1372 721 1517 797 capitibus

168 801 283 863 videtin
303 806 494 882 proposuisse
517 799 672 886 (sphaeras
704 805 781 864 enim
810 810 913 881 utpote
941 822 1062 883 corpora
1090 822 1148 866 non
1176 822 1313 884 comparo
1341 810 1436 881 souis,
1466 811 1517 884 qui

168 897 237 951 sunt
256 899 356 951 motus
378 889 494 968 aliquis,
516 890 568 952 scd
590 890 706 950 birrum
729 893 1038 954 commensurationem
1054 893 1233 971 corporalem
1253 895 1375 955 ostendo
1399 895 1517 955 desum-

168 985 230 1038 tsm
253 995 319 1039 esse
335 995 371 1039 ex
393 978 588 1056 qnsndtatum
609 977 662 1039 iiio
684 994 799 1056 genere,
822 979 901 1056 quod
915 980 1015 1041 itidem
1033 997 1153 1059 corpora
1175 980 1304 1042 solemus
1319 982 1425 1057 dicere,
1448 983 1518 1058 quis

170 1064 353 1126 soliditatem
374 1065 522 1143 quondm
543 1062 685 1149 hebent),
715 1073 814 1128 maren
835 1066 938 1127 videor
959 1068 1007 1130 vel
1030 1069 1068 1130 ob
1090 1070 1293 1147 cognationem
1319 1072 1414 1148 ipsam
1435 1087 1518 1130 mea·

168 1170 234 1213 rum
257 1155 468 1230 cogitationum
490 1170 556 1214 cum
577 1152 766 1215 Ptolemsicls
788 1154 956 1232 conjectura
985 1154 1107 1217 feliciori
1129 1159 1172 1216 uti
1193 1173 1280 1234 posse
1303 1156 1339 1217 de
1361 1159 1413 1232 iis,
1443 1173 1518 1234 qnae

169 1239 360 1302 Ptolemaeus
385 1240 546 1302 bis'tribus
568 1241 714 1319 capitibus
741 1239 859 1316 dixerit,
890 1260 978 1320 qnam
1009 1245 1035 1304 si
1062 1246 1092 1303 in
1115 1243 1237 1306 eandem
1258 1246 1408 1305 materiam
1440 1262 1518 1304 nun-

171 1345 266 1406 quam·
282 1329 450 1390 incidissem
471 1346 538 1390 mea
558 1336 673 1405 sponte
709 1328 826 1390 Etenim
847 1331 996 1408 inscriptio
1020 1348 1085 1408 cap.
1108 1334 1157 1394 14.
1179 1330 1266 1408 plane
1290 1334 1451 1393 communis
1474 1339 1518 1392 est

171 1414 363 1477 Ptolemaids
385 1423 416 1476 et
437 1411 509 1479 mais
532 1408 768 1493 cogitationibus.
805 1415 874 1493 ipse
895 1425 992 1479 motus
1006 1418 1133 1480 siderum
1156 1426 1305 1496 comparat
1318 1421 1410 1480 motui
1432 1419 1519 1480 ohor-

170 1502 274 1563 darum
305 1510 463 1580 certarum3
494 1520 551 1582 ego
577 1506 739 1582 investigo,
773 1520 917 1581 quaenam
944 1507 1099 1567 intervalia
1130 1506 1298 1568 harmonica
1328 1509 1519 1568 communiter

170 1592 262 1650 insint
288 1592 464 1652 atrocibus
490 1593 521 1650 in
542 1592 656 1652 musica
683 1600 713 1653 et
741 1592 869 1652 motibus
891 1593 1085 1670 planetarum.
1129 1593 1187 1655 Sed
1210 1612 1246 1655 ns
1271 1594 1392 1655 ulterius
1415 1608 1519 1655 excur-

175 1695 253 1747 ram,
277 1678 449 1739 eoucludam
471 1679 528 1740 boo
550 1686 647 1756 eaput.
690 1678 842 1740 versionis
855 1681 1003 1743 Barlaami
1026 1681 1202 1759 descriptum
1224 1698 1283 1743 non
1304 1682 1413 1763 habeo,
1438 1689 1468 1743 st
1489 1683 1518 1740 iu

172 1764 221 1826 bis
245 1768 322 1825 curis
345 1767 481 1826 inanibus
510 1766 628 1843 neglexi
658 1766 807 1844 exemplar
827 1767 933 1831 iecere.
974 1768 1115 1830 »Laconas
1137 1768 1282 1846 quaedam
1312 1777 1380 1829 sunt
1401 1771 1431 1828 ln
1454 1786 1520 1829 mea

171 1854 323 1926 versione,
355 1853 465 1914 alicubi
496 1860 526 1913 st
555 1856 641 1930 signa
672 1852 709 1916 ad
731 1856 901 1932 marginem.
944 1854 1018 1917 lllae
1039 1856 1186 1931 indicant,
1217 1863 1329 1917 textum
1357 1856 1438 1916 iilius
1459 1856 1519 1918 ioci

170 1939 260 2018 plane
281 1956 340 2000 nou
361 1940 551 2015 intellectum,
573 1941 648 2003 baec
669 1959 739 2003 vero
763 1942 974 2005 dubitationem
993 1962 1089 2004 meam
1110 1942 1240 2004 indicant
1254 1946 1331 2005 cirea
1345 1946 1517 2006 versionem.

257 2026 402 2106 Peroepto
430 2044 496 2088 meo
515 2027 628 2105 jndicio
658 2037 688 2107 et
714 2028 751 2092 tle
773 2033 906 2094 versione
927 2030 1019 2092 latina
1047 2037 1076 2093 et
1098 2030 1135 2092 ds
1157 2030 1271 2106 ordine,
1301 2030 1440 2110 quicquid
1462 2050 1519 2093 vo-

170 2114 261 2176 lueris
284 2114 321 2175 de
343 2116 423 2177 libris
446 2115 517 2189 fieri,
540 2115 577 2177 de
599 2118 656 2178 ista
678 2120 766 2179 etiam
787 2122 921 2179 versione
942 2121 1021 2196 prior
1040 2119 1138 2193 lecito,
1160 2127 1194 2179 nt
1218 2128 1270 2180 ant
1290 2122 1422 2181 remittas
1443 2120 1521 2182 hanc

171 2209 226 2261 aut
246 2208 364 2280 repetas
386 2202 454 2263 illos
478 2202 582 2267 denuo.
626 2205 729 2283 lisque
752 2207 829 2266 enim
851 2205 887 2269 de
896 2214 1032 2285 'tempore
1054 2205 1193 2285 quiequid
1207 2209 1375 2285 promittere
1390 2204 1520 2287 possum,

173 2293 228 2350 etsi
249 2289 324 2349 mibi
345 2306 404 2349 non
427 2290 504 2351 desit
526 2293 646 2369 egregia
667 2293 814 2355 voluntas.

259 2375 368 2437 Vester
388 2367 468 2438 inne
489 2377 527 2439 sd
550 2381 705 2455 sequentia
720 2381 804 2441 'luae
827 2380 971 2458 epistolae
994 2383 1101 2459 capita.
1133 2388 1181 2450 (De
1193 2388 1352 2450 emonensis
1367 2389 1458 2453 [comp.
1472 2390 1522 2439 vel.

174 2477 220 2527 IV.
237 2492 263 2541 p.
282 2476 344 2540 tii]
364 2482 389 2529 ei
406 2478 437 2528 de
456 2477 629 2540 ,isunnribusi
650 2476 703 2538 [cir.
722 2475 772 2526 voi.
791 2474 836 2525 111.
855 2486 881 2538 p.
899 2471 960 2535 ebo

262 2556 310 2617 Ad
331 2558 432 2620 literas
456 2560 505 2621 18.
529 2561 579 2618 26.
604 2555 714 2633 Aprilis
735 2551 967 2631 noarespoudi,
1001 2553 1079 2632 qnod
1102 2555 1194 2617 altera
1216 2556 1338 2618 aiteram
1362 2557 1519 2617 correxisse

175 2643 332 2706 videbatur
357 2652 387 2706 ei
414 2646 494 2723 qnod
520 2662 649 2705 mearum
680 2641 828 2703 literarum
861 2639 986 2701 redditio
1014 2644 1045 2702 lu
1077 2644 1264 2707 conclusione
1298 2643 1519 2722 significaretur.

176 2730 347 2793 Oblivlosns
366 2741 466 2810 tamen
488 2735 557 2811 quin
580 2734 635 2793 sim
657 2728 772 2790 diffiteri
794 2746 852 2790 non
866 2744 995 2806 possum,
1019 2733 1069 2808 qui
1084 2729 1141 2792 boc
1160 2735 1225 2809 ipso
1241 2739 1386 2793 momento
1404 2730 1521 2791 demum

175 2837 236 2880 rem
260 2820 345 2898 quasi
374 2820 462 2899 pisus
483 2838 592 2882 novam
622 2836 658 2880 ex
679 2817 739 2877 iilis
759 2816 850 2878 literis
872 2824 986 2894 repetet
1016 2820 1135 2896 petiisse
1158 2826 1186 2880 te
1214 2827 1379 2896 magnetem
1401 2818 1519 2877 bouum.

174 2906 262 2982 Puto,
287 2907 357 2967 mihi
379 2910 514 2971 nocuisse
535 2908 640 2968 Martis
662 2905 886 2966 commentaris.
923 2903 1017 2981 Igitur
1038 2905 1182 2982 inquiram
1205 2906 1284 2985 apud
1300 2906 1434 2967 Caesaris
1456 2916 1521 2964 ma-

177 2993 341 3059 chanicum.
385 2995 462 3057 liam
483 2997 534 3075 qul
556 2994 646 3070 vulgo
669 3010 722 3071 per
742 2991 915 3052 Bobemlsm
936 2990 1114 3068 venduntur,
1137 2993 1247 3054 nuliius
1270 3001 1337 3054 sunt
1359 2994 1453 3071 pretii.

263 3081 412 3161 Magnetis
434 3084 652 3145 inclinationem
675 3080 712 3141 ad
734 3080 835 3157 poium
858 3080 1004 3140 veteribus
1027 3088 1127 3141 notun
1149 3083 1257 3160 probas
1279 3098 1315 3142 ex
1337 3079 1520 3140 Paebimerio

176 3176 206 3231 st
226 3168 366 3233 Homero.
411 3170 458 3231 De
478 3170 662 3231 Pacbimerio
684 3166 843 3245 respondes
866 3165 964 3227 alteris
985 3168 1096 3245 literis3
1125 3170 1189 3247 ipse
1210 3169 1356 3230 Homerus
1380 3184 1450 3228 vero
1473 3168 1520 3225 ln-

176 3260 324 3335 oognitam
345 3259 434 3318 inisse
462 3259 568 3337 probat
596 3260 626 3316 in
648 3273 680 3316 re
702 3257 836 3328 naudus,
861 3268 915 3313 nec
937 3257 1013 3316 enirn
1035 3265 1159 3334 possunt
1181 3273 1244 3318 esse
1274 3258 1365 3334 ignoti
1389 3252 1521 3316 cardines

175 3343 278 3405 mundi
299 3343 381 3406 coelo
404 3345 523 3423 nubilo,
556 3346 606 3405 ubi
630 3350 675 3404 est
696 3360 767 3403 usus
789 3343 941 3419 magnetis.
985 3343 1090 3422 Itaque
1117 3343 1189 3405 cedo
1210 3345 1281 3404 mibi
1305 3352 1357 3404 tua
1378 3343 1470 3403 verba
1491 3344 1521 3399 iu

176 3450 257 3494 meos
279 3448 359 3507 usus,
382 3435 491 3512 quippe
513 3433 656 3510 refugium
679 3432 923 3507 estmlserorum,
946 3428 1042 3494 dicere
1063 3438 1164 3493 notam
1178 3433 1278 3508 inisse,
1303 3450 1368 3493 cum
1387 3429 1417 3491 id
1439 3429 1521 3490 nullo

175 3537 231 3581 usu
252 3520 399 3598 probetur.
1334 3525 1342 3535 '

262 3606 385 3667 'I'beveii
403 3604 483 3668 Galli
504 3608 678 3669 senientiam
702 3604 738 3666 de
761 3607 811 3665 ovi
832 3605 925 3666 forma
949 3608 978 3664 ln
994 3623 1113 3684 corpora
1129 3606 1255 3667 Telluris
1278 3604 1430 3667 considera
1453 3602 1521 3663 diii-

176 3701 287 3772 genter.
331 3695 407 3755 iiam
428 3702 501 3773 puto
523 3695 617 3756 simile
641 3696 792 3773 quippiam
803 3704 851 3755 zer
872 3692 1042 3771 Hipparcho
1065 3711 1131 3755 meo
1159 3697 1367 3772 appariturum.
1412 3693 1521 3752 Diver-

175 3779 314 3861 sisienlm
335 3781 490 3857 methodis,
513 3781 604 3843 altera
625 3798 661 3842 ex
684 3783 767 3841 initio
791 3786 820 3841 et
840 3781 897 3841 dne
919 3781 1036 3859 eclipsis
1058 3782 1176 3855 totaiis,
1198 3781 1290 3843 altera
1312 3799 1348 3843 ex
1371 3778 1522 3857 eclipsium

174 3867 340 3946 partialium
365 3867 573 3946 magnitudine,
598 3869 730 3931 diversae
754 3868 886 3929 diametri
908 3871 1027 3929 umbrae
1048 3869 1233 3947 prodibant.-
1259 3869 1326 3929 Hoo
1348 3875 1446 3928 tamen
1469 3883 1523 3944 par

174 3964 220 4016 est
241 3955 463 4033 diligentissime
483 3958 563 4035 prius
585 3958 744 4019 examinari
766 3959 934 4034 negotium,
963 3974 999 4017 ue
1022 3973 1057 4017 ex
1080 3974 1175 4018 errore
1197 3965 1357 4017 monstrum
1380 3955 1519 4015 aestime-

175 4053 222 4105 tur
243 4044 400 4121 opinionis

262 4130 294 4191 Si
317 4132 430 4192 eoelum
462 4148 595 4192 ernensus
624 4146 718 4192 essem
748 4137 777 4191 et
804 4136 865 4192 tam
886 4130 969 4190 demo
998 4146 1092 4191 essem
1115 4148 1250 4209 corpore,
1280 4135 1313 4190 ut
1342 4128 1380 4188 ed
1401 4127 1521 4188 Terram

176 4217 361 4279 mediandam
383 4221 512 4279 animum
534 4218 685 4281 traducere
707 4235 824 4298 possem
846 4218 940 4294 facile,
963 4217 1021 4279 boc
1042 4226 1227 4297 magistratus
1249 4216 1373 4293 alicujus
1389 4214 1520 4276 subsidio

176 4322 321 4385 sperarem
344 4325 392 4369 me
416 4306 631 4386 deprehendere
660 4323 748 4385 posse
771 4306 820 4366 vei
843 4308 905 4367 sine
928 4323 983 4385 ope
1006 4305 1097 4380 coeli,
1127 4308 1269 4393 incipieus
1292 4306 1371 4366 enim
1393 4309 1524 4381 ternpore

176 4396 300 4469 aestivo,
332 4396 370 4455 ab
398 4395 501 4456 uitium
521 4395 710 4472 NordWegla
740 4396 918 4455 circumirem
950 4410 1015 4454 oum
1044 4393 1174 4455 locorum
1196 4395 1296 4470 peritis
1326 4391 1422 4451 ultimi
1449 4408 1522 4452 con·

176 4490 293 4560 spectum
314 4489 470 4558 montana,
499 4498 615 4560 semper
642 4482 680 4543 ad
709 4481 792 4542 illum
814 4485 958 4543 transiens
979 4487 1122 4556 monum,
1153 4498 1240 4558 quem
1268 4497 1304 4541 ex
1331 4481 1428 4556 priore
1449 4496 1522 4540 con-

175 4571 335 4646 spexissem
364 4571 605 4631 remotissimum:
635 4571 678 4630 ita
704 4570 797 4630 tribus
826 4571 960 4631 fortassis
987 4577 1039 4630 aut
1071 4576 1196 4647 quatuor
1223 4568 1398 4628 stationibus
1421 4584 1522 4627 emen-

175 4660 217 4718 sis
239 4656 465 4736 NordWegism,
487 4657 608 4719 totidem
631 4658 771 4731 Dauiam,
804 4659 934 4735 quinque
961 4658 1009 4717 vei
1032 4673 1083 4716 sex
1105 4655 1278 4729 Saroniam,
1307 4656 1400 4714 tribus
1422 4653 1523 4715 Bobe-

177 4747 277 4820 miam,
299 4748 388 4806 unica
401 4746 524 4806 fortusse
540 4745 606 4806 sola
619 4745 757 4806 Noricum
772 4742 911 4823 Ripense,
933 4743 1065 4822 plurimis
1079 4742 1235 4805 Rhaetiam
1251 4741 1416 4820 aipestrem,
1439 4740 1522 4816 cuius

177 4832 256 4893 edita
276 4839 426 4910 nequeunt
448 4832 530 4904 adiri,
552 4834 739 4910 paucioribus
762 4834 934 4911 cisalpinam
957 4830 1094 4905 Galliam,
1118 4829 1186 4891 inde
1199 4829 1316 4911 ltaliam
1338 4836 1369 4891 et
1390 4830 1417 4887 si
1439 4845 1521 4888 com·

176 4918 262 4982 mode
284 4918 402 4992 alinea
423 4919 536 4984 deflecti
558 4927 668 4998 posset,
691 4922 780 4983 etiam
803 4920 941 5000 Apuliam
963 4927 993 4980 et
1015 4917 1141 4996 denique
1163 4917 1292 4983 Siciliam
1313 4917 1438 4992 metirer,
1463 4931 1523 4976 non
