3840 5854
734 448 942 520 bumana.
1468 455 1510 533 ot'

244 640 480 718 Quindeeanguli
504 660 573 701 vero
595 640 802 703 demonstratio
824 643 911 719 louge
933 652 979 702 est
993 642 1061 703 alia.
1104 641 1179 702 Nam
1193 642 1269 705 haec
1282 659 1340 702 non
1354 659 1406 717 per
1420 660 1453 703 ac
1466 642 1511 702 illi

159 729 299 802 obreuit,
333 728 386 790 sed
415 732 500 806 quasi
522 747 575 806 per
597 729 743 791 accidens.
782 729 922 790 scribitur
945 732 1021 790 cuim
1044 729 1121 788 latus
1149 730 1286 805 trianguli
1307 730 1361 788 All
1384 732 1511 806 partium

162 819 239 889 120,
268 825 300 875 et
319 819 462 876 subtensa
491 816 606 875 duabus
630 818 739 891 quintis
762 816 830 889 AF,
858 820 985 892 partium
1011 819 1085 888 144,
1117 817 1280 877 abeodem
1309 819 1449 893 principio
1472 819 1510 881 A.

159 897 336 963 utffamaa
358 903 416 963 EF.
431 914 476 963 est
497 907 623 981 partium
647 906 698 974 ⁶24,
722 920 798 980 quae
822 914 867 963 est
889 904 1073 980 quindecima
1095 920 1162 979 pars
1179 904 1285 963 circuli.
1324 902 1416 964 Vides
1439 907 1511 964 mis·

159 995 218 1051 carl
241 993 441 1052 triscctioaeur
463 1000 493 1049 ot
515 991 763 1066 quinisectiouam.
809 989 913 1067 ltaque
936 989 1013 1050 latus
1037 988 1261 1067 quindeeanguli
1287 989 1377 1050 habet
1398 1008 1511 1067 aequa·

161 1081 270 1137 donem
294 1096 360 1138 eum
382 1078 523 1137 diametro
555 1076 722 1152 longissime
744 1079 876 1155 petitam.
922 1076 1047 1154 Oportet
1068 1078 1144 1138 enim
1175 1076 1312 1153 trianguli
1339 1077 1511 1153 aequilateri
1560 1127 1565 1141 .

159 1182 274 1225 sumere
298 1164 566 1243 perpendicularem
589 1164 661 1239 alt,
684 1167 726 1224 sic
749 1166 885 1240 trianguli
909 1163 1169 1241 quinquangularis
1187 1164 1264 1223 AFP
1287 1164 1511 1241 perpendicula-

160 1270 223 1313 rem
247 1252 312 1326 AS,
335 1269 494 1329 eorumque
517 1250 710 1312 differentiam
731 1251 779 1311 RS
803 1251 850 1312 vel
872 1250 942 1327 ‘ll'5
980 1270 1093 1311 rursum
1115 1251 1267 1311 semitatus
1297 1252 1433 1328 trianguli
1457 1251 1511 1311 ER

161 1349 191 1399 et
211 1338 367 1400 semilatus
389 1340 602 1416 quirrquauguti
625 1339 671 1399 FS
699 1355 856 1415 eorumque
879 1338 1071 1400 differentiam
1093 1335 1152 1398 ΕΤ.
1198 1339 1242 1397 Ex
1270 1341 1402 1416 potentia
1422 1341 1511 1416 igitur

163 1425 213 1485 ΕΤ
238 1435 269 1487 et
291 1427 343 1487 Tu
366 1428 549 1503 componitur
570 1429 702 1502 potentia
726 1426 782 1487 EF.

247 1512 287 1577 (ln
305 1512 391 1576 marg.)
427 1511 493 1564 eum
512 1515 617 1563 ceterae
634 1516 726 1577 partes
746 1526 762 1562 a
779 1509 895 1578 primum
913 1507 982 1579 dato2
995 1514 1096 1577 puncto
1112 1506 1137 1561 Δ
1155 1506 1245 1576 inepte
1264 1506 1378 1563 describi
1395 1508 1509 1577 possint,

162 1585 372 1655 qnindccanguli
388 1584 462 1642 latus
480 1586 521 1641 rel
540 1601 618 1642 arcus
637 1585 744 1640 minime
762 1593 861 1654 potest.
890 1585 997 1655 Scripta
1016 1586 1086 1641 enim
1098 1586 1234 1657 triangulo
1254 1596 1281 1641 et
1299 1585 1509 1656 quinqueangulo,

161 1681 243 1721 arena
261 1665 471 1737 qnindccanpnli
488 1681 538 1736 per
554 1664 680 1722 accidens
698 1664 769 1718 ultro
787 1664 903 1720 resultat
920 1670 947 1719 at
963 1665 991 1718 in
1004 1672 1095 1733 partes
1114 1666 1207 1720 circuli
1229 1666 1310 1735 longo
1328 1664 1394 1720 allas
1413 1664 1509 1719 eradit.

161 1746 230 1801 Item
249 1754 401 1801 ceterarum
417 1746 637 1815 partinmrcctae
654 1743 729 1812 prins
746 1743 883 1799 habentur
900 1760 982 1812 quarn
999 1757 1087 1797 arcus.
1118 1743 1205 1798 Aram
1224 1744 1295 1799 eninr
1312 1757 1346 1798 ex
1363 1750 1444 1799 recta.
1475 1744 1512 1797 At

162 1824 375 1894 qaindcoangnli
394 1830 470 1878 recta
488 1823 620 1878 subtcnsa
634 1822 752 1877 habetur
769 1839 804 1879 ex
822 1840 887 1878 aren
912 1831 939 1878 et
957 1830 1020 1893 post
1037 1838 1106 1877 eum.
1143 1824 1174 1877 ln
1192 1839 1309 1878 summa:
1332 1838 1411 1879 arcus
1430 1824 1461 1878 to
1479 1822 1512 1877 lit

162 1904 179 1961 3
197 1945 205 1958 .
224 1905 250 1958 b.
288 1903 385 1970 ltaque
403 1900 649 1970 quindecanpulum
666 1915 720 1957 non
738 1907 782 1955 est
799 1901 842 1954 sni
858 1901 960 1970 ipsius,
979 1902 1028 1957 sed
1046 1902 1144 1971 partim
1161 1902 1300 1971 trianguli,
1319 1902 1417 1971 partim
1434 1901 1510 1970 qnin-

164 1980 303 2052 qnangnl‘n
340 1982 445 2050 Scitur,
462 1996 519 2057 non
536 1988 670 2050 qnatenus
688 1979 777 2049 ipsum
795 1986 838 2035 eat
853 1980 946 2049 aliqua
963 1980 1059 2051 ligura,
1085 1980 1133 2036 sed
1149 1988 1283 2049 quatenns
1300 1986 1343 2035 est
1360 1977 1512 2035 differentia

166 2060 281 2116 duarum
299 2060 456 2127 figurarum.

253 2135 298 2193 Ειι
323 2135 379 2193 lrac
402 2135 488 2193 unica
509 2132 674 2208 objectione
697 2132 819 2209 ejusque
841 2131 988 2193 solutione
1009 2140 1099 2209 potet,
1124 2132 1181 2193 duo
1198 2135 1347 2211 superiora
1362 2133 1510 2192 axiomata

164 2223 253 2300 paulo
276 2223 428 2280 limitatius
450 2220 641 2293 informanda,
664 2219 781 2294 adjecta
802 2220 947 2296 particula
960 2223 1129 2298 propria,
1153 2238 1228 2296 quae
1244 2224 1318 2280 inter
1333 2221 1415 2278 initia
1439 2235 1510 2278 con-

164 2313 310 2370 tusionem
332 2318 396 2367 erat
416 2312 556 2385 paritura,
580 2309 680 2382 ltaque
702 2308 835 2367 omittere
857 2307 937 2366 illam
953 2307 1043 2382 volui,
1067 2310 1236 2385 praesertim
1255 2326 1321 2367 carn
1335 2308 1423 2366 unica
1437 2306 1510 2367 baec

165 2400 202 2458 sit
223 2396 362 2472 objectio.
406 2395 440 2454 In
468 2394 728 2469 esterisomnibus
750 2393 850 2454 valam
871 2397 1025 2471 oppositae
1040 2413 1129 2455 voces
1150 2398 1356 2473 geometricum
1371 2402 1400 2454 et
1421 2389 1509 2473 dyoc-

164 2506 315 2563 μιτρητον.
359 2481 526 2543 Notandum
555 2497 624 2541 vero
653 2489 711 2552 est,
733 2485 943 2557 geometricum
972 2500 1037 2542 esse
1067 2483 1114 2543 hic
1141 2500 1198 2542 uon
1229 2492 1341 2542 tantum
1367 2504 1401 2544 co
1414 2476 1524 2561 ’ῥητον

165 2594 246 2648 apra
269 2570 317 2630 val
339 2578 471 2645 cosmas,
501 2568 554 2630 sed
577 2571 665 2628 etiam
695 2591 728 2630 ro
751 2565 857 2648 &loyor
878 2569 1000 2644 ejusque
1023 2569 1150 2630 infinitas
1178 2574 1292 2647 species
1313 2586 1349 2629 ex
1370 2567 1444 2630 libro
1466 2567 1509 2627 K

167 2657 297 2717 Euclidls
325 2656 541 2734 propagandas.
587 2654 712 2729 Contra,
742 2657 798 2715 etsi
820 2673 895 2732 quae
923 2668 992 2716 sunt
1013 2653 1228 2735 dyaupstppra,
1260 2675 1296 2717 ea
1323 2663 1392 2716 sunt
1421 2658 1511 2716 etiam

167 2742 273 2825 diora,
297 2753 394 2804 tamen
416 2742 510 2825 dloya
538 2745 594 2802 uisi
616 2745 647 2800 ln
667 2742 730 2801 lato
752 2743 917 2819 significatu
946 2744 1004 2804 dici
1027 2761 1084 2804 oon
1107 2743 1277 2805 debuerunt
1319 2742 1396 2803 Nam
1422 2743 1509 2821 plane

166 2831 249 2892 nulla
270 2841 315 2892 est
336 2854 394 2893 των
414 2828 639 2910 ἀγεωμιτρητων
660 2826 704 2909 (ut
724 2828 824 2890 lateris
846 2829 1020 2908 septangull,
1043 2831 1211 2908 nonanguli,
1231 2829 1433 2907 undecangull,
1449 2838 1510 2890 tre·
1598 2836 1603 2857 ¹

167 2916 333 2996 decaoguli)
354 2921 491 2991 scientia,
523 2934 582 2978 non
608 2924 721 2976 tantum
751 2915 867 2978 detecta
894 2927 1011 2979 nostrae
1033 2920 1170 3000 nouuaog,
1201 2917 1366 2978 sedetiam
1395 2916 1510 2977 delectu

168 3009 263 3084 ipalua
284 3014 407 3066 naturae
429 3022 523 3067 rerum
544 3006 793 3081 geometricarnm.

253 3093 293 3153 n:
313 3092 482 3165 notandum,
506 3091 585 3168 quod
605 3091 679 3151 baec
699 3088 900 3171 ἁγιωμιτρηια
923 3091 1099 3153 insolidum
1124 3101 1296 3169 respuantur
1317 3091 1356 3152 ab
1377 3093 1505 3167 auribus,

169 3181 354 3259 quindecima
383 3198 452 3241 uero
479 3197 547 3256 pars
575 3178 674 3239 circuli
697 3196 755 3239 uon
784 3178 975 3253 insolidum,
1007 3182 1076 3257 quia
1101 3197 1196 3257 neque
1218 3177 1431 3260 dyaoaacpproc
1452 3186 1506 3254 est,

169 3269 221 3330 scd
242 3270 450 3346 geometricam
473 3267 554 3343 (licet
575 3268 761 3343 impropriam
783 3275 812 3326 et
827 3266 995 3343 longissime
1009 3270 1146 3344 petitam)
1166 3266 1387 3344 descriptionem
1409 3266 1507 3327 habet.

169 3355 236 3416 Hoc
257 3366 355 3416 antem
377 3354 510 3432 probabo
532 3369 567 3413 ex
591 3354 758 3430 anticipato.
802 3353 882 3412 Intra
904 3355 981 3413 enim
1003 3350 1180 3430 ostendetur,
1203 3364 1316 3437 partem
1333 3352 1507 3414 sedecimam

171 3461 236 3504 cnm
258 3450 321 3503 toto
344 3445 520 3503 constituere
544 3448 669 3516 quatuor
691 3450 821 3515 octavas,
844 3443 906 3502 sive
927 3447 1124 3520 ancoralia
1143 3462 1252 3503 nacor.
1291 3440 1350 3502 Sed
1373 3438 1416 3526 Η
1436 3458 1507 3518 pro·

172 3533 289 3592 babitur
310 3547 376 3590 esse
398 3530 583 3590 semitonium
605 3526 775 3604 legitimum,
799 3527 892 3612 “1¹1
913 3536 984 3588 suot
1006 3537 1130 3606 quatuor
1152 3538 1284 3593 octavae.
1327 3529 1405 3605 Ergo
1435 3530 1508 3589 sub·

171 3620 312 3679 tractione
334 3618 494 3689 (dia-latona),
510 3616 595 3688 lacta,
617 3614 660 3699 ᾗ
689 3623 734 3676 est
755 3615 940 3677 intervallum
970 3638 1100 3695 carpana
1126 3622 1173 3678 dra
1195 3638 1295 3679 aanor
1327 3619 1422 3676 minua
1448 3633 1507 3675 uno

171 3707 335 3767 semitonio.
379 3703 471 3764 Porro
494 3711 607 3763 tantam
628 3705 721 3776 abeat,
745 3712 777 3763 ut
790 3702 1014 3764 discordantiam
1037 3706 1123 3764 anius
1137 3706 1282 3765 semitonii
1298 3704 1412 3781 lugiunt
1426 3719 1508 3762 com·

171 3796 314 3872 poniatae,
338 3799 370 3850 ut
390 3793 498 3867 potios,
520 3794 545 3849 sl
566 3789 643 3850 banc
665 3792 736 3867 ipsis
751 3790 977 3852 discordantiam
991 3792 1105 3868 eripias,
1128 3808 1243 3852 omnam
1259 3801 1361 3852 cantus
1373 3792 1507 3868 gratiam,

172 3882 343 3959 praesenim
363 3878 517 3955 pathetici,
540 3887 689 3955 erepturus
710 3879 761 3939 sia.

257 3967 334 4028 Ecce
355 3983 444 4042 quarn
465 3974 600 4026 accurate
623 3966 739 4042 depicta
759 3967 799 4025 sit
819 3965 893 4026 baec
906 3982 952 4026 res
974 3967 1004 4023 ia
1025 3964 1250 4044 qaindecangnli
1263 3965 1508 4027 demonstratione

173 4053 368 4116 accidentaria
389 4060 477 4130 atque
499 4052 736 4114 extraordinaria.
780 4052 818 4112 lit
838 4052 912 4113 baec
932 4051 972 4112 ad
993 4053 1216 4130 explicationem
1237 4049 1275 4115 11.
1301 4062 1330 4115 et
1351 4051 1405 4112 111.
1423 4054 1507 4113 axio-

173 4145 268 4203 matis.

257 4224 312 4288 IV.
335 4228 493 4287 Axloma
515 4226 631 4286 videtur
646 4246 664 4286 a
679 4227 823 4286 communi
837 4227 941 4286 notitia
954 4225 1170 4289 accersendum.
1206 4226 1342 4289 Nondum
1362 4228 1439 4287 euim
1461 4229 1508 4287 vi·

174 4316 240 4378 dere
262 4318 363 4393 potui,
386 4316 437 4390 qul
469 4313 658 4374 demonstrari
680 4317 786 4391 possit:
819 4315 845 4373 ai
867 4321 947 4373 tatus
974 4313 1098 4375 circulus
1120 4318 1150 4374 iu
1171 4315 1229 4375 duo
1251 4315 1337 4374 abeat
1358 4324 1509 4391 segmenta

175 4406 300 4465 ioricam
321 4399 535 4475 concordantia,
558 4418 680 4478 qnorum
701 4418 791 4462 nuum
812 4399 969 4461 concordat
991 4419 1057 4462 cum
1078 4411 1150 4476 toto,
1171 4400 1313 4479 reliquum
1335 4403 1422 4462 etiam
1444 4419 1510 4462 eum

176 4500 237 4551 toto
258 4489 447 4550 consonabit:
470 4490 546 4549 etsi
569 4504 637 4566 ergo
660 4491 749 4549 totius
771 4495 922 4565 segmenta
944 4504 1010 4548 conr
1031 4497 1094 4550 toto
1108 4488 1226 4566 singula
1239 4487 1422 4563 concordant,
1445 4492 1510 4566 ipsa

177 4581 250 4640 inter
272 4595 304 4640 sa
327 4575 512 4638 concordent.

261 4665 352 4727 Parce
374 4663 487 4742 loquor,
511 4668 543 4723 nt
564 4670 719 4739 appareat:
742 4679 801 4722 non
823 4660 897 4736 dico,
921 4678 1112 4740 quaecunque
1127 4661 1184 4722 duo
1207 4666 1371 4724 cumtertlo
1388 4679 1510 4723 concor·

177 4752 255 4825 daut,
277 4755 352 4812 inter
372 4769 405 4812 se
427 4747 619 4811 concordant:
641 4748 693 4810 sed
715 4748 791 4811 addo
814 4752 987 4823 cautionem,
1011 4758 1043 4810 ut
1063 4767 1101 4810 ex
1115 4751 1207 4811 tribus
1220 4750 1288 4812 duo
1303 4758 1428 4828 aequent
1449 4758 1510 4810 ter·

177 4844 258 4915 tium,
287 4857 341 4901 nec
361 4845 477 4899 tantum
503 4845 645 4913 aequent,
676 4837 729 4899 sed
751 4845 784 4897 ut
804 4838 920 4897 tertirun
951 4839 1045 4914 meum
1075 4844 1187 4898 constet
1210 4855 1245 4898 ex
1269 4838 1391 4899 duobus.
1434 4836 1510 4897 Nam

178 4945 269 5008 acque
290 4929 322 4987 in
342 4927 408 4989 aliis
429 4926 559 4988 scientiis
581 4921 670 5001 valet,
691 4933 725 4985 ut
744 4924 875 5001 injure:
902 4923 1047 4985 Henrleua
1067 4925 1155 5017 irater
1175 4943 1258 4987 meus
1279 4933 1339 5001 est,
1366 4922 1510 4985 Sebaldus

229 5036 448 5092 lwfflllrssl·
1341 5026 1358 5080 3
