3940 5856
776 369 819 425 Da
835 368 958 425 Motibus
976 368 1151 427 Pisum
1168 366 1350 425 Emonicis.

960 640 1104 715 CAPUT
1130 640 1184 714 til.

389 788 426 843 ln
444 764 890 843 extremitatibus'motuum
906 785 1179 856 planetariorum
1202 798 1388 855 expressos
1410 797 1486 838 esse
1508 773 1747 877 quodammodo

807 872 938 969 ¹modos
956 888 1018 979 neu
1035 878 1132 930 tonos
1149 872 1313 929 musicos.

475 1034 615 1115 Sequitur
636 1033 694 1096 hoo
716 1052 753 1094 ex
775 1033 933 1096 antedictis
955 1010 1108 1111 nec'opus
1129 1047 1175 1094 est
1196 1030 1297 1092 multis
1321 1030 1428 1103 verbis,
1452 1024 1562 1104 singuli
1581 1024 1659 1084 enim
1681 1021 1748 1099 pla·

389 1132 475 1185 neme
498 1122 616 1199 singula
638 1121 856 1199 quodammodo
884 1124 1004 1195 signant
1029 1120 1096 1181 loca
1117 1121 1287 1203 systematis
1316 1124 1400 1178 motu
1422 1113 1580 1196 pecthelm,
1604 1118 1749 1189 qnatenus

389 1211 491 1275 uotum
521 1210 729 1287 anteloquiis,
762 1226 929 1288 percurrere
952 1218 1064 1270 eertum
1084 1207 1206 1285 aliquod
1234 1204 1421 1267 intervallum
1452 1204 1482 1260 iu
1511 1199 1593 1260 scala
1625 1201 1749 1269 musica,

390 1300 476 1358 certis
499 1296 565 1374 ejus
588 1297 723 1357 clavibus
745 1314 799 1358 seu
822 1297 898 1357 loeis
920 1296 1089 1375 systematis
1104 1294 1356 1374 comprehensum,
1380 1288 1523 1371 cujusque
1545 1288 1584 1348 ab
1599 1284 1651 1345 ilia
1666 1283 1750 1344 clave

389 1402 442 1446 seu
465 1385 531 1451 loeo
555 1386 718 1462 inceptum,
753 1386 804 1461 qni
828 1385 925 1462 eapite
946 1383 1133 1462 praecedenti
1160 1383 1284 1459 contigit
1306 1379 1385 1439 illius
1407 1378 1501 1438 motui
1522 1372 1658 1452 spiselis,
1691 1370 1750 1430 Sa·

391 1480 476 1532 turno
507 1470 627 1551 quidem
654 1479 684 1532 et
712 1470 821 1532 Terrae
840 1469 881 1546 ti,
911 1478 942 1532 at
965 1469 1037 1531 Jovl
1058 1470 1095 1545 d,
1128 1487 1204 1548 quae
1233 1471 1263 1527 iu
1289 1465 1317 1529 G
1339 1466 1428 1527 altius
1459 1462 1613 1540 transponi
1642 1463 1749 1536 potest,

392 1558 482 1619 Marti
502 1560 551 1637 sp,
575 1557 685 1619 Veneri
707 1577 738 1633 e,
760 1557 907 1619 Mercurio
930 1578 952 1618 c
973 1560 1003 1617 in
1026 1557 1126 1618 altiori
1147 1562 1319 1636 systemate.
1362 1551 1442 1612 inde
1464 1549 1596 1628 singulos
1619 1548 1649 1605 lu
1671 1545 1750 1605 notis

394 1647 519 1706 usitatis.
565 1646 630 1705 Non
653 1646 781 1706 formant
802 1644 922 1723 quidem
943 1643 1131 1707 intermedios
1153 1645 1244 1717 locos,
1270 1659 1345 1721 quos
1366 1641 1416 1700 hic
1438 1638 1523 1698 vides
1544 1637 1621 1695 uotis
1645 1631 1752 1709 imple-

395 1744 450 1807 tos,
473 1732 638 1807 articulate,
661 1734 738 1797 sicut
760 1741 915 1802 extremos,
938 1735 1009 1810 quia
1033 1732 1071 1792 ab
1082 1749 1141 1792 uuo
1158 1738 1287 1794 extremo
1310 1746 1368 1789 non
1388 1725 1513 1787 saltibus
1536 1734 1565 1784 et
1579 1719 1751 1794 intervallis,

394 1819 446 1882 sed
478 1822 618 1881 continua
645 1822 777 1881 tensione
804 1823 937 1882 nituntur
958 1819 997 1880 ad
1025 1821 1212 1898 oppositum,
1243 1816 1341 1878 media
1371 1815 1468 1875 omnia
1490 1811 1621 1890 (infinita
1642 1809 1672 1865 in
1694 1823 1752 1885 po-

394 1909 501 1985 tentia)
523 1915 707 1985 permeantes
728 1915 811 1982 autu,
841 1907 871 1967 id
894 1907 973 1985 quod
996 1908 1081 1968 aliter
1103 1925 1122 1967 a
1144 1923 1191 1967 me
1213 1923 1271 1966 uon
1301 1904 1399 1982 potuit
1421 1901 1560 1978 exprimi,
1588 1912 1677 1975 quam
1698 1911 1752 1972 per

394 1997 562 2056 continuam
584 1997 688 2055 'seriem
710 2004 846 2056 notarum
868 1994 1115 2057 intermediarum.
1160 1993 1263 2054 Venus
1286 1992 1346 2053 iere
1368 1995 1467 2050 manet
1489 1990 1519 2047 iu
1533 1987 1668 2058 unisono,
1691 1997 1751 2041 nou

394 2099 526 2160 aequans
548 2083 692 2143 tensionis
714 2080 906 2161 amplitudine
928 2084 977 2144 vel
1000 2083 1152 2142 minimum
1174 2100 1210 2142 ex
1234 2079 1385 2142 concinnis
1407 2072 1583 2136 intervallis.

394 2217 1750 2425 ΐὲᾐξῌ-Θ-ε-Ἦῗὲ

436 2406 439 2413 ¹
501 2448 644 2505 saeuum
852 2446 968 2519 nepueu.
1228 2448 1306 2505 uus
1322 2447 1390 2504 rue.
1474 2434 1481 2445 ·
1616 2440 1709 2497 rem

396 2594 1277 2820 &effi-ff&-

480 2870 584 2929 Venus.
946 2871 1108 2929 Mercurius.

347 3140 351 3145 .
488 3094 579 3170 Atqui
601 3095 754 3170 signatura
776 3094 900 3155 duarum
922 3096 951 3153 ln
974 3098 1120 3154 mmmuui
1143 3103 1302 3175 systemate
1323 3095 1453 3171 clayium
1476 3101 1507 3154 et
1527 3093 1663 3157 iormatio
1685 3111 1752 3155 soe·

400 3182 453 3244 lstl
484 3189 608 3241 octavae
635 3198 688 3258 per
717 3181 1006 3258 comprehensionem
1040 3185 1110 3243 certi
1139 3184 1285 3244 intervalli
1315 3182 1448 3246 ooudnui
1480 3187 1526 3241 est
1556 3183 1753 3244 rudimentum

400 3266 551 3346 quoddam
582 3268 778 3328 distinotionis
809 3276 944 3328 tonorum
971 3286 1024 3328 sen
1051 3270 1223 3344 modorum,
1255 3280 1325 3331 suut
1345 3286 1415 3347 ergo
1443 3268 1523 3329 modi
1544 3272 1650 3331 musici
1677 3272 1753 3329 luter

387 3357 535 3437 ‚planetas
557 3354 710 3433 dispertiti.
754 3353 823 3416 Scio
844 3354 989 3433 equidem,
1012 3355 1051 3415 cd
1072 3357 1275 3419 tomauousm
1296 3366 1326 3418 et
1340 3357 1538 3418 definitionem
1551 3358 1753 3419 distinctorum

400 3443 554 3503 modorum
575 3446 682 3520 requiri
706 3442 799 3520 plura,
824 3459 901 3520 quaa
924 3451 1027 3504 cantus
1049 3443 1180 3516 humani,
1202 3448 1311 3525 quippe
1328 3445 1516 3521 intonuisti,
1538 3453 1607 3507 sunt
1621 3446 1753 3524 propria3

400 3533 501 3608 itaque
523 3545 598 3591 voce
620 3529 844 3607 quodoenmodo
865 3548 931 3590 sum
953 3547 1033 3590 usos.

488 3617 627 3678 liberum
649 3629 747 3677 autem
769 3620 825 3677 erit
845 3617 1051 3691 harmouistaa
1073 3620 1247 3679 sententiam
1268 3620 1436 3699 depromere
1449 3636 1543 3696 mam,
1565 3637 1654 3698 quem
1669 3622 1753 3696 quis-

402 3721 460 3781 que
481 3704 602 3783 planeta
623 3704 744 3765 Mum
765 3707 910 3782 exprimat
931 3707 1065 3784 propius,
1093 3709 1229 3767 extremis
1250 3705 1299 3766 liic
1319 3708 1375 3783 ipsi
1398 3709 1563 3786 πείρων.
1607 3708 1673 3784 ligo
1694 3705 1753 3767 Sa·

402 3800 488 3853 turno
510 3791 609 3853 darem
639 3808 675 3852 ex
697 3794 814 3852 usitatis
835 3794 992 3871 septimum
1015 3792 1063 3854 vel
1086 3800 1238 3867 octavum,
1269 3795 1340 3871 quin
1370 3795 1395 3853 si
1416 3794 1574 3856 radioalem
1597 3795 1662 3872 ejus
1683 3791 1753 3862 ciue-

401 3882 471 3940 u‘em
492 3895 587 3956 ponas
611 3877 654 3954 G,
683 3878 841 3958 perihelius
863 3890 962 3940 motus
984 3880 1117 3942 „cendit
1137 3880 1176 3940 ad
1198 3882 1232 3955 λς
1262 3880 1335 3941 Jovi
1360 3881 1485 3958 primum
1513 3884 1561 3942 vel
1583 3875 1753 3954 secundm,

402 3969 475 4044 quia
497 3966 615 4045 aplielio
638 3966 702 4042 elus
724 3973 806 4026 motu
827 3966 867 4028 ad
892 3965 920 4028 G
941 3967 1179 4041 accommodato,
1208 3967 1366 4044 perllnelius
1387 3968 1426 4028 ad
1449 3969 1467 4030 b
1488 3972 1635 4046 perreuit3
1664 3967 1754 4028 nno

403 4055 539 4131 quintum
562 4053 609 4113 vel
631 4060 755 4127 sextum,
778 4070 838 4114 nou
860 4072 896 4115 eo
919 4063 1049 4129 tantum,
1072 4057 1143 4132 quia
1163 4055 1223 4116 lere
1246 4054 1382 4132 diapente
1402 4059 1581 4133 assequitur,
1604 4054 1685 4132 quod
1705 4058 1754 4113 in·

403 4140 559 4202 tomellum
580 4156 734 4202 commuue
764 4150 809 4202 est
831 4143 966 4203 omnibus
987 4141 1098 4216 modis,
1128 4141 1181 4202 sed
1203 4140 1270 4202 ideo
1300 4143 1497 4221 potissimum,
1527 4146 1598 4222 quis
1618 4140 1754 4203 redactus

406 4246 473 4289 cum
494 4229 597 4288 ceteris
628 4229 666 4288 ad
689 4244 842 4289 commuue
864 4236 1002 4306 system
1025 4229 1168 4307 perillelio
1190 4235 1271 4289 motu
1294 4247 1310 4289 o
1332 4233 1511 4305 assequitur,
1541 4229 1658 4309 aphelio
1680 4228 1760 4307 adr

405 4315 519 4390 adudt,
542 4331 619 4392 quae
641 4315 724 4375 radix
747 4324 791 4377 est
813 4317 875 4376 toni
897 4334 949 4376 san
971 4316 1051 4377 modi
1074 4317 1169 4394 quinti
1192 4315 1240 4377 vel
1260 4319 1354 4391 serti3
1384 4315 1494 4376 'lellurl
1516 4318 1616 4379 darem
1635 4319 1754 4378 unium

318 4468 319 4475 χ
405 4402 455 4462 vel
477 4410 628 4479 quartum,
662 4403 733 4479 quia
755 4405 831 4462 iutra
853 4405 1039 4467 semitonium
1070 4404 1134 4480 ejus
1156 4411 1253 4463 motus
1281 4410 1450 4476 vertuntur,
1478 4414 1509 4464 et
1531 4408 1600 4464 vem
1628 4406 1755 4482 primum

404 4488 521 4549 illoram
543 4497 679 4549 tonorum
697 4489 887 4563 iumrvallum
908 4498 953 4550 est
974 4492 1186 4566 semitonium
1201 4490 1345 4551 Mercurio
1367 4506 1439 4550 uero
1469 4491 1507 4551 ob
1534 4490 1755 4570 amplitudinem

406 4575 552 4637 intervalli
579 4579 744 4654 promiscue
773 4594 875 4638 omnes
902 4576 981 4637 modi
1010 4578 1058 4639 vel
1081 4580 1142 4639 toni
1165 4580 1357 4653 convenient,
1388 4577 1496 4638 Veneri
1528 4580 1568 4639 ot
1588 4580 1755 4657 angustiam

407 4662 555 4724 intervalli
575 4663 666 4741 plane
684 4664 792 4739 nullus,
815 4671 847 4724 at
869 4664 907 4725 ob
929 4681 1082 4725 commune
1103 4674 1233 4743 systema
1255 4667 1342 4724 adam
1364 4667 1467 4725 tertius
1490 4671 1520 4726 et
1533 4673 1663 4743 quartus,
1686 4665 1757 4744 quia

406 4753 473 4828 ipsa
493 4760 626 4827 respectu
649 4759 809 4812 ceterorum
831 4752 944 4813 obtinet
966 4771 989 4812 e.
1028 4754 1679 4832 (Tellusoauitllss,FA,ll11‚uteelsxsyllaba
1692 4772 1756 4815 con·

405 4842 493 4919 jieias,
510 4843 538 4900 ln
555 4844 609 4908 hoo
625 4852 720 4907 nostro
738 4843 873 4909 domicilio
890 4843 1041 4909 mseriam
1058 4850 1087 4906 et
1103 4842 1229 4907 annom
1247 4844 1395 4919 ottone)
