3792 5860
333 406 395 468 lot
865 427 907 483 De
924 428 1150 500 Proportionibus

331 599 402 663 ram
423 598 632 652 coacervantur
653 599 828 676 principales
851 606 977 669 chordae
1000 609 1109 683 decem,
1132 628 1184 689 per
1210 630 1272 692 cap.
1292 617 1319 689 7,
1344 615 1514 675 omnifariae
1532 630 1602 673 vero
1625 619 1686 673 tre·

333 668 442 747 decim,
471 692 524 751 per
547 695 610 757 cap.
635 683 672 757 8,
700 685 732 745 fit
754 696 787 748 ut
809 690 868 752 duo
891 701 973 770 enni,
1003 697 1076 757 diesi
1100 697 1147 757 vel
1176 698 1312 761 lemmate
1342 702 1497 774 distantes,
1528 704 1686 780 9118811111

333 758 437 818 eodem
459 762 676 841 diagrammatie
699 772 782 851 loco,
813 796 866 839 seu
889 785 915 842 is
937 785 1015 845 linea
1037 787 1077 844 eit
1098 802 1151 845 seu
1174 788 1355 850 interlineare
1384 788 1584 863 intervallum,
1616 790 1686 864 quia

334 843 431 917 dieses
455 857 485 908 et
506 850 645 916 lemmata
666 875 725 920 non
741 874 884 927 canuntur
906 871 1054 950 deinceps,
1077 880 1111 933 ut
1133 877 1196 933 toni
1218 882 1247 935 ct
1262 880 1431 952 semitonia3
1455 894 1514 953 qua
1536 876 1686 935 decanea

333 934 422 992 etiam
443 936 525 996 nolui
548 939 614 1002 illas
637 962 703 1005 cum
725 950 874 1028 aliquibus
897 946 1052 1020 semitonia
1073 963 1186 1020 minora
1209 962 1313 1024 dicere.
1359 964 1526 1040 Hacigitnr
1545 963 1687 1022 decanea

333 1020 539 1098 praefigendae
561 1029 641 1091 luere
663 1033 748 1097 lineis
772 1048 801 1100 et
823 1045 994 1123 intervallis,
1017 1047 1190 1108 chordarum
1205 1053 1391 1127 imaginibus,
1416 1060 1512 1111 certae
1527 1058 1625 1124 notae,
1649 1068 1686 1109 cx

333 1108 439 1183 quibus
462 1120 565 1175 cautus
589 1117 677 1180 durus
700 1142 717 1182 a
740 1127 822 1188 molli
845 1135 1087 1197 internosceretur
1109 1146 1311 1215 constaretque
1333 1139 1415 1199 locus
1438 1140 1598 1210 semitonii,
1622 1139 1686 1196 sinc

333 1193 480 1274 ordinarii,
504 1217 558 1263 seu
580 1208 668 1267 etiam
692 1219 872 1289 ceterorum,
904 1240 941 1282 ex
963 1227 1040 1283 tonte
1062 1226 1222 1299 majoribus
1249 1228 1454 1287 abscissurum.
1500 1226 1552 1283 Est
1574 1233 1604 1283 et
1626 1223 1686 1283 alia

332 1286 493 1369 necessitas
516 1290 672 1368 occultior,
703 1317 761 1360 non
785 1320 821 1363 ex
844 1305 1013 1372 diversitate
1036 1329 1191 1389 generum,
1222 1314 1275 1373 sed
1304 1318 1334 1372 in
1358 1314 1491 1390 quolibet
1513 1318 1618 1381 cantu,
1650 1328 1686 1370 0¹

332 1370 542 1448 inaequalitate
572 1386 707 1445 tonorum
732 1382 856 1466 majoris
884 1404 914 1455 et
935 1402 1068 1472 minoris,
1100 1409 1132 1458 nt
1154 1403 1175 1460 ii
1197 1403 1227 1459 in
1250 1401 1510 1478 diagrammatibue
1533 1403 1592 1459 eint
1614 1413 1686 1458 cou-

333 1464 379 1516 tra
399 1476 432 1519 se
455 1460 593 1526 distincti.
637 1469 714 1533 Nam
736 1478 867 1554 syllabas
895 1482 941 1560 Ut,
965 1487 1018 1563 Re,
1043 1487 1089 1546 Mi
1109 1504 1228 1548 necesse
1251 1498 1382 1553 estesse
1405 1488 1557 1565 generales
1577 1495 1609 1546 ct
1629 1504 1686 1562 ap·
1718 1548 1722 1553 ,

332 1545 485 1621 plicabilas
513 1557 573 1613 tam
604 1559 710 1635 majori
740 1582 827 1641 quam
857 1572 960 1632 minori
991 1584 1077 1650 tono,
1116 1593 1207 1651 qnare
1237 1583 1384 1653 utcunque
1415 1577 1597 1636 satisfaciant
1629 1574 1686 1632 hae

332 1632 584 1702 denominationes
607 1660 710 1709 canere
733 1651 913 1717 discentibus
936 1669 966 1721 et
988 1664 1132 1736 organicis
1155 1665 1301 1740 practicis,
1325 1675 1357 1723 at
1377 1663 1545 1723 theoreticis
1567 1664 1685 1720 minime

331 1721 524 1784 resisterunt.
567 1728 612 1789 Er
635 1732 691 1795 hoc
713 1740 802 1815 igitur
823 1745 920 1805 officio
942 1748 999 1810 hae
1021 1749 1141 1825 literae,
1176 1750 1294 1826 qnando
1316 1751 1515 1828 praefiguntur
1536 1750 1686 1825 diagram-

331 1809 426 1883 matie,
450 1809 549 1873 claves
572 1821 713 1897 appellari
736 1827 848 1905 solent,
882 1835 961 1910 quod
984 1838 1047 1898 eine
1070 1840 1107 1896 iie
1130 1841 1241 1897 cantori
1270 1856 1328 1898 non
1350 1846 1453 1915 pateat
1483 1840 1631 1914 ingressus
1654 1838 1684 1892 iu

332 1892 520 1969 diagramma.
565 1903 694 1969 Eaedem
725 1931 795 1975 raro
823 1916 926 1980 literae
957 1927 1046 1985 etiam
1075 1924 1250 1985 adhibentur
1279 1928 1308 1984 iu
1332 1929 1448 2002 organis
1471 1927 1604 1997 musicis,
1637 1926 1684 1981 in-

331 1982 497 2044 scribuntur
519 1992 596 2050 eninr
618 2000 779 2062 manubriie
800 2004 975 2081 plectrorum
998 2014 1028 2069 in
1051 2015 1158 2086 tensis,
1187 2021 1239 2073 aut
1267 2014 1486 2092 epistomiorum
1515 2016 1545 2070 in
1568 2012 1684 2083 inflatis,

332 2084 432 2145 aqua
453 2073 641 2153 inscriptione
669 2090 822 2151 manubria
845 2093 897 2154 illa
926 2101 1042 2174 privato
1062 2100 1129 2175 jure
1158 2100 1257 2161 clavae
1283 2099 1431 2175 dicuntur,
1465 2108 1495 2161 et
1517 2099 1589 2159 ordo
1610 2102 1684 2175 ipse,

332 2172 385 2215 sau
405 2166 537 2235 systema
565 2183 601 2225 ex
631 2177 792 2237 manubriis
815 2184 950 2245 omnihus
979 2187 1170 2261 clariacum,
1201 2188 1256 2250 bad
1283 2185 1413 2269 hinniet,
1445 2196 1473 2247 et
1501 2187 1685 2246 instrumenti

332 2259 424 2318 genua
447 2247 694 2336 clavichordium,
718 2265 797 2340 quod
820 2269 947 2333 chordae
971 2275 1120 2348 clavibus,
1144 2274 1200 2335 hoc
1223 2282 1269 2335 eet
1290 2277 1450 2358 manubriis
1470 2275 1540 2335 ioris
1563 2273 1685 2350 depres-

332 2332 372 2391 aie
395 2331 572 2413 plectrieque
595 2344 672 2407 intus
696 2352 914 2433 exsilientibus,
937 2360 1099 2438 pulsentur.

419 2418 494 2495 Quin
519 2428 607 2487 etiam
629 2445 697 2495 sunt
719 2438 940 2524 diagrammata,
963 2467 1016 2525 pro
1040 2451 1195 2525 organistis
1217 2450 1305 2510 scribi
1326 2449 1424 2523 solita,
1448 2452 1478 2507 in
1500 2449 1607 2526 quibus
1629 2464 1683 2522 pro

332 2502 417 2564 lineis
440 2512 530 2585 nigris
552 2525 620 2577 sunt
635 2525 725 2584 series
746 2528 905 2608 literarum,
929 2537 1129 2607 indicantium,
1154 2532 1299 2613 quaenam
1322 2538 1420 2596 claves
1442 2540 1524 2613 tangi
1548 2534 1683 2607 debeant,

332 2590 384 2651 ubi
407 2592 509 2658 literae
532 2610 600 2663 sunt
622 2624 674 2682 pro
698 2617 791 2695 notis,
824 2637 898 2695 quas
921 2625 1101 2684 adhibebant
1124 2622 1337 2700 diagrammata
1365 2616 1503 2696 cantoria,
1537 2626 1566 2681 in
1590 2620 1684 2680 lineae

333 2685 385 2737 aut
416 2683 573 2747 intervalla
601 2699 724 2769 positas.
779 2704 862 2766 Circa
889 2709 991 2772 literae
1020 2711 1074 2771 has
1103 2712 1202 2788 aliqua
1232 2713 1318 2772 uobis
1350 2713 1471 2770 veniunt
1501 2708 1687 2771 observanda

329 2765 469 2840 jucunde.
514 2773 645 2840 Primum
666 2803 725 2845 non
750 2807 850 2852 omnes
873 2799 975 2859 literae
997 2802 1059 2859 suis
1082 2802 1269 2875 imponuntur
1286 2799 1371 2860 lineis
1394 2807 1423 2859 et
1439 2796 1611 2870 intervallis,
1635 2794 1687 2855 scd

335 2852 538 2933 10111111110,
564 2861 602 2941 F,
630 2867 665 2939 (i,
693 2873 724 2943 0,
748 2883 864 2955 quoties
888 2884 971 2946 locus
994 2889 1044 2945 uni
1068 2903 1167 2946 aarum
1188 2894 1232 2946 eet
1246 2904 1334 2963 snper
1348 2885 1435 2960 linea,
1458 2886 1488 2944 Β
1504 2901 1574 2946 vero
1598 2886 1687 2942 etiarn

333 2946 415 3015 tunc,
440 2961 505 3006 cnm
535 2949 632 3013 locum
654 2958 744 3022 habet
772 2968 802 3025 in
826 2971 989 3034 intervallo.
1035 2973 1149 3034 Deinde
1179 2973 1262 3034 litera
1290 2973 1315 3034 C
1340 2974 1429 3033 habet
1451 2975 1568 3049 signnm
1599 2970 1688 3047 longe

333 3025 502 3109 diversum,
521 3039 608 3112 quale
629 3061 670 3105 sc.
694 3048 741 3110 hic
763 3053 802 3112 ad
833 3055 909 3118 latus
931 3064 1057 3138 pictum3
1089 3068 1160 3139 puto
1189 3064 1304 3138 signnm
1334 3060 1391 3120 hoc
1419 3068 1519 3119 uatum
1548 3078 1584 3119 cx

334 3113 499 3181 detorsione
521 3129 681 3204 scripturae
704 3142 810 3201 veteris
832 3141 933 3210 literae
960 3150 990 3212 0.
1037 3151 1112 3210 Nam
1136 3151 1205 3225 quia
1225 3150 1293 3208 latis
1317 3148 1495 3207 calamorum
1516 3165 1583 3206 mu·
1617 3134 1654 3225 ἓ

334 3204 471 3266 cronibue
501 3214 659 3278 utebantur
688 3230 857 3305 scriptores,
892 3244 981 3298 notae
1012 3236 1170 3313 pleraeque
1202 3235 1410 3313 compendiosa
1441 3236 1583 3311 scriptura
1617 3242 1654 3305 l:

333 3288 443 3351 fiebant
466 3299 643 3381 quadratae,
667 3327 721 3371 nec
742 3324 859 3389 poterat
881 3325 917 3383 iis
939 3327 1060 3386 calamis
1082 3322 1237 3382 rotundum
1260 3323 1402 3401 Oningi?
1432 3325 1531 3398 itaque
1558 3320 1584 3382 0

333 3376 465 3440 lecerunt
486 3401 522 3444 cx
545 3390 635 3452 tribus
658 3394 789 3477 lineolis,
821 3423 880 3468 una
904 3417 991 3486 tenui,
1017 3416 1081 3473 vice
1104 3412 1254 3484 caritatis,
1283 3420 1312 3470 et
1334 3411 1448 3471 duabus
1472 3413 1592 3481 crassis,
1621 3413 1687 3471 ricc

334 3478 487 3543 cornuum,
521 3471 609 3536 ducto
632 3482 660 3539 in
683 3486 867 3567 latitudinem
906 3500 1019 3560 calamo
1048 3502 1091 3561 sic
1112 3516 1161 3572 ς.
1206 3495 1277 3557 Jam
1292 3490 1416 3557 'lineola
1437 3499 1545 3570 tannis,
1577 3515 1687 3575 prope·

333 3560 417 3614 rante
440 3557 564 3636 calamo,
588 3574 620 3625 ut
641 3569 797 3645 plurimum
819 3581 898 3644 lacta
919 3586 974 3647 init
994 3589 1109 3665 longior
1132 3594 1162 3647 et
1183 3594 1301 3645 exstans
1317 3587 1452 3661 utrinque
1475 3584 1553 3645 ultra
1566 3601 1686 3661 cornua,

334 3640 378 3698 ait
403 3657 449 3719 :-
494 3643 541 3707 Ut·
556 3661 654 3714 autem
682 3677 791 3726 cornua
813 3674 1047 3749 terminarentur,
1073 3674 1197 3734 lineolae
1219 3675 1330 3750 primae
1352 3671 1509 3750 parallelas
1531 3672 1685 3747 duxerunt,

336 3728 379 3786 111
406 3743 458 3807 Ε,
487 3740 518 3793 ti
547 3740 590 3799 alc
617 3746 735 3809 tandem
750 3770 802 3813 ‘ax
834 3757 949 3821 duabus
972 3763 1082 3822 talibus
1104 3761 1219 3821 lineolis
1242 3778 1301 3819 una
1323 3761 1402 3820 lacta
1424 3768 1481 3834 eet,
1510 3762 1621 3836 primae
1644 3763 1688 3820 si·

335 3813 413 3874 milis
436 3825 466 3877 et
488 3824 638 3901 parallelo,
663 3839 814 3917 totumque
837 3846 953 3922 signum
976 3851 1037 3910 tale
1065 3850 1117 3924 Ε,
1149 3845 1244 3925 quod,
1267 3856 1301 3907 ut
1322 3857 1410 3908 notae
1432 3848 1514 3925 ipsae
1537 3850 1566 3905 in
1589 3847 1686 3923 lineis,

335 3900 418 3962 hiatu
441 3906 602 3973 calami'tit
624 3935 744 4000 cavum,
768 3931 811 3989 elc
831 3940 876 4017 ξ.

422 3988 555 4057 Occurrit
577 4008 673 4066 tamen
696 4020 726 4071 et
747 4014 817 4093 hoc,
841 4036 880 4104 aq
902 4039 960 4082 non
984 4026 1100 4101 signum
1122 4022 1178 4083 hoc
1200 4040 1235 4082 ex
1258 4039 1312 4081 usu
1335 4024 1431 4093 vocis,
1462 4020 1543 4080 scala
1564 4024 1687 4097 musica,

335 4075 420 4135 inerit
440 4089 556 4159 natum,
580 4106 646 4151 cum
668 4096 789 4174 liguram
812 4123 882 4181 prae
904 4127 937 4170 ee
960 4113 1032 4172 ierat
1053 4110 1167 4189 scalae,
1197 4112 1280 4186 qnasi
1303 4110 1475 4186 principium
1498 4109 1597 4169 scalae
1618 4127 1687 4169 mu-

336 4163 416 4224 sicae
438 4176 601 4251 notaverit,
625 4182 675 4241 ubi
698 4191 869 4262 ponebatur.
916 4197 961 4256 An
985 4199 1096 4272 venus,
1122 4201 1203 4275 prius
1225 4216 1261 4257 ex
1283 4196 1369 4256 litera
1395 4195 1537 4256 Oscalao
1560 4194 1686 4273 cihgicm

335 4252 452 4329 iactam,
474 4270 578 4333 postca
600 4282 636 4325 er
658 4270 746 4349 hujus
769 4278 874 4357 effigiei
898 4286 998 4345 crebro
1020 4304 1074 4345 usu
1096 4286 1207 4345 scalam
1230 4284 1285 4344 dici
1301 4292 1444 4361 coeptam,
1468 4283 1547 4359 quod
1568 4287 1687 4362 proprie

336 4336 516 4415 diagramma
539 4352 629 4412 erati'
665 4357 739 4420 Cum
763 4382 831 4426 vero
861 4368 943 4430 locus
973 4391 1031 4432 non
1054 4382 1099 4434 cet
1120 4373 1222 4432 literae
1248 4370 1273 4431 0
1298 4374 1327 4429 in
1356 4372 1434 4431 linea
1454 4368 1536 4448 (quia
1560 4371 1630 4431 olim
1655 4383 1687 4431 ut

335 4424 491 4501 plurimum
513 4434 608 4499 lineae
629 4454 712 4506 crant
734 4458 848 4512 tantum
870 4457 1020 4541 quatuor),
1052 4467 1121 4520 tunc
1142 4462 1224 4520 locus
1247 4466 1292 4518 cst
1313 4457 1415 4519 literae
1439 4456 1471 4518 F
1489 4461 1519 4517 in
1543 4456 1686 4519 linearum

336 4530 411 4587 una,
441 4534 517 4593 quae
539 4528 674 4590 scribitur
696 4538 726 4599 in
748 4544 850 4601 ceteris
873 4548 994 4608 vocibus
1018 4548 1169 4608 altioribus
1200 4548 1327 4623 genuina
1349 4563 1403 4606 sua
1430 4554 1516 4620 uota,
1545 4551 1574 4606 in
1596 4548 1686 4607 basso

337 4602 517 4667 semicirculo
539 4628 661 4677 recurro
683 4638 749 4684 cnm
773 4627 885 4690 duobus
903 4632 991 4708 juxta
1011 4638 1142 4713 punctis,
1166 4634 1245 4711 quod
1266 4634 1380 4712 signum
1399 4640 1471 4710 puto
1494 4636 1568 4695 luter
1590 4636 1684 4708 initia,

337 4688 507 4767 priusquam
530 4697 764 4787 detorqueretu'r,
789 4715 878 4778 inisse
901 4739 1037 4798 graecum
1060 4749 1074 4803 y
1096 4719 1244 4805 (gamma)
1266 4720 1474 4795 minusculum,
1506 4725 1548 4781 sic
1570 4731 1603 4781 ut
1626 4722 1685 4781 duo

337 4784 448 4850 puncta
469 4781 571 4845 addita
592 4794 758 4869 significant
781 4802 936 4882 digamma,
961 4815 1031 4887 qnia
1052 4819 1183 4871 nostrum
1207 4805 1240 4869 F
1258 4816 1303 4868 eet
1326 4808 1503 4870 Graecorum
1528 4809 1635 4886 duplex
1652 4812 1684 4871 Γ.

325 4860 413 4929 Nam
436 4883 455 4933 a
478 4867 597 4938 Graecis
620 4881 775 4950 deduxisse
798 4891 875 4957 banc
895 4899 1037 4963 rationem
1059 4898 1194 4981 signandi
1215 4914 1304 4961 sonos
1324 4898 1491 4979 systematis
1513 4915 1565 4975 per
1586 4899 1686 4959 literae
