3792 5860
342 443 404 503 14⁴
459 528 462 535 ἡ
530 466 533 470 -
839 430 919 493 ·1)5
933 430 1160 508 hopertionibos

340 628 401 668 anm
419 611 453 667 ts
471 611 555 683 ‹lapio
571 611 665 682 toties,
682 620 734 683 ptr
751 627 793 668 ax.
816 614 855 681 5.,
873 627 939 684 ergo
957 614 1037 668 etiam
1055 629 1117 669 cnm
1135 612 1248 685 simplo,
1272 630 1311 669 55.
1329 628 1391 670 oum
1408 614 1469 685 ipsa
1482 617 1579 674 -totati
1601 630 1698 673 oonao·

340 690 417 747 nabit
434 706 485 761 par
501 706 579 761 prop.
598 692 622 747 t.
657 691 702 746 lta
719 689 1082 747 15551551555555551155.
1119 692 1193 762 Ergo
1212 702 1264 747 stc,

427 798 648 877 Propositio
671 798 759 860 xlv,
788 776 903 861 v»iestis
933 800 1065 861 chordae
1089 802 1118 860 in
1148 800 1358 880 (1555555155,
1391 780 1589 881 proportionis
1623 803 1698 864 iuter

221 974 224 977 ι
341 905 373 949 55
396 888 622 965 sesquialterae,
645 896 690 949 est
713 888 893 949 harmonica.

428 970 498 1025 Nam
516 970 662 1040 quispam
680 970 696 1026 2
719 987 781 1027 cnm
798 970 943 1026 55511553
971 971 1112 1027 5555111511
1132 972 1335 1040 proportionem
1362 970 1585 1042 sesquialteram,
1614 971 1699 1029 babet

632 1048 714 1118 igitar
732 1065 761 1105 se
780 1065 843 1119 para
861 1049 896 1105 ad
914 1049 1060 1112 residuum,
1079 1057 1110 1103 ut
1127 1049 1236 1118 aliquod
1255 1065 1405 1105 consonum
1424 1049 1591 1107 5551155152
1609 1068 1639 1107 55
1651 1051 1698 1105 ha·

447 1112 606 1123 ...ι-*-

449 1150 608 1158 ”-·-
632 1127 732 1185 15151
751 1127 879 1183 circulum
898 1128 922 1196 3,
942 1143 992 1197 per
1010 1126 1195 1189 corollarium,
1216 1144 1299 1196 qtrare
1319 1137 1346 1182 et
1364 1146 1428 1199 pars
1454 1130 1551 1185 55552
1569 1146 1629 1185 curn
1648 1144 1698 1184 auo

344 1244 357 1278 2
446 1172 609 1307 ff:
630 1207 739 1263 residuo
757 1208 774 1263 3
792 1205 960 1275 consonabit,
978 1220 1028 1274 per
1045 1221 1087 1260 am
1105 1208 1131 1262 5.
1164 1206 1202 1261 Ε1
1220 1206 1284 1275 5515
1294 1208 1388 1277 parsi
1406 1224 1467 1265 oum
1479 1208 1616 1263 55511553
1634 1205 1701 1263 iacit

574 1278 588 1313 ²
633 1296 721 1344 totum
739 1289 764 1355 5,
782 1300 845 1355 pars
864 1300 927 1339 reru
949 1286 961 1338 l
983 1284 1096 1354 ejusque
1114 1283 1281 1340 residuunt
1300 1301 1362 1341 cum
1381 1303 1431 1345 suo
1449 1295 1509 1342 toto
1526 1288 1542 1341 5
1561 1293 1699 1354 55555551,

447 1399 608 1516 ffiss
633 1383 683 1438 prr
699 1364 884 1427 corollarium
904 1364 1065 1419 consonabit
1084 1361 1166 1432 igitur
1184 1364 1267 1425 etiam
1284 1371 1344 1418 tota
1363 1367 1379 1423 5
1403 1381 1465 1420 cum
1484 1381 1620 1421 consonae
1638 1382 1698 1435 par·

632 1448 669 1502 tir
689 1448 701 1501 1
722 1444 805 1514 dupla
819 1445 852 1511 2,
871 1459 942 1512 quae
960 1442 1011 1495 boc
1030 1440 1091 1495 locu
1109 1450 1204 1496 nostra
1228 1457 1292 1511 pars
1311 1449 1364 1509 est,
1386 1444 1429 1499 551
1447 1461 1507 1499 cum
1529 1445 1641 1500 consoni
1658 1460 1700 1498 re-

344 1564 357 1600 ,
416 1520 609 1597 5—&4-
633 1523 704 1580 sidui
722 1523 737 1576 t
757 1521 866 1589 dimidio
885 1521 910 1588 2,
927 1536 977 1590 per
994 1537 1073 1591 prop.
1092 1522 1118 1576 1.
1155 1521 1228 1578 idom
1247 1522 1370 1590 sequitur
1388 1523 1469 1577 etiam
1490 1524 1648 1594 simpliciter
1665 1541 1699 1579 ex

448 1606 642 1678 propositionis
660 1606 686 1660 5.
705 1610 784 1671 55515
800 1601 888 1670 prims
905 1598 1082 1667 axiomatica,
1106 1599 1171 1669 quia
1189 1598 1319 1659 subtensa
1340 1601 1447 1657 duobus
1469 1603 1571 1671 quintia
1592 1602 1700 1657 demon.

448 1686 568 1742 strabiiis
587 1694 637 1749 est,
655 1697 739 1753 quaro
757 1690 784 1739 et
804 1695 932 1736 consona.
969 1678 1094 1750 Denique
1116 1678 1181 1748 quia
1198 1679 1285 1751 partis
1303 1679 1320 1734 2
1337 1680 1475 1735 residuum
1494 1681 1510 1736 3
1535 1690 1578 1736 est
1603 1681 1638 1735 sd
1660 1688 1700 1735 to·

448 1767 504 1821 tius
523 1768 538 1821 5
557 1773 662 1835 partem
681 1767 814 1831 55551555,
833 1765 864 1814 51
880 1765 956 1813 totus
974 1758 1092 1813 circulus
1113 1760 1145 1813 12
1163 1754 1198 1813 ati
1216 1766 1321 1828 partem
1339 1775 1487 1815 consonam
1504 1758 1529 1821 5,
1547 1775 1597 1828 per
1615 1758 1701 1814 corol-

448 1843 558 1912 larium,
577 1839 737 1901 consonabit
753 1838 837 1908 ipitur
854 1844 882 1892 et
899 1836 1038 1892 residuum
1055 1845 1179 1899 55515555
1197 1839 1214 1894 3
1232 1854 1294 1893 cum
1312 1839 1409 1903 15155,
1428 1853 1477 1907 ptr
1487 1855 1565 1908 prop.
1581 1842 1605 1895 Ι1.
1633 1837 1701 1892 Tres

448 1920 531 1991 igitur
548 1918 741 1989 consonantiae
760 1916 888 1971 existunt.
924 1914 999 1986 Ergo
1019 1925 1070 1972 515.
1336 1914 1339 1919 ”

434 2044 656 2123 Propositio
678 2043 750 2103 XV.
796 2041 896 2104 Sestio
919 2041 1046 2102 ebordas
1068 2043 1099 2101 in
1120 2044 1218 2120 partes
1242 2041 1324 2118 duas,
1348 2047 1544 2121 proportionis
1570 2047 1644 2106 inter
1665 2063 1698 2106 sa

345 2134 633 2212 superbipartientis
656 2133 772 2205 1551155,
797 2149 850 2191 555
876 2130 894 2189 5
918 2130 956 2189 ad
981 2132 1014 2203 3,
1038 2138 1084 2190 est
1105 2130 1285 2191 harmonica.

431 2216 585 2285 Nam'quia
601 2214 741 2286 proportio
758 2213 879 2285 5551158
897 2212 932 2267 ad
950 2212 1089 2269 residninn
1111 2215 1135 2268 5
1149 2221 1191 2268 551
1210 2213 1319 2282 eadem,
1347 2226 1421 2283 quae·
1435 2211 1550 2287 alicujus
1567 2214 1669 2271 residui
1686 2215 1703 2271 8

637 2292 801 2349 5555551551
826 2300 912 2348 totam
930 2295 960 2362 5,
985 2306 1035 2362 per
1052 2292 1240 2357 corollarium,
1266 2307 1351 2362 quaro
1372 2309 1422 2363 per
1447 2295 1555 2348 axioma
1572 2295 1595 2348 5.
1621 2295 1703 2348 etiam

452 2396 610 2440 --;
636 2380 731 2428 nostra
755 2387 820 2443 pars
843 2364 859 2427 3
883 2387 943 2426 cum
965 2380 1060 2427 nostro
1080 2372 1190 2427 residuo
1211 2374 1228 2427 5
1252 2372 1419 2428 consonabit.
1456 2372 1494 2426 lit
1516 2372 1581 2441 5515
1605 2373 1703 2442 parsi

377 2458 380 2465 ’
400 2454 414 2490 ⁸
451 2418 610 2544 {It-53
638 2469 700 2508 cum
717 2451 826 2508 residuo
843 2454 860 2508 5
878 2450 945 2507 15515
961 2459 1048 2506 totam
1066 2452 1091 2516 8,
1112 2467 1195 2523 quare
1213 2467 1263 2521 per
1274 2452 1448 2511 corollarium
1465 2452 1557 2523 paras
1571 2468 1704 2511 5555555-

639 2530 679 2588 511
696 2548 758 2586 eum
775 2532 876 2588 15158.
914 2532 1038 2600 Denique
1062 2532 1127 2601 quia
1144 2532 1316 2590 5551155155
1339 2532 1375 2588 ad
1401 2531 1485 2587 totius
1503 2531 1520 2586 8
1543 2541 1649 2601 partem
1667 2531 1706 2587 ui-

405 2562 412 2741 ἱ
509 2646 610 2657 --
636 2611 747 2667 midiam
765 2611 782 2664 t
800 2624 830 2665 se
847 2609 955 2680 habotp
973 2618 1006 2666 ut
1028 2610 1273 2667 15155515551555
1298 2611 1333 2669 ad
1357 2609 1495 2666 residuum
1513 2608 1531 2664 1
1548 2625 1704 2679 consonum,

348 2705 361 2739 s
451 2651 611 2765 Q
637 2690 681 2745 551
698 2689 733 2745 ad
750 2689 836 2745 totius
853 2689 870 2744 8
887 2697 992 2758 partem
1014 2696 1139 2757 quartam
1157 2691 1187 2754 2,
1215 2696 1342 2745 5115155
1367 2687 1485 2744 circulus
1504 2689 1519 2743 5
1541 2686 1577 2742 ad
1599 2696 1707 2757 partem

361 2830 365 2839 ,
406 2748 432 2847 lt
453 2767 609 2818 -Θ-ῑ·
638 2783 785 2827 consonam
802 2767 833 2834 2,
852 2782 903 2836 per
920 2765 1104 2823 corollariumt
1132 2767 1293 2823 consonabit
1314 2767 1398 2837 igitur
1421 2765 1560 2822 residuum
1584 2774 1707 2823 nostrum

637 2846 719 2902 otiam
736 2861 798 2901 cum
816 2852 874 2901 toto
892 2846 923 2915 8,
947 2860 997 2914 per
1013 2861 1092 2915 prop.
1111 2847 1137 2919 1.
1173 2842 1241 2900 Tres
1258 2845 1343 2915 igitur
1361 2854 1389 2902 et
1406 2844 1450 2901 iric
1466 2844 1536 2901 fiunt
1554 2859 1706 2902 consonan-

635 2926 699 2983 tiae.
734 2925 809 2995 Ergo
827 2930 880 2979 etc.

434 3080 660 3157 Propositio
683 3075 769 3136 xvt.
814 3075 847 3137 81
869 3076 980 3136 chorda
1001 3084 1116 3147 secetur
1138 3078 1168 3135 15
1192 3076 1265 3138 duas
1282 3086 1381 3156 partes
1403 3076 1544 3154 effabiies‚
1568 3080 1701 3159 interque

348 3170 416 3230 illas
439 3175 593 3241 ettotam,
616 3165 673 3224 hoc
696 3174 740 3224 est
762 3168 836 3229 inter
857 3173 917 3225 tres
940 3167 1086 3239 terminos,
1110 3165 1198 3224 luerit
1223 3165 1405 3228 dissonantia
1427 3185 1500 3241 una,
1534 3178 1650 3245 oportet
1673 3178 1704 3229 et

350 3258 473 3318 alteram
496 3250 708 3313 dissonantiam
731 3250 894 3312 interillos
917 3269 991 3311 esse.

436 3339 506 3394 llam
523 3351 606 3399 55555
623 3335 809 3389 (115555551155
827 3335 886 3403 5511,
905 3334 978 3402 quod
996 3333 1037 3388 551
1055 3339 1115 3390 1515
1132 3333 1175 3388 551
1194 3351 1258 3404 pars
1271 3335 1372 3390 babeat
1389 3351 1529 3391 numerum
1548 3337 1702 3406 portionum

347 3417 420 3474 illins
438 3415 578 3471 divisionis
597 3413 738 3484 proprium
755 3410 859 3482 tigurae
877 3411 1135 3468 indemonstrabilis.
1172 3415 1255 3483 51551
1273 3414 1335 3470 talis
1353 3430 1482 3470 numerus
1500 3431 1588 3484 neque
1606 3418 1703 3486 majori

348 3496 436 3553 511551Ι
447 3509 576 3565 numero,
600 3492 648 3559 qui
664 3490 790 3561 proprius
809 3490 845 3545 sit
868 3488 972 3561 figurae
990 3490 1225 3562 demonstrabilis,
1246 3508 1364 3548 consone
1387 3495 1518 3564 sociatur,
1542 3509 1630 3563 55555
1655 3496 1703 3551 5111

348 3574 445 3631 minori
463 3588 494 3629 se
511 3573 581 3642 ipso,
599 3586 650 3641 per
669 3571 777 3624 axioma
794 3570 818 3625 3.
836 3576 864 3624 et
882 3572 906 3624 5.
925 3578 954 3625 51
970 3586 1046 3641 prop
1067 3573 1091 3626 5.
1111 3578 1138 3625 51
1155 3575 1180 3626 ’1.
1216 3572 1357 3627 Terminus
1370 3573 1453 3642 igitur
1464 3572 1517 3638 ille,
1536 3572 1581 3641 551
1595 3582 1704 3628 5555151

348 3669 461 3710 numero
478 3651 528 3708 tali
545 3652 708 3721 portionum,
727 3649 850 3705 (11555551
867 3666 884 3704 5
901 3648 1007 3705 duobus
1024 3650 1147 3705 terminis
1164 3649 1277 3720 reliquia
1290 3652 1417 3706 sectionis
1429 3650 1518 3720 illius,
1537 3652 1614 3706 etaic
1632 3653 1703 3708 dune

349 3742 414 3790 aunt
431 3730 616 3789 dissonantiae
634 3729 722 3785 simul.
1227 3760 1232 3765 -

435 3808 514 3871 Huic
535 3807 728 3884 propositioni
752 3807 782 3864 15
805 3805 966 3883 geometria
987 3803 1082 3863 simile
1105 3812 1149 3863 est
1171 3802 1242 3878 boc,
1272 3803 1351 3880 quod
1374 3807 1399 3862 si
1432 3812 1512 3863 recta
1535 3814 1650 3865 secetur
1673 3808 1701 3862 15

348 3905 447 3977 partes
478 3893 610 3957 effabiles
639 3892 784 3970 itreritque
813 3910 912 3953 earum
944 3909 1003 3951 uua
1035 3893 1336 3950 incommensurabilis
1369 3893 1459 3952 alicui
1494 3895 1597 3952 tertiae
1627 3887 1701 3973 (oon

349 3988 462 4045 toties
485 3992 608 4060 5155555
630 3984 817 4059 conpositae.
841 3989 874 4041 ut
895 3974 974 4061 bic):
997 3977 1119 4038 alteram
1143 3996 1260 4056 quoque
1284 3978 1378 4040 oidern
1395 3982 1498 4040 tertias
1520 3983 1703 4040 incommen-

350 4070 510 4133 surabliem
531 4074 646 4148 oportet
668 4085 743 4129 5555.
788 4068 864 4141 Aut,
894 4069 920 4127 51
942 4074 1023 4129 recta
1044 4076 1159 4127 secetur
1187 4069 1216 4125 in
1238 4075 1336 4144 partes
1361 4070 1436 4127 inter
1458 4085 1490 4126 ss
1521 4069 1703 4131 incommen-

350 4158 512 4233 surabiles,
535 4164 661 4232 5155555
683 4158 739 4216 orit
760 4159 815 4217 toti
840 4154 1152 4215 incommensurabilis.

436 4279 657 4357 Propositio
679 4274 782 4337 xvn.
827 4275 859 4336 Si
882 4275 992 4336 chorda
1013 4285 1128 4336 secetur
1150 4279 1180 4334 in
1204 4275 1276 4335 duas
1299 4284 1397 4353 partes
1421 4275 1703 4353 longitudine'eiia·

350 4368 432 4444 biles,
455 4368 620 4443 fuerintque
642 4367 717 4425 intsr
739 4364 806 4427 illas
829 4372 982 4437 ettotam,
1005 4361 1061 4422 boe
1085 4372 1130 4423 est
1151 4365 1299 4423 interires
1316 4366 1467 4437 terminos,
1492 4368 1701 4427 consonantiae

352 4457 444 4530 duae,
468 4462 584 4533 oportet
606 4458 636 4513 et
659 4453 774 4514 tertiam
797 4469 862 4512 5555
885 4453 1115 4511 consonantiam.

380 4592 386 4605 ,
438 4536 467 4594 81
485 4537 557 4594 anim
573 4534 645 4590 duae
662 4534 856 4591 consonantiae
873 4542 952 4602 sunt,
976 4550 1037 4588 cum
1056 4533 1110 4587 5151
1127 4532 1332 4602 proportionum
1357 4549 1411 4587 non
1430 4530 1522 4602 piures
1539 4550 1620 4604 quam
1637 4541 1701 4601 tres,

351 4633 405 4674 nos
422 4623 552 4688 poterunt
567 4614 652 4684 igitur
668 4630 729 4671 ease
747 4613 817 4671 duae
834 4611 1035 4683 dissonantiae;
1058 4613 1084 4667 si
1102 4629 1158 4668 non
1175 4611 1245 4667 duae
1263 4612 1460 4682 dissonantiae,
1488 4626 1551 4681 ergo
1569 4628 1620 4669 nec
1637 4629 1700 4684 una,

351 4712 401 4767 per
420 4694 459 4753 tt.
472 4708 652 4762 ,conversam
671 4708 736 4763 ergo
755 4706 848 4749 omnes
866 4698 922 4746 tres
939 4692 1131 4762 proportiones
1150 4698 1228 4747 55551
1246 4702 1436 4749 consonantes.

438 4769 489 4830 815
511 4770 540 4827 15
562 4770 740 4845 geometria,
772 4769 798 4827 51
820 4775 900 4827 55515
922 4778 1037 4827 5555155
1066 4768 1095 4824 15
1125 4776 1222 4843 partes
1252 4764 1326 4827 iuter
1352 4786 1385 4828 se
1413 4766 1700 4844 commensurabiles,

351 4867 415 4921 tuta
436 4859 555 4933 unique
573 4859 702 4933 partun
724 4856 779 4921 srit
800 4855 1080 4921 mnnemuatrtta
