3882 5862
830 402 971 475 apologia

225 586 419 662 argumentis,
452 583 548 643 solum
572 582 621 644 sel
641 583 796 643 aillrmautl
827 582 876 642 vel
898 583 1016 659 neganti
1038 600 1091 659 pro
1114 584 1223 663 luhito.v
1266 585 1499 648 Auctoritatibus
1522 607 1577 666 ego

224 672 466 750 philosophorum
496 680 562 731 utor
590 674 706 748 quoties
733 687 853 748 possum
882 679 912 728 et
933 674 1049 746 quoties
1073 669 1109 730 de
1131 673 1167 729 iis
1196 671 1268 730 milri
1291 684 1420 750 constat3
1454 677 1524 751 quid
1547 680 1577 736 in

225 761 369 837 religloue
389 761 483 819 secan
505 761 573 834 sint,
596 757 669 817 nihil
692 758 729 817 ad
752 752 839 816 hanc*
850 757 1080 836 philosophiam,
1105 760 1244 834 quamdiu
1267 759 1407 833 dogmata
1429 762 1578 839 religionis

227 865 286 906 non
304 849 481 917 ‚immiscent
527 846 574 904 Tu
597 847 852 922 inaequalissima
873 862 952 905 nunc
974 862 1129 905 succenses
1147 849 1301 922 excipienti
1326 858 1427 906 contra
1448 855 1578 911 anctori-

225 944 317 1009 tates,
341 935 393 993 ubl
414 935 543 994 rationes
566 942 692 1009 cogunt,
719 950 797 991 nunc
820 949 921 991 omnes
943 939 1077 991 auctores
1099 933 1196 1007 rejicis
1220 951 1286 991 cum
1309 938 1470 1005 stomacho.
1514 939 1578 997 Ex-

224 1023 350 1082 scribam
372 1029 423 1079 tua
445 1021 493 1079 lrlc
516 1022 623 1079 verba:
658 1019 732 1097 Lepi
761 1026 789 1078 et
816 1020 908 1095 releps'
937 1024 1076 1079 ornatum
1106 1020 1293 1081 amnicorum
1321 1026 1435 1098 scripto
1464 1025 1576 1085 hocin

223 1127 265 1180 rs,
289 1126 344 1169 nec
366 1108 437 1166 inde
458 1111 540 1166 euasi
562 1109 684 1167 doctior.
730 1104 808 1182 Quid
831 1107 901 1169 mihi
925 1106 1049 1175 diceres,
1078 1109 1104 1166 si
1126 1108 1202 1167 hanc
1225 1114 1304 1166 tuam
1334 1112 1495 1170 orationem
1518 1116 1576 1172 tuis

223 1198 316 1274 ipsius
338 1196 435 1254 verbis
457 1194 638 1257 retunderem
662 1212 698 1253 cx
721 1194 829 1270 pagiua
851 1204 903 1252 tas
928 1197 983 1252 lo:
1015 1194 1099 1253 Deus
1129 1195 1203 1253 hone
1225 1203 1378 1269 quantam
1401 1205 1443 1256 est
1463 1202 1498 1257 in
1519 1200 1574 1260 ho-

221 1287 305 1343 mine
334 1286 390 1342 isto
418 1285 533 1358 incenis*
563 1300 725 1355 ocunren,
741 1283 795 1356 qui
824 1284 859 1339 in
880 1289 1037 1345 tantorum
1061 1285 1198 1341 uirorum
1232 1282 1387 1342 mensam
1408 1285 1577 1347 medullam

219 1379 291 1447 post
318 1378 360 1430 tot
380 1371 481 1429 seculo
505 1372 575 1442 jona
596 1369 700 1444 elapso
730 1370 853 1443 irrepsit
881 1376 971 1445 atque
990 1372 1179 1444 persuasit,
1213 1377 1249 1428 ut
1270 1370 1394 1429 tandem
1425 1373 1578 1434 mundant

223 1458 263 1517 oh
291 1456 446 1517 mortuos
474 1463 539 1519 tom
566 1456 621 1515 diu
651 1455 814 1517 latentium
846 1473 982 1532 purpure
1011 1459 1122 1531 queml
1166 1458 1231 1515 Ant
1254 1474 1348 1547 quarn
1380 1477 1485 1534 presso
1513 1463 1577 1539 fult

223 1546 334 1604 mundi
356 1546 478 1619 cnuqar'
498 1545 679 1618 speculatio,
708 1542 790 1618 quod
810 1550 882 1601 sore
904 1543 957 1602 hoe
980 1550 1096 1617 tempus
1126 1545 1317 1602 in⁴oeterarn
1340 1563 1456 1605 errores
1477 1550 1576 1624 inepi-

191 1706 196 1711 .
224 1650 288 1691 esre
309 1649 373 1691 uon
392 1632 551 1705 potuerit?
593 1629 679 1690 Haec
699 1646 788 1704 supra
810 1648 828 1688 a
851 1644 881 1689 te
902 1632 1058 1705 propinata
1087 1638 1117 1688 et
1139 1648 1157 1689 a
1179 1648 1226 1688 me
1250 1624 1390 1691 devorata
1418 1651 1496 1692 nunc
1519 1653 1575 1711 ego

224 1722 276 1779 tibi
305 1734 421 1793 regere,
455 1734 514 1776 non
545 1726 577 1775 ut
599 1719 653 1776 tihi
683 1716 762 1775 dicta
792 1717 894 1792 uelim,
929 1717 981 1775 sed
1010 1726 1042 1774 ut
1065 1716 1169 1775 eadum
1193 1717 1263 1775 mihi
1292 1734 1350 1777 non
1381 1737 1447 1780 mco
1470 1726 1574 1783 merito

224 1808 302 1867 dicta
323 1821 526 1880 recognoscas.

311 1894 339 1951 A
361 1891 474 1951 diluvio
497 1892 620 1951 Nodtico
643 1890 758 1950 silicet
782 1892 977 1966 argumentari
1001 1898 1101 1950 contra
1119 1890 1345 1969 philosophiam,
1369 1910 1472 1954 cavere
1495 1911 1574 1952 nun·

224 1998 313 2057 quam
335 1982 490 2056 quisquam
513 1977 753 2055 philosophorum
783 1982 905 2055 poterit,
936 1978 1005 2053 qrrin
1030 1995 1085 2053 ego
1116 1977 1247 2054 plurimis
1278 1983 1372 2056 ipsum
1394 1981 1574 2058 perplexita-

225 2069 305 2127 tibus
327 2068 456 2126 inditam.
502 2065 606 2124 Mones
636 2065 772 2124 suffocari
795 2065 901 2125 Terrae
929 2069 1056 2124 animam
1083 2084 1103 2125 a
1124 2066 1254 2137 diluuio,
1288 2067 1366 2142 quod
1389 2068 1575 2129 altitudinem

224 2158 353 2215 omnium
377 2156 519 2213 montium
542 2155 700 2229 superarit
741 2152 797 2210 Est
819 2152 892 2212 haec
915 2152 1004 2229 plaga
1026 2170 1084 2212 non
1108 2154 1201 2226 irrita,
1233 2153 1286 2213 sed
1308 2172 1344 2212 eo
1367 2156 1421 2214 tibi
1445 2158 1574 2216 vicissim

223 2242 361 2302 alternmz
391 2244 417 2299 si
448 2240 591 2303 diluvium
623 2243 724 2299 omne‘s
753 2249 867 2300 montes
897 2243 1062 2317 superarit,
1096 2257 1235 2315 quorsum
1258 2257 1326 2317 ergo
1349 2252 1484 2318 receptae
1507 2255 1575 2303 sunt

223 2333 297 2390 istae
320 2346 430 2404 aquae,
461 2339 491 2388 et
514 2346 564 2387 cur
587 2329 683 2402 astuci
707 2329 788 2402 ignes
810 2344 868 2384 non
893 2327 1051 2386 exstincti?
1095 2326 1279 2404 Sepouamus
1309 2331 1365 2387 ista
1388 2331 1574 2407 miraculosa,

224 2434 348 2495 quorum
381 2415 488 2475 similia
520 2432 605 2492 porro
636 2431 786 2490 nunquam
819 2416 917 2474 littura
949 2414 1056 2474 diuinis
1094 2416 1341 2475 obtestationibus
1373 2417 1575 2483 confirmatum

222 2505 375 2565 hahemus.

309 2591 342 2652 Si
363 2589 484 2668 pluviae
506 2587 572 2648 ideo
596 2604 654 2646 nou
676 2605 692 2647 e
715 2588 814 2661 Terra,
838 2591 909 2664 quia
931 2606 947 2647 e
972 2589 1117 2648 thesauris
1136 2588 1201 2660 Dei,
1224 2606 1283 2648 noa
1306 2598 1353 2648 est
1375 2591 1470 2665 igitur,
1494 2591 1574 2667 quod

223 2682 253 2737 in
276 2678 368 2738 Terra
389 2687 442 2748 est,
467 2680 541 2735 inter
564 2676 717 2735 thesauros
740 2677 806 2735 Dei.
853 2676 890 2734 Et
910 2685 943 2734 ta
965 2678 1029 2752 ipse
1052 2679 1094 2734 sic
1115 2694 1168 2751 per
1189 2676 1341 2735 thesauros
1356 2677 1429 2742 istos
1453 2680 1573 2752 titubas,

225 2782 302 2824 nunc
333 2763 447 2825 coelunt
478 2766 700 2839 interpretatus,
733 2762 808 2822 rinno
831 2768 936 2822 adrem.
982 2762 1046 2820 lmo
1070 2765 1182 2838 inquis,
1205 2768 1260 2823 oe'r
1281 2769 1323 2821 ert
1345 2767 1410 2823 stra
1431 2762 1584 2844 (Terrae),.

226 2861 272 2913 est
293 2854 337 2915 sto
366 2852 432 2926 ejus
456 2854 533 2924 vlts,
567 2862 599 2909 ut
621 2850 729 2909 halitus
752 2869 786 2909 ea
811 2868 875 2921 ore,
891 2852 959 2925 ‘qui
981 2849 1086 2925 frigido
1110 2850 1192 2910 coelo
1222 2851 1254 2909 fit
1277 2853 1453 2926 conspicuus
1475 2856 1574 2927 specie

223 2941 309 3013 iuml,
341 2947 386 2998 est
414 2940 475 2996 vita
506 2938 646 3008 hominis,
680 2955 746 2996 nam
778 2947 808 2996 et
829 2938 880 2995 aiir
910 2937 960 2995 ille
982 2945 1080 2995 noster
1110 2937 1241 3012 quotidie
1271 2946 1428 2999 renovator
1450 2939 1574 2999 cabala-

223 3029 304 3086 tione
327 3026 444 3089 'l‘errac
488 3025 543 3083 Est
563 3024 674 3087 Terrae
696 3028 805 3083 anima
827 3024 930 3085 lurida
953 3042 1021 3082 eum
1045 3027 1173 3099 spiritu:
1198 3041 1294 3100 neque
1315 3025 1393 3085 lucet
1413 3028 1463 3083 adr
1477 3043 1572 3101 noque

225 3118 324 3173 anima
347 3121 406 3187 est,
440 3114 527 3171 nimis
550 3111 587 3171 ad
612 3111 668 3171 hoe
691 3129 805 3170 crassus
828 3121 888 3183 est,
922 3128 1018 3185 neque
1047 3115 1147 3170 uivere
1174 3113 1251 3188 facit
1273 3108 1401 3186 terram
1433 3111 1463 3170 id
1485 3130 1574 3189 supra

160 3258 164 3265 ,
225 3204 307 3260 satis.
353 3199 437 3275 Quae
462 3217 532 3259 sero
551 3200 613 3274 jam
636 3200 804 3274 ssanlntur,
828 3216 887 3257 non
912 3198 1052 3274 intelligo,
1075 3200 1145 3274 qula
1161 3199 1310 3275 chymicus
1332 3216 1390 3256 uon
1414 3216 1495 3258 sum:
1520 3197 1574 3260 adr

223 3295 394 3349 contractus
416 3294 458 3346 cst
478 3290 558 3362 ionis
579 3289 613 3345 in
635 3304 719 3361 aqua
741 3293 794 3344 ete.
840 3281 923 3360 Quae
945 3287 969 3344 si
994 3288 1091 3344 omnia
1115 3293 1193 3345 certo
1216 3304 1303 3345 sensu
1327 3295 1394 3344 saint
1416 3305 1494 3360 vera,
1518 3305 1573 3347 ne·-

224 3378 301 3448 sslo,
325 3374 475 3450 quomodo
498 3373 570 3432 inde·
587 3380 741 3449 sequatur,
765 3373 872 3439 OEerrae
895 3391 953 3431 non
976 3372 1079 3432 adosse
1102 3374 1271 3435 facultatem
1293 3373 1463 3445 animalem,
1496 3392 1572 3450 quae

223 3463 262 3522 ad
295 3464 505 3539 praescriptam
536 3470 707 3539 aspectuum
737 3462 813 3519 cieat
842 3469 1040 3537 tempestates.
1089 3459 1251 3520 Internum
1278 3462 1423 3536 cujusque
1444 3464 1489 3519 rei
1517 3480 1574 3536 per·

221 3568 252 3610 se
274 3552 397 3625 operari
419 3547 579 3620 contendis,
602 3551 667 3611 eine
688 3548 761 3606 coeli
782 3547 953 3608 harmonia.
997 3548 1044 3605 De
1059 3547 1204 3606 ordinaria
1225 3549 1315 3623 ipsias
1334 3551 1449 3607 animae
1465 3548 1572 3610 Terras

224 3639 394 3714 operatione
416 3653 463 3697 me
485 3636 563 3694 idem
593 3634 643 3694 illo
666 3638 731 3710 ipso
754 3626 821 3694 loco
843 3644 985 3705 statuere,
1019 3633 1202 3693 dissimulare
1232 3634 1290 3693 uon
1314 3634 1449 3695 debuisti.
1496 3636 1571 3699 Nem

224 3733 368 3785 astrorum
392 3724 560 3801 aspectibus
583 3724 765 3800 transscripsi
787 3721 883 3781 solum
906 3723 1034 3796 insignes
1057 3722 1190 3799 impetus.
1237 3721 1357 3805 Semper
1384 3731 1498 3781 mutum
1521 3742 1574 3782 ex·

223 3812 311 3872 sudat
334 3811 437 3883 Terre,
461 3819 494 3869 ut
514 3809 635 3885 flumina
657 3827 714 3869 non
738 3808 888 3879 deficiant,
919 3826 969 3885 per
992 3816 1127 3885 aspectus
1151 3826 1220 3868 vero
1244 3810 1432 3869 exstimulata
1460 3819 1599 3869 tantum'

223 3897 366 3971 exsudat,
402 3908 435 3957 ut
466 3901 553 3956 etlam
582 3900 699 3973 insuper
727 3894 820 3971 pluat.
866 3895 961 3955 Tarde
990 3895 1118 3955 dixeram
1151 3896 1327 3957 exstimulari
1352 3897 1481 3959 ‘l'erram-
1527 3897 1573 3957 Tu

225 3987 345 4062 objicis,
369 4002 427 4045 uon
451 4002 536 4062 posse
560 3986 648 4059 igitar
671 3983 751 4041 illam
775 3986 816 4042 24
839 3982 919 4042 horis
942 3985 1081 4043 converti
1129 3983 1226 4057 Atque
1256 3983 1312 4042 hoc
1335 3985 1430 4061 ipsum
1452 4001 1573 4059 respon·

223 4074 293 4147 deo,
325 4088 385 4148 quo
417 4071 453 4131 de
487 4071 574 4130 modo
606 4071 683 4129 diri:
717 4078 814 4128 motus
847 4069 967 4129 diurnus
997 4087 1071 4145 opus
1099 4080 1143 4129 cst
1172 4070 1348 4130 ordinarium
1376 4079 1405 4133 et
1437 4088 1572 4146 perenne,

220 4161 447 4221 effervescentia
478 4159 531 4217 illa
561 4157 821 4217 extraordinarium
845 4165 939 4216 estet
962 4161 991 4214 in
1014 4159 1160 4215 montanis
1183 4157 1304 4229 saltem,
1334 4169 1367 4216 nt
1397 4162 1421 4215 si
1446 4159 1574 4219 camelus

226 4251 306 4308 vlam
337 4265 421 4307 suam
452 4254 555 4322 pergat
584 4262 641 4305 uon
665 4247 836 4305 intermissis
866 4245 1017 4321 passibus,
1048 4246 1162 4305 interim
1193 4262 1261 4304 vero
1293 4254 1369 4304 nrrn'c
1398 4244 1475 4305 hanc
1498 4263 1574 4305 nrrnc

224 4335 305 4396 illam
333 4344 447 4411 partem
475 4337 550 4392 ostis
580 4341 715 4407 corruget
745 4330 782 4391 ad
813 4331 978 4393 enecandos
1006 4332 1122 4391 culices.
1169 4331 1242 4391 Cum
1274 4331 1366 4393 multa
1395 4335 1480 4403 signs
1502 4351 1572 4410 pro·

223 4424 326 4484 terrem
349 4424 430 4482 vitae
452 4423 481 4478 in
505 4422 604 4491 '1¹erra,
629 4431 718 4496 tuque
741 4423 803 4495 ipso
828 4421 927 4478 vivere
950 4418 1030 4477 illam
1046 4418 1189 4479 concedas
1212 4428 1329 4495 propter
1347 4424 1453 4487 adrem,
1476 4428 1573 4479 tamea

223 4519 256 4570 ut
278 4509 391 4571 olllclss
414 4526 490 4585 quae
511 4517 605 4585 potes,
630 4509 729 4565 inania
749 4509 836 4581 signa
857 4515 954 4566 cetera
976 4506 1057 4577 dicis,
1074 4523 1134 4573 ‚nec
1157 4507 1281 4581 probas:
1307 4525 1395 4564 unum
1417 4525 1475 4565 non
1499 4508 1574 4567 lide·

223 4598 288 4657 liter
310 4597 411 4669 rulers,
436 4611 494 4655 non
517 4595 583 4656 ideo
607 4594 643 4653 do
667 4594 775 4653 Terrae
797 4592 940 4673 auditum,
963 4596 1033 4668 qula
1056 4592 1175 4668 lapillus
1199 4596 1225 4650 in
1251 4594 1315 4669 ejus
1339 4593 1467 4671 hiatibus
1491 4599 1573 4653 soni-

226 4694 288 4744 tum
309 4682 379 4754 cdlt,
402 4681 454 4740 sed
477 4681 553 4756 ideo,
579 4685 649 4757 qula
671 4680 764 4759 lapilli
780 4682 912 4756 conjectu
929 4688 1117 4757 tempestates
1133 4683 1270 4739 oriuntur.
1318 4681 1378 4739 Nec
1397 4683 1572 4757 nesciobam,

223 4773 286 4831 sins
309 4775 377 4830 edre
399 4785 456 4833 uon
478 4786 565 4845 posse
589 4787 653 4829 asso
676 4772 819 4840 sonitum,
852 4775 883 4826 at
904 4772 984 4827 oi'ris
1005 4768 1120 4828 ecmelis
1144 4771 1255 4827 virtute
1277 4768 1347 4844 quid
1372 4786 1445 4845 opus
1469 4779 1513 4830 est
1534 4770 1572 4831 ad

196 4896 199 4907 ·
225 4859 282 4919 has
303 4862 492 4936 tempestates
515 4855 650 4931 ciendos,
671 4860 697 4916 si
720 4859 820 4917 anima
839 4850 986 4934 suppetit,
1008 4872 1097 4934 quam
1119 4856 1280 4919 manifestis
1305 4855 1486 4921 documentis
1508 4866 1572 4921 sta·
