3840 5854
727 421 761 481 tie
776 422 933 481 nemora.
1462 430 1501 491 di

168 593 295 649 rusticatim
312 598 414 663 tangit,
431 570 563 665 postquem
579 598 660 651 nescit
676 598 775 661 placide
792 606 817 651 et
833 574 983 651 urbmatim.
1018 600 1126 649 Proinde
1143 600 1283 651 mhendum
1301 614 1351 649 nou
1369 604 1419 666 est,
1437 602 1459 648 ei
1478 605 1503 648 et
1541 646 1547 659 ,
1591 578 1596 585 ’
1669 640 1674 651 .

169 669 275 729 temporis
294 674 319 717 et
335 668 435 719 laboris
445 672 491 719 ‘vel
509 671 612 721 insumti
628 669 756 734 hucusque
774 677 817 720 aut
834 672 909 721 etiam
926 670 1042 732 deinceps
1060 670 1202 721 insumendi
1222 672 1250 721 in
1268 672 1333 723 huuc
1350 666 1502 736 repertores,

167 736 312 801 mezades
330 753 362 787 ac
381 740 534 791 cervicosum
552 739 675 793 hominem
693 741 829 807 poeniteat,
854 741 899 807 qni
915 739 980 789 nihii
996 746 1090 789 rectum
1106 746 1178 805 putat
1196 746 1221 790 et
1238 755 1336 808 verum,
1368 741 1418 788 nisi
1435 739 1503 804 quod

168 808 209 857 scit
223 808 288 873 ipse,
306 809 374 875 imo,
395 823 427 858 ue
444 811 562 874 mentiar,
580 823 629 859 uon
648 810 700 858 scit

243 877 368 942 Equidem
388 885 417 929 ut
434 880 473 928 his
492 879 589 931 duobus
607 880 745 931 molestiam
764 880 812 927 tibi
830 893 920 942 creem,
944 895 994 930 nou
1012 885 1050 928 est
1072 880 1214 930 verendum.
1251 881 1348 929 Veritas
1366 879 1428 927 mibi
1446 892 1502 928 sco·

167 959 207 1013 pus
222 953 265 1010 est,
284 950 355 997 omui
375 947 538 999 delectatione
555 951 652 1014 potior,¹
664 954 880 1014 quantamcunque
898 948 1044 1014 polliceatur
1061 951 1160 999 taudem
1172 955 1311 999 monstrosa
1323 951 1435 1015 novitas5
1455 950 1503 997 im-

166 1018 242 1081 primis
269 1022 340 1067 totus
365 1018 462 1069 alienus
486 1033 541 1069 snm
564 1034 580 1069 a
602 1020 804 1069 mutuationibus
829 1027 854 1068 et
871 1020 1046 1071 obstinatione.
1081 1020 1110 1069 Si
1126 1020 1262 1068 mouendus
1284 1015 1388 1082 aliq'nis,
1414 1032 1503 1069 moneo

167 1086 263 1136 breuior
281 1094 307 1137 et
325 1088 428 1154 blande,
447 1096 540 1139 remota
557 1090 691 1139 acerbitate
709 1095 734 1137 et
751 1088 902 1139 contumelia
919 1091 1056 1157 verborum,
1075 1095 1198 1156 quantum
1215 1094 1268 1151 ejus
1281 1090 1420 1153 perspicere
1430 1102 1503 1153 queo.

166 1154 204 1205 Sin
220 1170 269 1205 non
288 1157 390 1219 obedit,
416 1160 439 1207 si
455 1163 575 1222 repugnat
599 1165 624 1209 et
641 1173 718 1221 nugas
736 1159 800 1221 agit,
824 1161 912 1209 omitm
935 1162 962 1209 ln
980 1166 1104 1223 posterum
1123 1162 1228 1221 penitus.
1263 1158 1334 1207 Haec
1351 1172 1434 1220 meus,
1461 1159 1504 1207 hic

168 1227 261 1275 animm
278 1227 351 1276 mihi.
365 1252 398 1262 —
412 1227 471 1277 Jam
489 1243 515 1279 se
528 1244 657 1296 excusans,
675 1229 743 1294 quod
761 1243 787 1279 se
804 1230 966 1281 immiscuerit
982 1228 1069 1279 litibus
1082 1227 1232 1294 Negelinnis,
1251 1228 1343 1291 pergit:
1362 1228 1404 1278 Sic
1421 1232 1503 1276 tecum

166 1297 244 1361 sentio,
261 1311 314 1362 qno
333 1299 447 1360 apertius
464 1298 622 1349 mendacium
640 1304 664 1348 et
682 1297 808 1349 stoliditas
826 1300 962 1365 insignior,
982 1301 1030 1349 hoo
1046 1300 1126 1361 magis
1143 1296 1304 1348 inclarescere
1322 1299 1461 1357 veritatem,
1479 1302 1504 1345 et

166 1364 249 1413 lamam
265 1368 415 1419 iunocenter
432 1370 538 1431 appetiti
555 1370 604 1433 sibi
622 1369 671 1431 ipsi
688 1369 813 1432 praesidio
832 1370 894 1419 lieri.
929 1371 996 1419 Hine
1013 1382 1094 1435 neque
1111 1383 1155 1430 ego
1174 1369 1205 1417 de
1223 1367 1346 1429 dignitato
1363 1370 1504 1415 nostrerum
1567 1428 1571 1439 Ι

166 1437 247 1484 mum
263 1436 374 1486 multum
391 1439 418 1487 iu
437 1438 606 1489 adversarium
623 1439 748 1488 eiiundere
765 1438 842 1490 volui.
879 1441 926 1489 Est
943 1443 1008 1489 enim
1027 1442 1118 1505 major,
1145 1453 1221 1504 qnam
1240 1442 1268 1486 ut
1287 1451 1342 1486 eam
1360 1435 1400 1485 vel
1417 1438 1503 1485 couvi-

167 1505 246 1554 eiaudo
263 1506 421 1557 labefactare
439 1509 509 1569 alter,
527 1515 572 1558 ant
589 1523 634 1571 ego
653 1508 808 1559 defendendo
820 1509 973 1572 amplificare
990 1523 1089 1575 queam.
1124 1509 1189 1569 Ergo
1201 1515 1230 1558 ut
1247 1508 1274 1555 in
1292 1507 1331 1556 his
1348 1508 1422 1556 rebus
1442 1507 1504 1554 setis

167 1575 208 1624 sim
224 1575 353 1626 dissimilis
372 1576 482 1645 liuberti,
500 1578 598 1640 Nagelii
615 1584 641 1628 et
657 1580 837 1645 sociennorum,
855 1586 938 1631 temen
957 1585 994 1629 est
1010 1579 1080 1629 aliud
1098 1579 1225 1644 quoddam
1237 1590 1366 1626 commuue
1385 1590 1440 1625 cum
1459 1576 1504 1624 iis-

167 1643 215 1693 dem
231 1644 339 1710 (latebor
358 1649 425 1697 euim
443 1654 467 1696 et
485 1663 523 1699 me
541 1654 620 1699 totum
638 1650 749 1711 aperiam
766 1651 826 1712 tibi,
849 1650 906 1698 vide
930 1657 959 1701 ut
981 1652 1028 1699 sim
1052 1647 1198 1715 candidus);
1224 1662 1254 1696 eo
1276 1660 1307 1695 ue
1326 1646 1459 1695 oiiendaris
1478 1650 1502 1693 et

166 1727 200 1762 me
215 1729 326 1778 segreges
344 1730 364 1765 a
379 1723 405 1766 te
422 1719 512 1767 iterum
530 1719 605 1769 etism
621 1724 698 1784 atque
715 1721 791 1771 etiam
808 1724 900 1771 metuo.
935 1719 1002 1781 Quid
1021 1733 1077 1768 vero
1094 1718 1174 1769 illudi
1210 1718 1298 1780 Imperi
1364 1717 1502 1781 puerilitas,

166 1785 258 1833 inscitia
280 1788 309 1835 in
332 1788 375 1837 his
398 1790 486 1851 rebus,
512 1803 575 1854 quas
600 1791 716 1852 profiteor
738 1794 763 1838 et
784 1789 873 1850 ignoro
898 1796 994 1855 temeu3
1021 1803 1059 1838 res
1086 1802 1116 1837 ea
1140 1803 1190 1838 nou
1208 1802 1265 1836 rara
1287 1786 1388 1852 quiem
1413 1792 1437 1834 et
1460 1787 1501 1833 in·

167 1854 279 1923 dquam,
298 1855 414 1907 insolens
431 1863 524 1923 umen,
542 1859 635 1931 audax,
653 1860 724 1910 mira.
760 1857 917 1909 Constitutus
931 1873 989 1909 'sum
1008 1858 1130 1923 professor
1147 1860 1287 1907 matheseos
1309 1856 1394 1905 aliena
1410 1856 1502 1919 potins,

166 1937 233 1988 quam
250 1940 307 1974 mea
325 1927 463 1991 voluntate,
483 1934 610 1979 consumto
624 1929 680 1993 jam
698 1931 789 1978 aetatis
807 1928 866 1978 tiore
884 1931 987 1994 acieque
1004 1931 1094 1995 mentis
1111 1929 1192 1977 iracta
1208 1929 1236 1977 lu
1253 1928 1326 1987 louge
1339 1926 1450 1991 dirersis,
1468 1923 1503 1973 ad

89 2018 93 2025 ·
167 2007 224 2058 quae
240 1998 396 2062 aspirabam,
415 2004 440 2046 et
457 1999 479 2047 si
495 1997 586 2049 inisset
602 2001 697 2064 absque
707 2000 760 2048 teto
773 2003 908 2062 perpetuae
918 1998 1097 2049 invaletudinis
1109 1997 1312 2064 supervenientis,
1330 1997 1435 2044 fortasse
1447 2007 1502 2058 per-

165 2071 274 2114 venturus
294 2081 366 2116 eram
384 2068 449 2117 bono
467 2082 523 2117 cum
540 2068 602 2122 Deo.
639 2070 739 2119 Accessi
754 2063 938 2128 αὖτοδιδακτος
955 2086 998 2120 aas
1014 2065 1160 2131 σ’ψιμαθης,
1179 2069 1311 2117 destitutus
1329 2067 1387 2114 viva
1401 2079 1460 2113 vocs
1479 2068 1504 2113 et
1532 2065 1534 2068 ’

166 2136 353 2186 manuductione
371 2138 517 2188 idoneorum
535 2144 720 2203 praeceptorum
737 2142 874 2204 ceterisque
892 2140 1050 2190 adminiculis
1068 2144 1092 2187 et
1110 2139 1211 2205 mediis,
1234 2151 1299 2202 quae
1319 2135 1359 2197 ‚ad
1378 2136 1502 2183 excelien-

167 2204 222 2252 tlsm
237 2206 321 2255 ierunt
339 2205 461 2273 aliquem.
498 2209 585 2273 ltaque
604 2210 788 2261 observationes
807 2216 831 2257 et
848 2211 1003 2259 inventiones
1027 2223 1044 2257 a
1060 2223 1100 2258 me
1118 2208 1200 2258 nulius
1218 2208 1298 2257 habeo
1320 2211 1420 2268 petove:
1443 2203 1502 2269 dux,

167 2279 236 2336 aas,
251 2276 392 2344 ingenium,
410 2279 522 2340 impense
540 2279 620 2346 deest,
645 2280 711 2328 nitor
728 2276 813 2328 aliena
830 2278 887 2345 ide,
912 2278 991 2329 oculis
1008 2293 1059 2328 non
1076 2279 1138 2328 meis
1156 2291 1243 2344 cerno,
1268 2277 1367 2324 iuterim
1384 2275 1431 2323 hoc
1449 2275 1503 2337 ipso

168 2345 275 2405 opinione
293 2362 354 2397 mea
370 2348 439 2412 ielis,
458 2348 479 2396 ei
497 2361 561 2413 quae
579 2355 643 2399 recte
662 2354 687 2398 et
704 2348 819 2401 viderunt
836 2355 862 2411 et
877 2356 950 2399 acute
967 2350 1123 2399 tradiderunt
1140 2349 1194 2406 alil,
1211 2362 1256 2408 ego
1274 2360 1325 2395 nou
1342 2346 1424 2395 minna
1443 2343 1503 2392 dex·
1546 2398 1551 2411 Ι

166 2418 206 2481 tre,
223 2419 386 2479 vestigiorum
403 2419 476 2478 signa
492 2419 588 2485 legens,
612 2432 732 2483 assequar
749 2425 774 2468 et
791 2421 921 2482 discipulis
938 2433 1075 2482 proponam
1099 2426 1124 2468 et
1140 2420 1230 2468 saitem
1247 2417 1334 2481 aliqua
1354 2427 1455 2477 prosum
1473 2415 1501 2462 in

166 2483 221 2551 rita,
238 2488 260 2534 si
276 2501 329 2537 nou
349 2488 424 2537 datur
441 2489 513 2539 nitra.
549 2489 586 2538 Ac
604 2490 652 2538 nisi
669 2503 709 2538 me
726 2489 792 2538 bono
810 2492 882 2551 genio
900 2491 927 2538 in
945 2497 990 2538 tna
1007 2490 1163 2552 potissimum
1179 2487 1298 2537 incidisse
1313 2486 1402 2551 iatear,
1420 2486 1503 2544 iugra-

169 2559 205 2603 ιιι
220 2556 283 2620 sim,
310 2558 422 2609 mendax
439 2563 464 2606 et
481 2558 586 2620 injurius
604 2560 715 2625 utrique,
740 2561 863 2625 siquidem
886 2559 1017 2609 adrerum
1042 2561 1170 2609 veritatem
1188 2551 1320 2622 depressas
1344 2559 1368 2604 et
1385 2555 1504 2603 selectum

168 2623 265 2675 adhibes
281 2629 417 2677 verborum
433 2628 524 2695 lumen,
543 2628 640 2690 paudus
658 2635 683 2678 et
700 2632 884 2696 proprietatem,
903 2631 925 2677 ei
942 2632 999 2695 quis
1017 2634 1075 2692 post
1086 2628 1249 2691 Gopernicnm
1266 2628 1339 2676 alins.
1374 2624 1438 2673 iiam
1455 2623 1503 2686 Ty·

169 2692 246 2743 tlouh
262 2694 355 2759 lingua
371 2699 434 2747 mihi
449 2699 559 2760 proiecto
577 2700 660 2749 nescio
678 2713 729 2764 qua
746 2701 892 2761 sanctitate
909 2706 934 2749 et
950 2701 1112 2766 uaapoioysp
1128 2697 1244 2749 taediosa
1254 2700 1300 2758 est,
1317 2696 1364 2744 etsi
1376 2708 1414 2742 ree
1433 2695 1504 2756 ipsse

170 2763 214 2811 tint
229 2769 349 2831 optimae.
384 2767 455 2817 Unde
474 2768 574 2833 siquid
592 2770 825 2836 bouimeieinest,
851 2770 919 2835 quod
942 2770 1034 2837 sentio,
1060 2769 1187 2834 quamsit
1212 2771 1299 2831 mune,
1327 2763 1449 2828 quioquid
1467 2767 1504 2812 est

170 2835 217 2893 ejus
231 2841 328 2903 umen,
344 2842 415 2893 tuum
432 2843 478 2903 eet,
495 2852 546 2887 non
564 2853 654 2904 meum,
672 2841 695 2888 si
711 2853 761 2889 non
779 2845 838 2889 aetn
855 2840 962 2890 secundo
982 2844 1018 2891 tut
1035 2838 1212 2903 philosopher),
1227 2841 1254 2884 at
1270 2836 1349 2905 primo
1367 2840 1459 2898 minen,
1476 2831 1505 2882 id

169 2904 230 2967 quod
246 2908 286 2956 vel
308 2921 339 2957 ex
356 2909 456 2971 nuperis
474 2909 579 2971 pagellis
596 2923 727 2970 agnoscere
746 2916 815 2971 potes
839 2916 864 2959 et
880 2912 907 2959 ni
924 2910 998 2959 telier
1020 2910 1142 2970 agnoscis.
1178 2906 1269 2955 Videre
1286 2906 1365 2966 gestio
1383 2900 1505 2965 Cieopam

170 2976 233 3025 mum
255 2975 385 3044 (omenes
405 2978 524 3029 Pueriles
563 2977 613 3032 Gir.
636 2978 684 3032 vol.
703 2979 746 3029 iv.
769 2995 795 3044 p.
815 2978 873 3033 173.
896 2976 974 3046 ⁴83),
1000 2993 1051 3029 uon
1073 2980 1126 3029 vidi
1150 2981 1248 3043 tamen,
1274 2975 1338 3023 sitae
1365 2974 1509 3035 symbolam

170 3057 301 3107 lollium.

248 3120 335 3184 Atque
352 3118 413 3169 haec
431 3133 488 3169 enm
504 3121 542 3169 ita
558 3134 584 3169 se
602 3119 719 3186 babeant,
738 3119 810 3169 doleo
822 3125 914 3179 umen,
933 3134 972 3169 me
987 3133 1038 3169 uon
1050 3132 1146 3181 semper
1157 3114 1320 3178 intelligendo
1338 3118 1437 3164 tantum
1448 3127 1509 3177 pro·

169 3186 231 3246 pedi
247 3191 275 3237 iu
296 3191 355 3255 tuis,
373 3194 495 3254 quantum
513 3189 590 3239 debeo
609 3195 634 3239 et
652 3192 724 3253 cupio
743 3201 802 3238 sane
830 3203 880 3239 nou
904 3195 950 3239 tue
967 3192 1056 3257 culpa,
1084 3190 1129 3256 qui
1147 3186 1185 3252 (nt
1207 3186 1303 3235 alicubi
1320 3185 1465 3248 protesteris
1484 3190 1509 3234 et

169 3268 210 3316 aaa
225 3260 348 3308 asserenti
374 3259 446 3309 credo
463 3265 585 3325 tauquam
602 3261 668 3310 bouo
688 3256 751 3324 viro)
768 3264 823 3308 toto
851 3265 950 3321 pectore
967 3261 1090 3309 eversoris
1109 3258 1173 3308 iliud
1190 3273 1219 3307 so
1237 3270 1370 3307 esocessoe
1388 3254 1509 3303 Heracliti

170 3326 289 3394 sabaque
308 3334 337 3378 ut
352 3334 421 3379 tetus
437 3330 544 3380 muudus
562 3335 672 3397 caperet,
699 3329 743 3378 sed
764 3343 821 3378 mea
838 3331 922 3393 potins
945 3331 1101 3392 ignoratione
1123 3330 1237 3390 illorum,
1262 3339 1329 3392 qnae
1352 3324 1387 3374 ad
1404 3323 1509 3386 legenda

170 3398 210 3444 trs
225 3400 310 3449 merri
326 3413 371 3462 par
390 3405 455 3462 erat3
474 3402 560 3462 qualia
577 3404 636 3449 eunt
652 3400 795 3462 legeritbmi
812 3398 914 3461 deperi,
932 3401 1087 3451 Archimedis
1105 3404 1131 3450 et
1147 3398 1277 3462 Apollonii
1295 3395 1434 3462 quasdam,
1453 3408 1508 3444 cos·

170 3466 218 3514 sica
234 3476 258 3517 st
276 3470 373 3518 musica
390 3478 523 3533 praecepte
540 3476 565 3519 et
582 3471 703 3531 imprimis
721 3471 784 3518 liber
802 3469 833 3518 ll.
852 3470 964 3520 Euclidis
981 3473 1048 3535 (uem
1066 3476 1148 3521 cetera
1165 3472 1218 3531 ejus
1236 3468 1358 3533 auctoris,
1376 3471 1406 3514 ut
1423 3470 1448 3514 et
1465 3466 1509 3513 tri-

171 3541 345 3595 mensorium
362 3541 439 3589 calleo
457 3540 624 3604 mediocriter,
642 3541 692 3589 imo
710 3545 735 3588 et
753 3539 841 3605 doceo,
860 3541 883 3588 si
902 3540 971 3601 digni
988 3541 1073 3590 adsint
1089 3534 1235 3603 auditores).
1270 3538 1300 3587 Iu
1318 3537 1357 3586 bis
1375 3541 1400 3584 et
1418 3532 1508 3583 simili-

171 3605 213 3655 bus
228 3610 292 3672 qula
316 3614 345 3658 tu
362 3610 421 3659 binc
438 3610 496 3658 inde
524 3610 761 3659 demonstrationum
787 3614 860 3674 stqne
879 3611 1073 3673 explicationem
1094 3617 1194 3659 tuarum
1212 3608 1374 3657 nodamenta
1400 3610 1424 3653 et
1440 3605 1509 3667 priu-

171 3677 232 3738 clpia
248 3681 394 3743 constituis,
420 3682 565 3741 praesertim
587 3682 614 3729 iu
632 3678 873 3729 Comment'idartis
891 3685 916 3729 et
932 3680 1103 3737 Harmoniois.
1130 3683 1163 3737 dt¹
1181 3681 1315 3746 quominus
1335 3675 1510 3737 tramspiciam

172 3759 212 3808 ego
227 3762 308 3813 usque
325 3751 353 3798 iu
369 3751 459 3799 intima
476 3751 615 3812 penetralia
631 3749 711 3799 Divae
729 3757 801 3815 tuas,
827 3764 974 3813 pernoscens
991 3752 1063 3800 iliam
1080 3753 1149 3800 intus
1168 3756 1193 3801 st
1210 3752 1237 3800 iu
1254 3755 1311 3797 cute
1329 3746 1441 3809 adeoque
1458 3757 1509 3794 non

171 3819 240 3867 umal
259 3820 374 3883 optarim,
393 3823 417 3868 te
434 3825 543 3869 stentem
559 3822 587 3868 iu
604 3821 651 3869 hsc
668 3820 787 3870 cathedra
804 3834 858 3870 meo
872 3821 926 3871 loco
939 3821 1032 3871 mederi
1049 3821 1149 3871 liuiieri
1166 3822 1204 3870 tni
1222 3817 1332 3881 caligini,
1351 3815 1467 3866 suscitati
1484 3820 1510 3863 ot

171 3888 281 3939 tenebris.
317 3889 406 3954 itaque
423 3902 463 3938 me
481 3889 621 3952 provocasti
638 3888 672 3939 ed
690 3891 843 3956 colloquium
861 3891 998 3941 literarium
1016 3892 1063 3940 hoc
1082 3890 1197 3955 consilio,
1225 3895 1254 3938 ut
1271 3892 1349 3953 esset,
1370 3898 1444 3950 quem
1462 3884 1508 3933 do-

171 3968 239 4024 ceres,
257 3972 334 4025 quem
350 3959 465 4020 fingendo
483 3974 639 4025 recoqueres3
659 3974 689 4010 eu
706 3974 747 4009 me
764 3961 819 4025 tibi,
838 3966 927 4010 nactus
945 3976 971 4010 es
984 3963 1122 4027 materiam,
1140 3961 1240 4025 qualem
1252 3959 1362 4006 volebas.
1398 3954 1441 4004 Sin
1460 3956 1509 4003 mi·

171 4038 213 4077 uus
230 4030 280 4079 boe
297 4031 367 4095 egis,
385 4034 414 4078 ut
429 4030 483 4092 ipse
501 4042 532 4079 ex
549 4044 588 4080 me
605 4029 695 4079 audias
712 4029 810 4095 aliquid
827 4031 875 4079 tibi
893 4044 984 4080 novum
1001 4036 1046 4079 aut
1063 4037 1087 4079 te
1105 4031 1219 4092 dignum,
1247 4040 1338 4094 quaere
1355 4026 1403 4074 tibi
1421 4025 1508 4089 alium,

173 4109 212 4158 svo
228 4113 280 4149 nou
298 4113 353 4148 sum
371 4098 446 4161 domi,
464 4114 509 4148 uec
526 4102 577 4149 seio
595 4106 700 4149 noctuae
718 4102 836 4151 Athenas.
873 4099 1111 4151 Goudeseensiouem
1133 4105 1216 4165 tuam,
1234 4105 1263 4148 nt
1280 4111 1362 4162 rocas,
1380 4108 1429 4143 non
1448 4107 1509 4147 saue

172 4180 272 4237 respuo,
299 4175 337 4217 est
354 4170 419 4219 enim
437 4170 545 4219 finitima
566 4170 789 4233 anthropopathiae
806 4171 988 4237 theologorum,
1015 4177 1040 4220 et
1056 4173 1133 4220 babet
1156 4173 1280 4231 scriptura
1297 4166 1422 4228 exempla,
1451 4180 1468 4213 a
1484 4168 1509 4213 te

172 4236 222 4299 ipso
240 4238 362 4307 producta
378 4241 406 4287 iu
423 4241 520 4301 egregio
538 4245 581 4288 tuo
595 4241 658 4289 iibro
677 4240 707 4288 de
719 4240 799 4290 Stella
812 4239 890 4306 Nova,
909 4243 953 4306 qui
964 4241 1026 4289 mihi
1039 4242 1186 4304 principium
1199 4240 1255 4303 init,
1274 4239 1360 4288 oculos
1372 4235 1509 4300 aliquando

173 4307 224 4369 pins
243 4310 301 4358 aliie
319 4309 447 4372 aperiendi
469 4310 497 4357 iu
522 4302 691 4371 philosophis,
716 4310 762 4358 etsi
787 4309 830 4358 din
852 4310 899 4358 sim
923 4311 1030 4359 lumstue
1053 4322 1110 4360 enm
1136 4310 1321 4372 praeconceptis
1340 4307 1509 4372 opinionibus,

172 4381 310 4438 musertim
327 4380 392 4429 ciros
409 4380 459 4427 vim
479 4395 590 4445 sperasse
607 4380 750 4428 sublunaris
766 4379 862 4429 mundi.
896 4380 999 4429 Interim
1016 4386 1108 4445 meren,
1127 4380 1194 4445 quod
1213 4380 1286 4439 vulgo
1304 4377 1355 4426 dici
1374 4377 1445 4442 sciet,
1464 4377 1509 4425 he·

173 4449 238 4497 reice
254 4448 322 4501 iacta
339 4462 391 4498 non
408 4463 461 4499 esee
478 4454 568 4499 temne
585 4449 748 4499 habandein
766 4452 975 4513 consequentiam,
997 4449 1024 4499 id
1042 4452 1118 4500 etiam
1135 4451 1182 4499 boc
1199 4450 1254 4498 loco
1272 4445 1451 4498 effendendum
1466 4449 1508 4508 iu·

175 4516 237 4583 dico,
259 4533 291 4567 ue
308 4518 373 4567 forte
390 4518 564 4568 condescensio
584 4520 630 4567 iila
647 4533 691 4568 seu
710 4521 792 4581 potins
809 4519 957 4569 indiscretus
975 4534 1046 4569 amor
1064 4526 1089 4569 et
1105 4517 1198 4569 stolida
1218 4533 1249 4568 ac
1265 4523 1423 4583 praepostera
1440 4514 1510 4564 illins

174 4588 305 4655 mesano,
329 4602 379 4637 uno
401 4590 501 4638 nomine
526 4590 655 4639 curiositas
679 4593 750 4638 exeat
772 4590 803 4638 sd
827 4590 973 4638 tentandum
995 4590 1084 4640 Deum.
1120 4589 1173 4637 Rex
1197 4595 1299 4654 uterque
1325 4589 1461 4650 Aegyptius
1485 4592 1510 4634 et

174 4654 308 4707 Oiaidaeus
331 4656 450 4723 illiusque
475 4660 589 4708 oiticiarii
609 4658 702 4721 loseph
727 4666 751 4708 et
767 4658 855 4708 Daniel
878 4662 971 4720 iactare
994 4664 1119 4724 poterent,
1144 4658 1224 4707 Deum
1246 4659 1295 4707 sibi
1314 4655 1509 4709 condescendere

173 4740 201 4777 se
215 4742 267 4779 esse
283 4730 393 4779 visiones
407 4734 436 4777 et
451 4730 551 4778 somnia
567 4744 612 4778 sua
629 4742 763 4794 eorumque
780 4730 996 4791 interpretationes
1014 4732 1170 4788 Oeensem
1192 4729 1299 4795 ideoque
1323 4729 1452 4789 indulgere
1470 4726 1509 4774 bis

173 4802 195 4846 st
210 4799 257 4847 niti
273 4799 445 4864 probabiliter,
462 4800 514 4848 imo
532 4798 695 4849 confidenter:
714 4803 783 4848 erant
800 4801 866 4848 enim
885 4800 1021 4850 conformia
1038 4800 1164 4849 vocationi
1176 4813 1234 4849 suae
1248 4800 1280 4850 de
1292 4801 1331 4849 his
1344 4801 1425 4862 rebus,
1444 4809 1509 4860 quse

174 4866 202 4915 sd
218 4870 328 4931 ipsorum
347 4883 431 4919 curem
449 4868 608 4931 pertinebant
625 4875 673 4922 ete.
708 4868 941 4934 Galendsriopraphi
958 4874 1039 4919 sutem
1058 4882 1091 4918 an
1108 4869 1142 4918 ad
1157 4869 1205 4920 boc
1222 4870 1289 4922 idem
1307 4876 1351 4920 sut
1367 4869 1447 4919 vocati
1459 4867 1509 4915 siut

1310 4974 1354 5032 5st
