3882 5862
757 419 842 481 Liber
859 417 908 477 nt
931 418 1096 490 connexu.
1541 432 1605 497 tor

248 602 395 663 tricorum.
439 602 572 677 Namiu
604 603 766 665 cceeutrico
796 601 913 678 quidem
941 602 1126 689 superiorum
1147 605 1244 663 motus
1273 607 1336 663 eret
1356 599 1484 678 tardor,
1515 602 1605 681 Solis,

249 687 383 763 Veneris,
407 688 543 751 Mercurii
565 700 663 751 motus
686 689 875 764 velocissimi,
899 696 1022 767 excepto
1045 686 1166 763 Lunae,
1194 690 1224 745 in
1248 689 1382 768 epicycle
1407 708 1477 751 vcro
1500 691 1606 753 Satur·

246 793 302 835 uus
331 794 483 854 supremus
513 778 716 839 velocissimus
748 784 793 836 est
819 779 1017 855 superiorum,
1047 774 1128 836 Mars
1155 775 1349 838 tardissimus.
1397 777 1536 839 Vicissim
1568 798 1605 843 ex

176 930 185 939 ¹
248 864 432 925 inferioribus
458 865 558 926 Venus
581 867 714 942 superior
738 871 782 925 est
804 863 915 924 tardior
936 862 1082 925 Mercurio
1096 860 1312 939 interiorivffl).
1358 865 1452 938 Igitur
1478 876 1509 926 ut
1524 870 1604 949 prius

247 950 397 1028 epicyclus
420 960 450 1012 et
471 952 523 1013 alii
545 952 712 1014 secundarii
742 952 827 1012 orbes
852 952 1097 1028 comparabantur
1129 950 1246 1010 chordis
1278 952 1460 1012 secundariis
1489 963 1518 1013 ct
1538 972 1605 1015 uro-

248 1037 365 1112 bilibus,
383 1040 431 1115 ,sic
453 1058 532 1099 nunc
553 1050 686 1101 motuum
709 1041 833 1099 variatio
856 1038 1019 1118 epieyelica
1040 1039 1307 1115 repraesentabitur
1332 1040 1604 1117 perpulsatiouem

246 1125 369 1185 illarum.
390 1127 543 1189 mobilium
573 1122 816 1209 ehadarumss).
862 1126 900 1185 Et
928 1134 961 1187 ut
990 1143 1079 1205 supra
1103 1126 1291 1203 planetarum
1321 1129 1350 1184 iu
1374 1145 1480 1205 genere
1512 1130 1603 1188 iuter·

244 1212 327 1272 vulla
349 1217 490 1289 maxima,
514 1219 650 1290 minima,
673 1214 832 1284 mediocria
860 1214 1018 1291 generibus
1042 1222 1144 1273 cautus
1176 1214 1269 1273 tribus
1292 1214 1526 1291 respondebant,
1561 1219 1604 1277 sic

245 1316 323 1359 nune
345 1303 527 1379 singulorum
550 1313 647 1363 motus
671 1301 834 1381 cpicyclici,
858 1303 964 1378 quibus
987 1309 1137 1363 mutantur
1152 1293 1317 1375 intervalla,
1341 1304 1494 1381 aptissime
1513 1313 1603 1379 pote·

244 1396 310 1447 runt
333 1392 547 1450 accommodari
577 1391 614 1451 ad
638 1389 740 1451 cadem
763 1406 887 1467 genera,
918 1407 982 1449 cum
1005 1387 1062 1448 hoc
1085 1386 1267 1463 discrimine,
1301 1395 1334 1447 ut
1360 1405 1484 1467 quorum
1505 1400 1602 1452 motus

243 1477 420 1553 epicyclieus
449 1479 542 1555 major
567 1488 611 1538 est
634 1486 717 1537 motu
740 1478 901 1538 eceentrieo
924 1477 1113 1555 reversisque
1138 1478 1168 1534 iu
1190 1475 1322 1554 epicyclo
1346 1476 1482 1552 celerior,
1514 1495 1604 1554 quam

245 1565 273 1620 iu
297 1565 476 1645 eccentrieo,
500 1569 520 1623 ii
543 1573 746 1643 comparentur
768 1566 868 1641 generi
891 1563 1054 1637 diatonico;
1080 1565 1151 1641 quia
1173 1566 1261 1629 etium
1284 1567 1313 1621 in
1337 1563 1389 1627 illo
1413 1566 1601 1629 intervallum

243 1650 395 1725 quodlibet
417 1654 594 1713 tetrachordi
620 1656 786 1715 miuusest
813 1651 923 1755 iunctis
947 1651 1062 1711 duobus
1085 1650 1221 1726 reliquis;
1253 1666 1377 1726 quorum
1409 1670 1478 1733 verq
1499 1662 1598 1717 motus

174 1760 178 1767 ¹
242 1737 418 1814 epicyclicus
440 1743 550 1815 minor,
580 1745 708 1801 reversio
732 1740 841 1800 tardior
863 1739 901 1798 ob
925 1736 1156 1814 magnitudinem
1186 1738 1326 1816 epreycli,
1357 1741 1400 1799 eis
1421 1758 1519 1815 genus
1541 1759 1597 1800 eu·

241 1823 424 1885 barmonium
446 1822 546 1902 detur,
574 1831 603 1885 iu
627 1845 685 1903 quo
708 1831 797 1887 ctiam
820 1825 1008 1885 intervallum
1022 1842 1122 1907 unum
1145 1824 1321 1885 tetrachordi
1343 1835 1464 1904 superat
1490 1827 1597 1904 junctu

196 1952 199 1961 .
241 1913 355 1988 reliqua
379 1912 454 1991 duo;
485 1933 608 1993 quorum
632 1916 757 1991 deniqne
778 1916 907 1974 reversio
930 1913 1065 1989 aequalis
1095 1914 1125 1971 iu
1148 1921 1290 1989 utroque,
1322 1930 1376 1972 seu
1396 1917 1495 1992 potius
1529 1918 1595 1993 epl'-

242 1999 341 2077 cyclus
365 2001 479 2079 trullus,
511 2004 561 2081 qui
584 2006 687 2064 ceteris
710 2000 896 2080 peculiariter
917 2001 960 2060 sic
983 2000 1068 2061 dictis
1096 2008 1128 2060 et
1155 2003 1298 2079 superiori
1320 2008 1403 2077 parte
1433 2006 1463 2058 in
1487 2020 1595 2065 conse·

242 2090 363 2163 quentia
384 2091 472 2147 motis
494 2081 686 2167 respondent,
708 2091 729 2147 ii
752 2106 784 2149 se
808 2091 954 2148 associent
977 2086 1170 2162 chromatico,
1199 2091 1230 2147 iu
1253 2104 1310 2165 quo
1334 2088 1512 2169 tetrachordi
1536 2089 1595 2161 duo

243 2174 398 2235 intervalla
424 2176 529 2253 juncte
555 2185 623 2237 sunt
653 2174 790 2254 aequalia
811 2176 934 2251 reliquo.
979 2175 1029 2236 Sic
1059 2177 1147 2250 igitur
1178 2173 1358 2255 diatonicum
1380 2193 1474 2253 genus
1503 2176 1595 2239 habet

242 2261 407 2333 Saturnum
429 2262 539 2325 dorem
562 2274 591 2325 et
613 2264 800 2336 Mercurium,
824 2265 895 2340 quia
918 2262 1021 2322 horum
1044 2262 1169 2340 epicyeli
1191 2264 1319 2322 minores
1334 2272 1404 2322 suot
1425 2272 1455 2323 et
1470 2264 1594 2329 celerius

241 2352 449 2423 restituuntur,
481 2369 568 2429 quam
591 2353 787 2425 eeceutricus;
812 2351 1048 2411 enharmoninmr
1079 2349 1256 2433 Murtemct
1279 2350 1440 2424 Venerem,
1471 2354 1541 2427 quia
1563 2352 1594 2413 hi

242 2439 385 2507 maximos
408 2440 556 2517 epicyelos
579 2440 689 2499 babent
711 2447 740 2497 et
762 2438 872 2498 tardius
895 2437 1097 2512 revolventes,
1122 2454 1216 2513 quum
1233 2439 1406 2512 assentiret,
1435 2437 1594 2507 chromati-

242 2541 307 2582 cum
330 2524 472 2603 denique:
502 2526 602 2587 Solem
625 2534 654 2586 et
677 2525 807 2596 Lunam,
837 2528 923 2602 quis.
940 2523 1080 2603 epicyclis
1103 2524 1229 2598 talibus,
1260 2528 1310 2601 qui
1342 2527 1483 2603 superiori
1512 2536 1595 2603 parte

240 2622 415 2671 moveantur
437 2616 466 2670 in
489 2615 708 2693 consequentia,
732 2604 849 2673 omnino
872 2610 1030 2688 cercrrtx).
1065 2611 1230 2689 ‘Propertio
1261 2611 1379 2689 quidem
1410 2602 1507 2675 mo'tus
1529 2615 1595 2691 epi·

242 2699 343 2775 cyclici
367 2700 404 2758 ab
428 2717 561 2777 apogaeo
585 2701 623 2761 ad
645 2708 756 2761 motum
780 2703 974 2763 eceeutricum
995 2718 1015 2758 e
1036 2700 1102 2758 lixis
1126 2700 1229 2759 eadem
1252 2709 1297 2759 est
1317 2703 1346 2758 in
1360 2700 1493 2777 siugulis,
1518 2718 1595 2781 quae

242 2789 352 2847 numeri
377 2788 592 2848 revolutionum
623 2788 848 2867 epinyclioerurn
876 2788 915 2849 ad
936 2805 1090 2849 numerum
1111 2785 1330 2859 revolutionum
1353 2791 1593 2851 ecccnutcamm:

243 2872 415 2933 inSaturuo
441 2876 479 2934 57
505 2876 543 2935 ad
567 2880 596 2949 2,
619 2875 742 2943 indeve
768 2877 807 2937 65
831 2874 869 2937 ad
894 2876 921 2949 6,
945 2876 974 2932 iu
990 2874 1087 2934 Marte
1103 2875 1142 2932 37
1160 2872 1198 2935 ad
1215 2876 1266 2947 tu,
1290 2876 1318 2932 in
1336 2874 1451 2935 Venere
1474 2875 1546 2937 dud
1563 2877 1592 2951 8,

243 2962 271 3019 in
295 2960 440 3022 Mercurio
467 2964 537 3039 145,
551 2962 588 3023 sd
612 2964 669 3038 46,
694 2965 792 3022 omnia
814 2969 1056 3040 praeterpropter.
1100 2961 1205 3037 Itaque
1236 2972 1352 3038 propter
1374 2961 1428 3029 ltus
1459 2963 1594 3039 singulu-

207 3086 213 3095 ,
242 3066 305 3106 rum
335 3052 538 3125 proportiones
567 3049 664 3110 locum
699 3052 788 3110 etiam
816 3051 864 3110 irie
891 3049 980 3111 babet
1012 3050 1192 3126 comparatio
1224 3065 1289 3108 eum
1323 3050 1414 3113 variis
1445 3051 1593 3110 sonituum

240 3136 316 3211 bigis
327 3132 379 3213 ¹¹).
972 3202 979 3215 ,

326 3221 464 3300 Sequitur
486 3227 588 3284 tertius
611 3222 715 3287 modus
739 3222 989 3295 considerationis,
1012 3226 1042 3281 in
1065 3239 1125 3300 qua
1143 3223 1307 3299 junguntur
1329 3224 1449 3284 effeetus
1468 3225 1593 3303 epicycli

122 3368 129 3389 ι
242 3317 271 3369 ct
293 3312 459 3385 eccentrici,
482 3312 573 3388 fitquc
597 3314 671 3371 ratio
696 3310 782 3371 valde
804 3309 967 3387 multiplex.
1010 3309 1177 3370 Nemeum
1204 3310 1341 3387 planctae
1364 3310 1436 3371 fiant
1464 3314 1494 3370 in
1517 3329 1592 3390 apo·

216 3414 315 3472 -gueo
339 3401 492 3458 eccentriei
511 3400 690 3478 tardissimi,
722 3400 750 3455 iu
774 3415 906 3475 apogaeo
931 3397 1053 3475 epicycli
1077 3397 1270 3472 velocissimi,
1302 3401 1481 3476 compositus
1504 3400 1593 3477 igitur

241 3494 340 3544 motus
362 3503 421 3545 ocu
445 3487 568 3547 efficitur
590 3486 809 3559 velocissimus,
841 3492 965 3563 utroque
989 3480 1261 3563 apogaco'juucto,
1284 3486 1337 3547 scd
1360 3498 1445 3558 tuuc,
1467 3488 1493 3544 si
1515 3503 1591 3564 apo-

214 3590 345 3649 gaeum
369 3572 492 3651 epinycli
520 3584 549 3634 et
572 3577 741 3651 perigaeum
763 3575 922 3645 secennici
947 3574 1124 3643 sociantur..
1151 3573 1348 3635 Tardissimus
1377 3590 1446 3636 vero
1469 3590 1591 3651 compo-

239 3662 361 3719 sitorum
390 3661 496 3721 desinit
525 3662 660 3721 omnibus
688 3661 851 3736 aequaliter
881 3663 910 3718 in
939 3662 1097 3720 stationem
1118 3678 1228 3723 meram
1255 3659 1382 3737 indeque
1411 3663 1590 3721 convertitur

240 3749 268 3803 iu
291 3740 586 3824 retrogradationem‚
610 3747 684 3809 adeo
709 3759 755 3821 ut,
780 3766 846 3807 eum
867 3748 988 3824 planeta
1011 3754 1056 3807 est
1078 3749 1107 3805 in
1130 3755 1294 3809 rcuoeesm
1317 3748 1536 3817 velocissimus,
1559 3746 1591 3807 id

236 3833 449 3911 quadamtenus
470 3834 647 3913 respondeat
668 3834 798 3895 tarditati
823 3836 1204 3897 omniumremississimae.
1248 3834 1404 3913 Estigitur
1425 3834 1486 3895 alia
1508 3853 1590 3895 com-

236 3924 351 3997 paratio
380 3924 632 3983 velocissimorum
660 3921 850 3996 directorum,
885 3922 945 3982 alia
971 3921 1222 3998 retrograderetur.
1252 3921 1312 3982 alia
1343 3922 1589 3983 intermediorum.

237 4008 296 4071 Sed
318 4027 383 4069 eum
406 4013 515 4070 sintin
538 4013 668 4086 quinque
690 4010 817 4086 planetis
836 4011 946 4087 gemini
970 4009 1164 4082 velocissimi,
1187 3996 1428 4071 secundum‘duo
1452 4012 1590 4087 opposita

237 4095 302 4155 locu
325 4099 487 4169 eceentrici,
512 4100 540 4154 in
563 4096 755 4157 luminaribus
778 4103 891 4156 tentum
905 4114 980 4159 unns
995 4096 1206 4169 velocissimus,
1230 4097 1441 4174 retrogradatio
1460 4099 1588 4159 statiovo

237 4184 333 4256 nulla,
358 4192 441 4262 patet
462 4185 541 4263 quod
563 4186 654 4244 missu
676 4182 940 4259 retrogradatione,
972 4185 1099 4261 statione
1120 4193 1151 4243 et
1174 4185 1226 4244 illa
1248 4183 1434 4247 multitudine
1456 4193 1590 4245 motuum

237 4272 472 4332 internodiorum
495 4290 589 4350 usque
612 4271 650 4331 ad
673 4275 839 4346 stationem,
864 4271 1022 4331 debeamus
1046 4269 1178 4350 planetas
1203 4276 1331 4349 quinque
1355 4273 1428 4332 inter
1450 4290 1482 4332 se
1505 4289 1587 4332 com-

237 4376 340 4434 parare
363 4376 452 4419 causa
477 4360 727 4421 velocissimorum
750 4366 881 4432 tantum,
905 4368 934 4419 et
957 4365 1101 4434 quatenus
1123 4361 1143 4416 ii
1167 4358 1314 4436 finguntur
1335 4377 1449 4438 semper
1472 4377 1535 4419 csse
1559 4361 1589 4419 in

239 4463 372 4524 apogaeo
396 4447 520 4525 epicyeli
534 4445 601 4523 1ΠΙ).
646 4447 731 4506 Tune
753 4464 853 4521 porum
875 4456 973 4505 motus
997 4444 1090 4504 diurni
1113 4456 1289 4524 apparentes
1317 4447 1373 4509 sub
1395 4445 1519 4509 zodiaco
1542 4446 1588 4507 his

238 4537 372 4595 extremis
396 4535 577 4613 explicantur
598 4537 741 4595 numeris:
766 4533 885 4595 Saturni
907 4531 1024 4611 quidem
1049 4535 1122 4595 iuter
1146 4539 1162 4593 7
1187 4536 1251 4594 etii
1274 4536 1387 4597 musta
1410 4535 1496 4596 unius
1517 4551 1588 4611 gra·

237 4619 306 4695 dus,
333 4620 421 4681 Jovis
445 4624 518 4681 inter
543 4624 580 4680 13
606 4631 636 4681 et
660 4624 714 4697 18,
743 4620 848 4681 Martis
869 4622 945 4680 iuter
968 4623 1008 4680 39
1033 4624 1144 4697 etbd,
1177 4623 1299 4685 Veneris
1320 4625 1395 4683 iuter
1419 4624 1458 4681 73
1482 4630 1512 4682 et
1535 4624 1585 4696 76,

236 4706 373 4768 Mercurii
395 4711 470 4769 inter
493 4710 533 4768 90
557 4718 585 4768 et
610 4709 670 4768 135
694 4711 817 4768 circiter.
863 4707 978 4784 Quibus
1001 4708 1077 4768 addc
1100 4715 1196 4771 motus
1211 4708 1290 4768 Solis
1313 4711 1386 4769 iuter
1409 4710 1447 4768 57
1473 4718 1502 4768 et
1524 4706 1586 4784 61¹,

236 4794 339 4873 Lunae
362 4798 435 4855 inter
461 4797 496 4854 ll
523 4804 553 4853 et
579 4798 615 4855 15
640 4795 758 4872 padus.
802 4796 907 4873 Itaque
929 4796 1047 4873 iupiter
1069 4794 1159 4873 duplo
1183 4796 1305 4856 celerior
1327 4813 1392 4859 aare
1414 4802 1513 4873 polest
1528 4795 1588 4857 Sa·

236 4890 336 4963 toruo,
368 4900 427 4961 quo
456 4881 546 4945 modo
575 4884 648 4944 haec
671 4884 741 4962 biga
763 4883 978 4965 comparabitur
1001 4901 1068 4943 eum
1088 4885 1280 4947 consonantia
1306 4885 1460 4963 diapason.
1506 4883 1586 4967 Mars

288 5002 383 5056 chlerl
395 5003 471 5059 opera
483 5002 510 5046 V.
789 5002 793 5015 ¹
1389 4989 1430 5051 26
