3882 5862
835 372 974 443 Arciotis·
1517 385 1581 445 tte

230 551 365 613 naturali
387 557 417 613 et
438 554 598 630 conspicua
619 544 690 611 nota
713 551 881 629 dispungas,
904 549 955 613 sed
979 551 1009 611 in
1024 551 1226 631 dispungendo
1241 572 1320 615 mero
1336 557 1427 617 utaris
1450 557 1579 632 arbitrio,

233 640 305 698 milri
327 647 426 717 partes
449 643 635 700 terminorum
664 642 739 699 inter
760 657 793 697 aa
816 648 1050 716 comparatorum
1079 659 1130 718 per
1152 659 1183 700 se
1213 643 1309 717 ipsas,
1339 646 1402 703 sine
1425 645 1580 704 arbitraria

231 727 377 787 divisione
400 730 459 786 aiut
482 730 666 804 conspicuae.
712 727 805 803 Igitur
826 726 883 785 boc
900 729 950 784 215
974 736 1064 798 textu,
1089 728 1158 786 ditm
1180 727 1209 787 ld
1224 732 1319 807 ipsum
1342 733 1449 807 incipio
1473 732 1580 812 dicere,

217 806 262 873 'tu
285 814 478 897 stomacharis
501 816 594 877 veluti
616 833 704 891 super
726 816 958 890 importunitate
979 825 1065 887 meat
1090 818 1214 891 aoqique
1235 824 1263 876 te
1284 820 1328 876 ais
1352 818 1395 878 ad
1415 819 1579 896 defenden-

139 966 145 975 ,
231 902 305 961 dant
327 902 506 978 diqnitatcm
529 905 730 979 quaternarii.
776 902 949 979 Egonero,
983 905 1037 961 etsi
1060 919 1117 962 non
1141 920 1261 978 possam
1285 905 1389 979 aliter,
1413 923 1501 982 quam
1527 926 1579 968 re-

231 991 328 1048 norari
350 993 501 1067 mysteria,
524 1007 600 1066 quae
623 1001 654 1048 tu
679 991 726 1049 bic
749 1009 784 1049 ex
806 988 994 1066 philosophia
1010 989 1210 1066 Pythagorica
1233 993 1342 1069 promis
1365 1010 1459 1068 exque
1474 994 1580 1053 cabala
1680 1060 1683 1074 1

229 1075 447 1151 Hebraeorum,
481 1094 539 1135 non
563 1080 698 1137 existimo
722 1090 819 1136 tamen
842 1087 870 1135 te
894 1084 1027 1135 coactum
1050 1094 1069 1135 a
1091 1095 1138 1136 me
1162 1081 1274 1153 potius,
1303 1096 1391 1157 quam
1413 1082 1578 1155 invitatum,

229 1181 283 1223 nac
304 1166 425 1223 invenio
450 1164 618 1240 quidquam,
643 1164 722 1239 quod
745 1166 957 1240 comparationi
979 1178 1062 1227 meaa
1086 1163 1203 1224 officiat.
1249 1166 1302 1225 Est
1330 1168 1448 1227 omnino
1472 1186 1579 1243 magna

230 1254 408 1327 quaternarii
432 1251 576 1327 dignitas,
607 1262 638 1310 nt
659 1252 715 1310 hac
737 1269 795 1310 non
819 1252 955 1310 obstante
982 1254 1071 1310 eitum
1102 1261 1199 1313 tamen
1232 1254 1261 1317 in
1285 1263 1336 1312 tuo
1365 1256 1421 1313 luit
1448 1255 1579 1334 arbitrio,

230 1338 359 1398 dividere
386 1339 550 1414 subjectum
582 1339 702 1415 aliquod
731 1340 933 1398 harmonicum
967 1338 1013 1398 rel
1045 1341 1073 1396 in
1103 1348 1229 1415 quatuor
1260 1340 1307 1398 vel
1338 1344 1426 1400 etiarn
1446 1343 1487 1411 in
1510 1345 1574 1402 tria.

231 1426 298 1485 Non
326 1427 403 1485 enim
426 1429 516 1486 uteris
544 1427 657 1503 ubique
683 1426 828 1485 divisione
855 1427 1056 1501 quaternaria,
1088 1426 1232 1486 interdum
1261 1429 1313 1487 tibi
1336 1427 1435 1506 placet
1464 1439 1494 1488 et
1517 1437 1578 1489 ter·

231 1517 322 1587 naria,
347 1522 380 1572 ut
401 1516 535 1589 sequenti
559 1523 640 1575 textu
664 1516 715 1575 22.
739 1513 845 1572 indico.
892 1511 971 1586 Quid
994 1515 1020 1571 ai
1042 1530 1098 1588 ego
1125 1523 1222 1573 tecum
1253 1533 1288 1572 cx
1312 1518 1370 1595 tpis
1399 1517 1491 1592 ipsius
1516 1517 1578 1575 die-

231 1612 334 1677 putum
356 1601 525 1679 principiis?
570 1602 616 1660 Au
641 1603 695 1661 erit
716 1594 787 1661 mibi
810 1599 927 1659 difficile
951 1601 1083 1678 probare,
1107 1610 1135 1660 te
1150 1597 1214 1660 bac
1236 1601 1355 1677 quidem
1378 1607 1443 1663 rice
1465 1621 1579 1680 nequa·

228 1691 493 1765 querarespcxisse
508 1693 599 1766 primo
616 1688 654 1748 ad
673 1688 845 1765 dignitatem
862 1690 1047 1763 quaternarii,
1073 1687 1141 1747 dum
1158 1696 1284 1765 quatuor
1299 1690 1407 1764 gradus
1423 1693 1579 1768 opacitatis

228 1776 358 1847 uxtnues,
383 1776 437 1835 sed
458 1776 624 1841 immediate
647 1775 685 1835 ad
708 1785 858 1832 numerant
882 1775 1092 1836 elomentorum
1112 1776 1353 1851 quaternarium?
1396 1778 1471 1838 Nam
1489 1779 1578 1855 quid-

228 1863 299 1939 quid
328 1872 373 1922 est
400 1866 430 1921 iu
458 1881 580 1925 excessu
608 1865 762 1939 opacitatis
794 1871 888 1922 tarrae
918 1880 1005 1940 super
1028 1865 1204 1939 opacitatem
1231 1881 1343 1940 aquae,
1374 1865 1406 1924 id
1427 1874 1498 1943 puto
1522 1869 1576 1926 tibi
1667 1882 1674 1893 ·
1784 1904 1788 1911 ·

230 1969 294 2009 esse
317 1950 442 2025 gradum
464 1962 610 2029 quartum,
634 1950 777 2027 quidquid
800 1948 865 2026 plus
889 1952 918 2006 iu
932 1968 1011 2025 aqua
1034 1967 1122 2025 quam
1139 1953 1168 2011 in
1184 1954 1260 2022 aire,
1284 1953 1411 2025 tertium,
1431 1954 1579 2030 'quidquid

228 2038 293 2114 plus
317 2040 347 2095 in
370 2041 438 2098 aire
461 2056 549 2115 quam
572 2042 600 2095 in
624 2042 709 2115 igue,
731 2036 906 2108 secundum,
937 2040 1002 2113 ipsa
1023 2054 1094 2096 vero
1117 2039 1194 2112 ignis
1218 2040 1427 2101 tenebrositate
1450 2036 1578 2118 'primum

227 2125 332 2184 definis
355 2125 487 2205 gradum.
531 2126 614 2191 Haec
637 2110 772 2201 equidem
796 2123 943 2195 distinctio
966 2131 1087 2185 naturae
1100 2127 1193 2200 ipsius
1216 2135 1269 2197 eat,
1291 2128 1316 2183 si
1331 2129 1477 2201 ponimus,
1501 2145 1577 2203 qua-

229 2216 391 2273 ternionem
421 2214 502 2273 illum
533 2214 743 2273 elementorum
771 2213 824 2269 niti
854 2221 975 2270 naturae
1004 2213 1163 2289 principiis.
1209 2211 1259 2271 Sic
1281 2215 1356 2273 euim
1387 2216 1474 2274 etiarn
1498 2214 1577 2292 apud

208 2317 277 2359 ‘mo
302 2300 423 2358 diurnus
445 2301 583 2376 planetae
611 2309 709 2359 motus
732 2314 789 2358 non
813 2301 946 2375 seipso,
979 2298 1031 2357 sed
1054 2301 1273 2377 comparatione
1302 2300 1340 2359 ad
1362 2310 1473 2363 motum
1502 2302 1578 2361 alte-

221 2390 287 2446 rius
311 2396 407 2465 partes
431 2391 549 2449 sortitur
572 2395 707 2463 quatuor,
732 2396 800 2445 tunc
822 2387 949 2460 scilicet,
984 2403 1049 2445 cum
1073 2404 1211 2447 excessus
1234 2389 1320 2445 unius
1342 2405 1430 2465 super
1452 2387 1577 2453 alterum

226 2484 271 2533 ter
301 2477 464 2535 continetur
495 2476 525 2533 in
554 2475 645 2537 altero
677 2482 787 2534 exacte.
835 2475 873 2533 At
903 2475 1031 2533 vicissim
1057 2476 1144 2535 etiam
1174 2475 1305 2551 expende
1334 2478 1462 2535 rationes
1485 2494 1577 2549 meas,

226 2564 335 2637 quibus
363 2562 439 2623 hanc
468 2566 692 2637 quaternitatem
722 2560 865 2637 ganeum
893 2560 1031 2621 refellam.
1085 2560 1214 2623 Primum
1246 2561 1391 2623 elementa
1420 2580 1577 2641 corporum

163 2702 166 2709 .
226 2667 284 2708 non
308 2658 376 2709 sunt
399 2660 540 2725 quatuor,
570 2653 671 2733 nititur
694 2666 831 2708 numerus
855 2651 909 2707 iste
934 2648 1088 2708 Platonica
1117 2650 1213 2727 potius
1240 2649 1492 2725 symbolisatione,
1530 2651 1578 2711 uel

228 2737 415 2796 Aristotelian
438 2736 618 2811 qualitatum
644 2738 876 2807 combinatione,
907 2737 961 2794 nisi
986 2735 1056 2811 quid
1079 2734 1159 2793 alind
1191 2737 1289 2810 ignem
1311 2737 1456 2811 dicamus,
1489 2755 1578 2815 quam

229 2824 320 2898 illum,
345 2826 396 2900 qui
418 2823 586 2902 depascitur
608 2841 738 2903 corpora
782 2823 845 2883 Nec
868 2840 934 2882 mea
955 2832 1000 2880 est
1022 2825 1143 2883 novatio
1166 2824 1232 2895 ista,
1258 2818 1379 2898 negauit
1402 2824 1479 2885 idem
1503 2825 1577 2885 Car·

227 2910 321 2971 danus
349 2918 417 2975 ante
448 2930 494 2971 me
524 2911 666 2987 multique
695 2911 754 2970 alii.
809 2910 841 2973 Si
871 2911 1113 2986 compositionem
1144 2911 1327 2995 respicimus,
1368 2930 1404 2971 ex
1441 2921 1518 2971 tarra
1548 2920 1579 2972 et

111 3056 121 3067 ,
227 3015 307 3076 aqua
329 3004 465 3058 conatam
487 2997 652 3059 artificialia
679 3001 835 3074 pleraque,
864 3004 909 3055 est
929 2998 980 3063 ubi
1003 3000 1092 3055 etiam
1116 3014 1151 3057 ex
1174 3001 1255 3068 aire,
1287 3000 1413 3075 exigna
1438 2998 1511 3056 nibil
1534 2999 1577 3072 fit,

228 3086 280 3145 aed
308 3087 384 3162 iguis
412 3090 510 3146 omnia
538 3088 691 3157 consumit.
737 3085 937 3160 Quaecunque
965 3087 1092 3158 vestigia
1114 3086 1179 3159 quis
1210 3086 1286 3159 ignis
1316 3093 1478 3155 monstrare
1507 3086 1579 3144 velit

227 3177 258 3233 in
280 3173 478 3246 naturalibus,
510 3192 545 3233 ea
568 3175 678 3234 formae
701 3175 799 3248 potius
822 3181 872 3230 aut
895 3173 1010 3231 animae
1032 3180 1116 3244 aaut,
1150 3188 1226 3246 qaae
1248 3190 1308 3232 non
1331 3182 1375 3233 cat
1401 3172 1578 3232 elementum

231 3278 403 3338 corporeum
435 3262 485 3323 uel
511 3264 709 3325 materiatum,
743 3268 775 3318 ut
803 3267 879 3317 terra
908 3258 955 3319 vcl
983 3277 1070 3335 aqua.
1123 3257 1174 3318 Sin
1202 3277 1272 3319 vero
1303 3260 1340 3319 ad
1369 3260 1577 3321 resolutionem

229 3351 346 3427 venitur
373 3366 529 3424 corporum
552 3347 737 3417 naturalium,
757 3345 951 3423 jamdudum
975 3347 1098 3418 Arabes,
1122 3346 1318 3422 chymicornm
1343 3354 1457 3407 tuorum
1481 3348 1578 3424 majo-

227 3454 291 3508 res,
324 3438 381 3497 tria
404 3446 588 3512 agitaverunt
609 3436 765 3512 principia:
793 3433 853 3506 sal,
883 3433 1006 3512 sulphur
1028 3443 1057 3492 et
1079 3435 1268 3507 mercurium,
1297 3444 1381 3511 puto,
1405 3426 1523 3497 sensum
1548 3438 1577 3492 in

230 3524 288 3583 boc
312 3533 430 3583 secutos
454 3527 627 3583 mercurium
650 3523 767 3592 dixisse,
792 3520 930 3597 quicquid
955 3521 1083 3587 exhalat,
1107 3519 1186 3595 quod
1203 3521 1355 3580 odoratum
1377 3522 1577 3595 morem-sul·

228 3611 316 3689 phur,
341 3628 401 3685 quo
424 3613 553 3687 pascitur
575 3611 706 3683 flumma;
729 3609 787 3679 sal,
816 3608 895 3683 quod
919 3612 987 3684 po'st
1008 3607 1266 3682 conflagrationem
1291 3608 1398 3669 residet
1419 3611 1449 3665 in
1472 3611 1577 3669 cineri-

228 3701 303 3758 bus:
339 3696 394 3756 llis
417 3700 505 3773 igitur
528 3698 696 3756 auctoribus
720 3698 796 3771 ignis
819 3704 951 3757 vastator
974 3703 1027 3766 est,
1051 3694 1162 3752 divisor
1183 3703 1237 3768 est,
1259 3695 1484 3767 dissolutorem,
1509 3714 1577 3774 pars
1620 3702 1622 3707 ’
1689 3672 1694 3685 ’

229 3787 359 3862 corporis
383 3784 463 3844 haud
486 3794 539 3845 cst
586 3784 681 3845 Multa
703 3785 732 3840 in
755 3782 832 3843 hanc
854 3784 1028 3842 sententiam
1052 3782 1194 3857 disputari
1216 3791 1350 3860 possent,
1380 3800 1456 3858 quae
1479 3792 1575 3841 minen

229 3874 318 3948 bruas
340 3872 398 3931 loci
421 3890 479 3931 non
503 3880 547 3933 est
562 3873 703 3951 prolixius
720 3869 873 3947 explicare.
919 3868 1111 3945 Quaternario
1128 3870 1215 3944 igitur
1232 3870 1441 3937 clementorum
1457 3886 1577 3931 nurnero
1643 3904 1649 3911 -

229 3961 388 4037 dissipato,
418 3959 530 4018 deletur
560 3962 648 4019 etiam
679 3958 826 4017 distinctio
857 3959 914 4016 ista
946 3956 1120 4032 qualitatum
1149 3974 1394 4033 quarumcunque
1418 3960 1447 4013 in
1469 3957 1577 4032 padus

136 4109 139 4113 ,
231 4056 367 4123 quatuor.
414 4046 527 4106 Deinde
551 4049 601 4121 qui
624 4045 732 4122 gradus
755 4044 882 4119 alicujus
904 4044 944 4103 rei
967 4051 1108 4115 numerat,
1135 4043 1160 4100 is
1182 4061 1240 4104 non
1266 4043 1353 4104 debet
1375 4046 1404 4101 in
1427 4061 1578 4114 numerum

232 4136 339 4194 reterre
370 4134 417 4193 rel
439 4137 625 4209 negationem
654 4135 693 4191 rei
717 4150 835 4209 puram,
866 4129 914 4189 vel
940 4131 1084 4191 inlinitum
1108 4132 1268 4207 quippiam.
1317 4132 1356 4190 At
1384 4135 1413 4189 in
1435 4130 1482 4193 his
1510 4134 1577 4205 tuis,
1648 4192 1650 4197 ,
1758 4126 1764 4143 ’

229 4222 371 4293 Robcrte,
402 4220 543 4298 gradibus
572 4221 659 4281 uideo
689 4222 724 4277 in'
748 4229 824 4279 terra
845 4219 1031 4293 negationem
1059 4217 1133 4277 lucis
1155 4236 1276 4291 meram,
1310 4220 1495 4277 obscuritatis
1518 4222 1598 4279 vim'

229 4309 372 4367 infinitam
406 4320 435 4370 et
467 4308 653 4369 illimitatam.
703 4306 769 4369 Hoc
803 4306 920 4384 perinde
954 4314 1011 4377 est,
1041 4322 1077 4364 ao
1109 4309 1135 4364 si
1165 4308 1231 4382 quis
1265 4306 1388 4378 diceret,
1422 4305 1579 4380 cuiuslibet

230 4399 326 4457 lineae
350 4406 408 4456 tres
431 4415 495 4457 esse
520 4406 626 4474 partes,
650 4405 790 4472 puuctum
812 4395 896 4466 initii,
921 4393 1028 4452 lineam
1051 4395 1145 4469 ipsam
1168 4401 1198 4452 et
1221 4402 1359 4470 punctum
1382 4393 1477 4452 finale.
1523 4394 1578 4451 At-

234 4503 292 4560 que
323 4485 411 4560 bajus
442 4485 572 4544 delectus
594 4484 806 4543 contessionem
835 4480 926 4542 veluti
950 4478 1097 4556 quandam
1125 4480 1268 4541 babemus
1299 4484 1327 4539 in
1351 4483 1416 4556 ipsa
1446 4482 1577 4541 oratione

231 4581 300 4645 tua,
332 4589 398 4631 cum
421 4574 465 4631 aia
487 4564 602 4633 umam
623 4574 744 4646 parurn
767 4571 814 4629 uel
835 4569 913 4627 nibil
934 4568 1043 4627 babere
1063 4569 1183 4645 immae
1211 4585 1264 4629 scu
1286 4568 1360 4627 lucu
1388 4568 1524 4643 ciniflone
1544 4570 1579 4629 in

231 4677 270 4719 ec.
317 4657 417 4735 Tertio
448 4660 474 4717 si
507 4660 665 4733 qualitates
696 4660 775 4735 ipsas
797 4673 964 4729 sumamus,
995 4657 1112 4733 ineptae
1135 4655 1204 4719 illae
1227 4657 1411 4717 invenientur
1440 4655 1578 4715 adhunc

232 4748 460 4823 qnatcmarium.
506 4745 537 4804 Si
569 4745 664 4807 lucem
694 4748 857 4818 intuemur,
884 4743 965 4802 nulla
988 4741 1038 4802 lux
1061 4751 1105 4801 est
1132 4744 1161 4801 in
1189 4746 1256 4802 aiire
1285 4745 1373 4804 insita
1400 4750 1430 4803 et
1451 4746 1576 4821 propria,

231 4833 313 4893 nulla
335 4836 363 4893 in
387 4850 483 4911 aqua,
512 4832 592 4892 nulla
615 4834 645 4890 in
667 4840 761 4909 terra5
790 4834 815 4892 si
839 4830 1084 4911 perluciditatem,
1113 4847 1150 4891 ea
1181 4831 1210 4887 in
1233 4830 1351 4896 aethera
1373 4833 1501 4895 maxima
1523 4838 1576 4911 est,
