<?xml version="1.0" encoding="UTF-8"?>
<!DOCTYPE html PUBLIC "-//W3C//DTD XHTML 1.0 Transitional//EN"
    "http://www.w3.org/TR/xhtml1/DTD/xhtml1-transitional.dtd">
<html xmlns="http://www.w3.org/1999/xhtml" xml:lang="en" lang="en">
 <head>
  <title>
</title>
<meta http-equiv="Content-Type" content="text/html;charset=utf-8" />
  <meta name='ocr-system' content='tesseract 3.04.00' />
  <meta name='ocr-capabilities' content='ocr_page ocr_carea ocr_par ocr_line ocrx_word'/>
</head>
<body>
  <div class='ocr_page' id='page_1' title='image "./joanniskepleria29frisgoog_0640.png"; bbox 0 0 3704 5962; ppageno 0'>
   <div class='ocr_carea' id='block_1_1' title="bbox 448 338 1471 412">
    <p class='ocr_par' dir='ltr' id='par_1_1' title="bbox 448 338 1471 412">
     <span class='ocr_line' id='line_1_1' title="bbox 448 338 1471 412; baseline 0.014 -17"><span class='ocrx_word' id='word_1_1' title='bbox 448 338 585 396; x_wconf 80' lang='lat' dir='ltr'><strong>indidem</strong></span> <span class='ocrx_word' id='word_1_2' title='bbox 600 339 713 412; x_wconf 80' lang='lat' dir='ltr'><strong>Kepleri</strong></span> <span class='ocrx_word' id='word_1_3' title='bbox 730 340 765 396; x_wconf 87' lang='lat' dir='ltr'><strong>de</strong></span> <span class='ocrx_word' id='word_1_4' title='bbox 780 351 969 397; x_wconf 82' lang='lat' dir='ltr'><strong>mammarum</strong></span> <span class='ocrx_word' id='word_1_5' title='bbox 985 339 1154 410; x_wconf 66' lang='grc' dir='ltr'><strong>ιοᾳῑιοιὶοιιο.</strong></span> <span class='ocrx_word' id='word_1_6' title='bbox 1410 348 1471 411; x_wconf 72' lang='lat' dir='ltr'><strong>dli</strong></span> 
     </span>
    </p>
   </div>
   <div class='ocr_carea' id='block_1_2' title="bbox 15 514 1567 667">
    <p class='ocr_par' dir='ltr' id='par_1_2' title="bbox 15 514 1567 667">
     <span class='ocr_line' id='line_1_2' title="bbox 15 514 1473 595; baseline 0.005 -26"><span class='ocrx_word' id='word_1_7' title='bbox 15 526 23 569; x_wconf 73' lang='lat'>2</span> <span class='ocrx_word' id='word_1_8' title='bbox 130 516 272 585; x_wconf 86' lang='lat' dir='ltr'><strong>gressiano</strong></span> <span class='ocrx_word' id='word_1_9' title='bbox 290 516 318 573; x_wconf 89' lang='lat' dir='ltr'><strong>iu</strong></span> <span class='ocrx_word' id='word_1_10' title='bbox 335 517 478 574; x_wconf 72' lang='lat' dir='ltr'><strong>mensuris.</strong></span> <span class='ocrx_word' id='word_1_11' title='bbox 515 517 553 573; x_wconf 79' lang='lat' dir='ltr'><strong>Et</strong></span> <span class='ocrx_word' id='word_1_12' title='bbox 566 515 623 585; x_wconf 88' lang='lat' dir='ltr'><strong>jam</strong></span> <span class='ocrx_word' id='word_1_13' title='bbox 641 517 749 586; x_wconf 89' lang='lat' dir='ltr'><strong>quidem</strong></span> <span class='ocrx_word' id='word_1_14' title='bbox 767 517 832 586; x_wconf 86' lang='lat' dir='ltr'>dixi,</span> <span class='ocrx_word' id='word_1_15' title='bbox 860 515 1001 588; x_wconf 81' lang='lat' dir='ltr'><strong>pulchram</strong></span> <span class='ocrx_word' id='word_1_16' title='bbox 1025 514 1111 572; x_wconf 88' lang='lat' dir='ltr'><strong>videri</strong></span> <span class='ocrx_word' id='word_1_17' title='bbox 1128 517 1330 586; x_wconf 78' lang='lat' dir='ltr'><strong>proportionem</strong></span> <span class='ocrx_word' id='word_1_18' title='bbox 1356 516 1473 595; x_wconf 84' lang='lat' dir='ltr'><strong>duplam,</strong></span> 
     </span>
     <span class='ocr_line' id='line_1_3' title="bbox 130 594 1567 667; baseline 0.006 -20"><span class='ocrx_word' id='word_1_19' title='bbox 130 608 216 663; x_wconf 88' lang='lat' dir='ltr'><strong>quare</strong></span> <span class='ocrx_word' id='word_1_20' title='bbox 235 602 263 650; x_wconf 90' lang='lat' dir='ltr'><strong>et</strong></span> <span class='ocrx_word' id='word_1_21' title='bbox 280 596 445 650; x_wconf 73' lang='lat' dir='ltr'><strong>octonariam</strong></span> <span class='ocrx_word' id='word_1_22' title='bbox 463 596 492 650; x_wconf 91' lang='lat' dir='ltr'><strong>in</strong></span> <span class='ocrx_word' id='word_1_23' title='bbox 510 594 648 650; x_wconf 81' lang='lat' dir='ltr'><strong>divisione.</strong></span> <span class='ocrx_word' id='word_1_24' title='bbox 684 596 716 651; x_wconf 92' lang='lat' dir='ltr'><strong>Id</strong></span> <span class='ocrx_word' id='word_1_25' title='bbox 735 612 767 653; x_wconf 92' lang='lat' dir='ltr'><strong>eo</strong></span> <span class='ocrx_word' id='word_1_26' title='bbox 785 596 879 667; x_wconf 63' lang='lat' dir='ltr'><strong>mapa,</strong></span> <span class='ocrx_word' id='word_1_27' title='bbox 898 596 963 666; x_wconf 89' lang='lat' dir='ltr'><strong>quia</strong></span> <span class='ocrx_word' id='word_1_28' title='bbox 979 594 1008 649; x_wconf 94' lang='lat' dir='ltr'><strong>in</strong></span> <span class='ocrx_word' id='word_1_29' title='bbox 1025 595 1193 651; x_wconf 75' lang='lat' dir='ltr'><strong>nostratibus</strong></span> <span class='ocrx_word' id='word_1_30' title='bbox 1212 597 1383 667; x_wconf 73' lang='lat' dir='ltr'><strong>ponderibus,</strong></span> <span class='ocrx_word' id='word_1_31' title='bbox 1403 601 1474 659; x_wconf 92' lang='lat' dir='ltr'><strong>ulnis</strong></span> <span class='ocrx_word' id='word_1_32' title='bbox 1558 634 1567 655; x_wconf 52' lang='lat' dir='ltr'><strong>e</strong></span> 
     </span>
    </p>
   </div>
   <div class='ocr_carea' id='block_1_3' title="bbox 103 664 1524 4549">
    <p class='ocr_par' dir='ltr' id='par_1_3' title="bbox 129 664 1473 811">
     <span class='ocr_line' id='line_1_4' title="bbox 129 664 1473 754; baseline 0.004 -28"><span class='ocrx_word' id='word_1_33' title='bbox 129 680 159 729; x_wconf 92' lang='lat' dir='ltr'><strong>et</strong></span> <span class='ocrx_word' id='word_1_34' title='bbox 171 675 306 730; x_wconf 90' lang='lat' dir='ltr'><strong>mensuris</strong></span> <span class='ocrx_word' id='word_1_35' title='bbox 318 664 489 746; x_wconf 79' lang='lat' dir='ltr'><strong>recepta&#39;est.</strong></span> <span class='ocrx_word' id='word_1_36' title='bbox 520 674 607 742; x_wconf 55' lang='lat' dir='ltr'><strong>xSolus</strong></span> <span class='ocrx_word' id='word_1_37' title='bbox 618 692 667 746; x_wconf 92' lang='lat' dir='ltr'><strong>pes</strong></span> <span class='ocrx_word' id='word_1_38' title='bbox 685 693 747 731; x_wconf 91' lang='lat' dir='ltr'><strong>cum</strong></span> <span class='ocrx_word' id='word_1_39' title='bbox 759 690 821 732; x_wconf 89' lang='lat' dir='ltr'><strong>esse</strong></span> <span class='ocrx_word' id='word_1_40' title='bbox 839 676 961 731; x_wconf 89' lang='lat' dir='ltr'><strong>Romano</strong></span> <span class='ocrx_word' id='word_1_41' title='bbox 980 673 1094 731; x_wconf 79' lang='lat' dir='ltr'><strong>discedit</strong></span> <span class='ocrx_word' id='word_1_42' title='bbox 1111 675 1139 730; x_wconf 90' lang='lat' dir='ltr'><strong>in</strong></span> <span class='ocrx_word' id='word_1_43' title='bbox 1156 677 1312 746; x_wconf 78' lang='lat' dir='ltr'><strong>ternariam,</strong></span> <span class='ocrx_word' id='word_1_44' title='bbox 1332 685 1473 754; x_wconf 63' lang='lat' dir='ltr'><strong>senariam,</strong></span> 
     </span>
     <span class='ocr_line' id='line_1_5' title="bbox 129 752 506 811; baseline 0 -1"><span class='ocrx_word' id='word_1_45' title='bbox 129 752 322 810; x_wconf 80' lang='lat' dir='ltr'><strong>duodenariam</strong></span> <span class='ocrx_word' id='word_1_46' title='bbox 341 754 506 811; x_wconf 89' lang='lat' dir='ltr'><strong>divisionem.</strong></span> 
     </span>
    </p>

    <p class='ocr_par' dir='ltr' id='par_1_4' title="bbox 129 831 1504 1227">
     <span class='ocr_line' id='line_1_6' title="bbox 216 831 1474 911; baseline 0.01 -26"><span class='ocrx_word' id='word_1_47' title='bbox 216 831 249 885; x_wconf 90' lang='lat' dir='ltr'><strong>In</strong></span> <span class='ocrx_word' id='word_1_48' title='bbox 266 832 416 900; x_wconf 89' lang='lat' dir='ltr'><strong>colligenda</strong></span> <span class='ocrx_word' id='word_1_49' title='bbox 434 848 496 887; x_wconf 87' lang='lat' dir='ltr'><strong>rere</strong></span> <span class='ocrx_word' id='word_1_50' title='bbox 514 833 686 890; x_wconf 86' lang='lat' dir='ltr'><strong>multitudine</strong></span> <span class='ocrx_word' id='word_1_51' title='bbox 704 834 805 890; x_wconf 89' lang='lat' dir='ltr'><strong>assium</strong></span> <span class='ocrx_word' id='word_1_52' title='bbox 831 836 939 890; x_wconf 88' lang='lat' dir='ltr'><strong>omniuo</strong></span> <span class='ocrx_word' id='word_1_53' title='bbox 965 834 1089 907; x_wconf 84' lang='lat' dir='ltr'><strong>praeiere</strong></span> <span class='ocrx_word' id='word_1_54' title='bbox 1115 835 1335 907; x_wconf 84' lang='lat' dir='ltr'><strong>inaequalitatem</strong></span> <span class='ocrx_word' id='word_1_55' title='bbox 1363 844 1474 911; x_wconf 90' lang='lat' dir='ltr'><strong>quihus-</strong></span> 
     </span>
     <span class='ocr_line' id='line_1_7' title="bbox 129 912 1474 992; baseline 0.007 -25"><span class='ocrx_word' id='word_1_56' title='bbox 129 920 238 980; x_wconf 81' lang='lat' dir='ltr'><strong>cunque</strong></span> <span class='ocrx_word' id='word_1_57' title='bbox 256 912 490 982; x_wconf 78' lang='lat' dir='ltr'><strong>progressionibus</strong></span> <span class='ocrx_word' id='word_1_58' title='bbox 508 914 643 971; x_wconf 89' lang='lat' dir='ltr'><strong>continuis</strong></span> <span class='ocrx_word' id='word_1_59' title='bbox 662 920 689 968; x_wconf 92' lang='lat' dir='ltr'><strong>et</strong></span> <span class='ocrx_word' id='word_1_60' title='bbox 706 913 880 984; x_wconf 87' lang='lat' dir='ltr'><strong>aequalibus:</strong></span> <span class='ocrx_word' id='word_1_61' title='bbox 907 929 962 970; x_wconf 91' lang='lat' dir='ltr'><strong>non</strong></span> <span class='ocrx_word' id='word_1_62' title='bbox 982 917 1054 984; x_wconf 92' lang='lat' dir='ltr'><strong>quod</strong></span> <span class='ocrx_word' id='word_1_63' title='bbox 1079 930 1122 969; x_wconf 89' lang='lat' dir='ltr'><strong>me</strong></span> <span class='ocrx_word' id='word_1_64' title='bbox 1148 915 1265 972; x_wconf 85' lang='lat' dir='ltr'><strong>delectet</strong></span> <span class='ocrx_word' id='word_1_65' title='bbox 1287 920 1474 992; x_wconf 80' lang='lat' dir='ltr'><strong>inaequalitas,</strong></span> 
     </span>
     <span class='ocr_line' id='line_1_8' title="bbox 130 988 1504 1071; baseline 0.009 -25"><span class='ocrx_word' id='word_1_66' title='bbox 130 990 181 1046; x_wconf 88' lang='lat' dir='ltr'><strong>sed</strong></span> <span class='ocrx_word' id='word_1_67' title='bbox 199 990 271 1060; x_wconf 90' lang='lat' dir='ltr'><strong>quod</strong></span> <span class='ocrx_word' id='word_1_68' title='bbox 290 992 404 1046; x_wconf 89' lang='lat' dir='ltr'><strong>suadeat</strong></span> <span class='ocrx_word' id='word_1_69' title='bbox 422 998 450 1046; x_wconf 94' lang='lat' dir='ltr'><strong>et</strong></span> <span class='ocrx_word' id='word_1_70' title='bbox 466 988 588 1062; x_wconf 82' lang='lat' dir='ltr'><strong>requirat</strong></span> <span class='ocrx_word' id='word_1_71' title='bbox 605 993 657 1050; x_wconf 92' lang='lat' dir='ltr'><strong>hee</strong></span> <span class='ocrx_word' id='word_1_72' title='bbox 676 996 701 1061; x_wconf 81' lang='lat'><strong>1)</strong></span> <span class='ocrx_word' id='word_1_73' title='bbox 720 994 793 1049; x_wconf 91' lang='lat' dir='ltr'><strong>varia</strong></span> <span class='ocrx_word' id='word_1_74' title='bbox 810 993 939 1049; x_wconf 88' lang='lat' dir='ltr'><strong>mercium</strong></span> <span class='ocrx_word' id='word_1_75' title='bbox 956 1002 1069 1060; x_wconf 85' lang='lat' dir='ltr'><strong>natura,</strong></span> <span class='ocrx_word' id='word_1_76' title='bbox 1092 995 1123 1064; x_wconf 87' lang='lat'><strong>2)</strong></span> <span class='ocrx_word' id='word_1_77' title='bbox 1141 996 1336 1070; x_wconf 87' lang='lat' dir='ltr'><strong>antiquissima,</strong></span> <span class='ocrx_word' id='word_1_78' title='bbox 1351 1001 1409 1069; x_wconf 88' lang='lat' dir='ltr'><strong>jam</strong></span> <span class='ocrx_word' id='word_1_79' title='bbox 1426 1017 1476 1071; x_wconf 84' lang='lat' dir='ltr'><strong>per</strong></span> <span class='ocrx_word' id='word_1_80' title='bbox 1500 1060 1504 1067; x_wconf 82' lang='grc'>,</span> 
     </span>
     <span class='ocr_line' id='line_1_9' title="bbox 131 1069 1473 1144; baseline 0.01 -20"><span class='ocrx_word' id='word_1_81' title='bbox 131 1069 223 1124; x_wconf 90' lang='lat' dir='ltr'><strong>omnia</strong></span> <span class='ocrx_word' id='word_1_82' title='bbox 240 1071 301 1126; x_wconf 93' lang='lat' dir='ltr'><strong>loca</strong></span> <span class='ocrx_word' id='word_1_83' title='bbox 321 1070 416 1127; x_wconf 88' lang='lat' dir='ltr'><strong>inolita</strong></span> <span class='ocrx_word' id='word_1_84' title='bbox 433 1073 610 1144; x_wconf 85' lang='lat' dir='ltr'><strong>consuetude,</strong></span> <span class='ocrx_word' id='word_1_85' title='bbox 638 1071 795 1129; x_wconf 86' lang='lat' dir='ltr'><strong>difficillime</strong></span> <span class='ocrx_word' id='word_1_86' title='bbox 812 1071 949 1143; x_wconf 65' lang='lat' dir='ltr'><strong>mannia,</strong></span> <span class='ocrx_word' id='word_1_87' title='bbox 967 1074 993 1141; x_wconf 84' lang='grc'><strong>3)</strong></span> <span class='ocrx_word' id='word_1_88' title='bbox 1006 1075 1164 1130; x_wconf 90' lang='lat' dir='ltr'><strong>numerandi</strong></span> <span class='ocrx_word' id='word_1_89' title='bbox 1176 1077 1360 1135; x_wconf 75' lang='lat' dir='ltr'><strong>commoditas.</strong></span> <span class='ocrx_word' id='word_1_90' title='bbox 1378 1080 1473 1138; x_wconf 89' lang='lat' dir='ltr'><strong>Dicam</strong></span> 
     </span>
     <span class='ocr_line' id='line_1_10' title="bbox 131 1150 1152 1227; baseline 0.003 -22"><span class='ocrx_word' id='word_1_91' title='bbox 131 1150 167 1206; x_wconf 90' lang='lat' dir='ltr'><strong>de</strong></span> <span class='ocrx_word' id='word_1_92' title='bbox 184 1151 308 1207; x_wconf 89' lang='lat' dir='ltr'><strong>omnibus</strong></span> <span class='ocrx_word' id='word_1_93' title='bbox 325 1153 422 1207; x_wconf 91' lang='lat' dir='ltr'><strong>tribus.</strong></span> <span class='ocrx_word' id='word_1_94' title='bbox 472 1212 475 1217; x_wconf 61' lang='grc'>,</span> <span class='ocrx_word' id='word_1_95' title='bbox 1150 1222 1152 1227; x_wconf 68' lang='lat'><strong>,</strong></span> 
     </span>
    </p>

    <p class='ocr_par' dir='ltr' id='par_1_5' title="bbox 130 1231 1524 1856">
     <span class='ocr_line' id='line_1_11' title="bbox 219 1231 1475 1304; baseline 0.006 -20"><span class='ocrx_word' id='word_1_96' title='bbox 219 1231 262 1284; x_wconf 90' lang='lat' dir='ltr'><strong>De</strong></span> <span class='ocrx_word' id='word_1_97' title='bbox 279 1236 405 1286; x_wconf 88' lang='lat' dir='ltr'><strong>natura</strong></span> <span class='ocrx_word' id='word_1_98' title='bbox 421 1246 512 1286; x_wconf 90' lang='lat' dir='ltr'><strong>rerum</strong></span> <span class='ocrx_word' id='word_1_99' title='bbox 524 1231 765 1287; x_wconf 84' lang='lat' dir='ltr'><strong>mensurandamm</strong></span> <span class='ocrx_word' id='word_1_100' title='bbox 783 1231 818 1286; x_wconf 94' lang='lat' dir='ltr'><strong>do</strong></span> <span class='ocrx_word' id='word_1_101' title='bbox 837 1231 991 1301; x_wconf 87' lang='lat' dir='ltr'><strong>exemplum</strong></span> <span class='ocrx_word' id='word_1_102' title='bbox 1009 1233 1085 1286; x_wconf 84' lang='lat' dir='ltr'><strong>vini.</strong></span> <span class='ocrx_word' id='word_1_103' title='bbox 1122 1232 1174 1287; x_wconf 91' lang='lat' dir='ltr'><strong>Hie</strong></span> <span class='ocrx_word' id='word_1_104' title='bbox 1185 1250 1282 1304; x_wconf 83' lang='lat' dir='ltr'><strong>magna</strong></span> <span class='ocrx_word' id='word_1_105' title='bbox 1299 1243 1343 1294; x_wconf 87' lang='lat' dir='ltr'><strong>est</strong></span> <span class='ocrx_word' id='word_1_106' title='bbox 1360 1253 1475 1295; x_wconf 88' lang='lat' dir='ltr'><strong>commo·</strong></span> 
     </span>
     <span class='ocr_line' id='line_1_12' title="bbox 134 1308 1476 1386; baseline 0.006 -23"><span class='ocrx_word' id='word_1_107' title='bbox 134 1308 207 1364; x_wconf 88' lang='lat' dir='ltr'><strong>ditas</strong></span> <span class='ocrx_word' id='word_1_108' title='bbox 224 1324 242 1364; x_wconf 88' lang='lat' dir='ltr'><strong>a</strong></span> <span class='ocrx_word' id='word_1_109' title='bbox 259 1308 397 1379; x_wconf 87' lang='lat' dir='ltr'><strong>cantharo,</strong></span> <span class='ocrx_word' id='word_1_110' title='bbox 417 1310 660 1380; x_wconf 82' lang='lat' dir='ltr'><strong>quiquantitatem</strong></span> <span class='ocrx_word' id='word_1_111' title='bbox 678 1309 762 1364; x_wconf 93' lang='lat' dir='ltr'><strong>habet</strong></span> <span class='ocrx_word' id='word_1_112' title='bbox 787 1327 842 1366; x_wconf 90' lang='lat' dir='ltr'><strong>non</strong></span> <span class='ocrx_word' id='word_1_113' title='bbox 860 1310 975 1366; x_wconf 89' lang='lat' dir='ltr'><strong>alienam</strong></span> <span class='ocrx_word' id='word_1_114' title='bbox 993 1326 1010 1365; x_wconf 92' lang='lat' dir='ltr'><strong>a</strong></span> <span class='ocrx_word' id='word_1_115' title='bbox 1028 1309 1124 1366; x_wconf 91' lang='lat' dir='ltr'><strong>diurne</strong></span> <span class='ocrx_word' id='word_1_116' title='bbox 1142 1312 1223 1383; x_wconf 89' lang='lat' dir='ltr'><strong>victu,</strong></span> <span class='ocrx_word' id='word_1_117' title='bbox 1242 1313 1277 1368; x_wconf 86' lang='lat' dir='ltr'><strong>ad</strong></span> <span class='ocrx_word' id='word_1_118' title='bbox 1296 1315 1395 1370; x_wconf 90' lang='lat' dir='ltr'><strong>dolium</strong></span> <span class='ocrx_word' id='word_1_119' title='bbox 1414 1332 1476 1386; x_wconf 91' lang='lat' dir='ltr'><strong>pro·</strong></span> 
     </span>
     <span class='ocr_line' id='line_1_13' title="bbox 130 1387 1476 1465; baseline 0.007 -24"><span class='ocrx_word' id='word_1_120' title='bbox 130 1387 217 1458; x_wconf 85' lang='lat' dir='ltr'><strong>gredi,</strong></span> <span class='ocrx_word' id='word_1_121' title='bbox 236 1387 317 1457; x_wconf 90' lang='lat' dir='ltr'><strong>quale</strong></span> <span class='ocrx_word' id='word_1_122' title='bbox 335 1389 447 1446; x_wconf 91' lang='lat' dir='ltr'><strong>deorum</strong></span> <span class='ocrx_word' id='word_1_123' title='bbox 466 1391 580 1445; x_wconf 85' lang='lat' dir='ltr'><strong>triumve</strong></span> <span class='ocrx_word' id='word_1_124' title='bbox 598 1390 737 1445; x_wconf 90' lang='lat' dir='ltr'><strong>hominum</strong></span> <span class='ocrx_word' id='word_1_125' title='bbox 755 1404 807 1458; x_wconf 93' lang='lat' dir='ltr'><strong>ope</strong></span> <span class='ocrx_word' id='word_1_126' title='bbox 824 1390 936 1444; x_wconf 65' lang='lat' dir='ltr'><strong>tractui</strong></span> <span class='ocrx_word' id='word_1_127' title='bbox 952 1394 1056 1458; x_wconf 73' lang='lat' dir='ltr'><strong>potest,</strong></span> <span class='ocrx_word' id='word_1_128' title='bbox 1084 1389 1119 1445; x_wconf 89' lang='lat' dir='ltr'><strong>ab</strong></span> <span class='ocrx_word' id='word_1_129' title='bbox 1136 1388 1189 1444; x_wconf 92' lang='lat' dir='ltr'><strong>hec</strong></span> <span class='ocrx_word' id='word_1_130' title='bbox 1207 1389 1241 1445; x_wconf 89' lang='lat' dir='ltr'><strong>ad</strong></span> <span class='ocrx_word' id='word_1_131' title='bbox 1260 1394 1277 1448; x_wconf 84' lang='lat'><strong>5</strong></span> <span class='ocrx_word' id='word_1_132' title='bbox 1293 1393 1337 1447; x_wconf 87' lang='lat' dir='ltr'><strong>vel</strong></span> <span class='ocrx_word' id='word_1_133' title='bbox 1360 1393 1378 1450; x_wconf 87' lang='lat' dir='ltr'><strong>d</strong></span> <span class='ocrx_word' id='word_1_134' title='bbox 1396 1394 1476 1465; x_wconf 88' lang='lat' dir='ltr'><strong>dolia,</strong></span> 
     </span>
     <span class='ocr_line' id='line_1_14' title="bbox 131 1467 1477 1540; baseline 0.004 -20"><span class='ocrx_word' id='word_1_135' title='bbox 131 1475 200 1536; x_wconf 89' lang='lat' dir='ltr'><strong>quot</strong></span> <span class='ocrx_word' id='word_1_136' title='bbox 218 1482 255 1521; x_wconf 90' lang='lat' dir='ltr'><strong>sc.</strong></span> <span class='ocrx_word' id='word_1_137' title='bbox 273 1483 327 1521; x_wconf 89' lang='lat' dir='ltr'><strong>uno</strong></span> <span class='ocrx_word' id='word_1_138' title='bbox 345 1468 664 1537; x_wconf 88' lang='lat' dir='ltr'><strong>plaustrocommuniter</strong></span> <span class='ocrx_word' id='word_1_139' title='bbox 681 1469 744 1522; x_wconf 80' lang='lat' dir='ltr'><strong>vehi</strong></span> <span class='ocrx_word' id='word_1_140' title='bbox 761 1467 901 1525; x_wconf 89' lang='lat' dir='ltr'><strong>commode</strong></span> <span class='ocrx_word' id='word_1_141' title='bbox 918 1476 1041 1536; x_wconf 85' lang='lat' dir='ltr'><strong>possunt</strong></span> <span class='ocrx_word' id='word_1_142' title='bbox 1077 1468 1130 1524; x_wconf 87' lang='lat' dir='ltr'><strong>Hic</strong></span> <span class='ocrx_word' id='word_1_143' title='bbox 1148 1469 1198 1523; x_wconf 90' lang='lat' dir='ltr'><strong>etsi</strong></span> <span class='ocrx_word' id='word_1_144' title='bbox 1215 1486 1268 1525; x_wconf 91' lang='lat' dir='ltr'><strong>nou</strong></span> <span class='ocrx_word' id='word_1_145' title='bbox 1295 1486 1403 1540; x_wconf 90' lang='lat' dir='ltr'><strong>semper</strong></span> <span class='ocrx_word' id='word_1_146' title='bbox 1419 1488 1477 1527; x_wconf 88' lang='lat' dir='ltr'><strong>rem</strong></span> 
     </span>
     <span class='ocr_line' id='line_1_15' title="bbox 132 1546 1478 1618; baseline 0.004 -17"><span class='ocrx_word' id='word_1_147' title='bbox 132 1563 186 1602; x_wconf 91' lang='lat' dir='ltr'><strong>acu</strong></span> <span class='ocrx_word' id='word_1_148' title='bbox 203 1547 346 1617; x_wconf 84' lang='lat' dir='ltr'><strong>tangimus,</strong></span> <span class='ocrx_word' id='word_1_149' title='bbox 366 1553 456 1603; x_wconf 71' lang='lat' dir='ltr'><strong>umen</strong></span> <span class='ocrx_word' id='word_1_150' title='bbox 474 1564 527 1603; x_wconf 91' lang='lat' dir='ltr'><strong>non</strong></span> <span class='ocrx_word' id='word_1_151' title='bbox 545 1546 626 1616; x_wconf 90' lang='lat' dir='ltr'><strong>longe</strong></span> <span class='ocrx_word' id='word_1_152' title='bbox 643 1547 748 1602; x_wconf 88' lang='lat' dir='ltr'><strong>abimus</strong></span> <span class='ocrx_word' id='word_1_153' title='bbox 779 1564 795 1602; x_wconf 91' lang='lat' dir='ltr'><strong>a</strong></span> <span class='ocrx_word' id='word_1_154' title='bbox 821 1546 1018 1617; x_wconf 81' lang='lat' dir='ltr'><strong>significatione</strong></span> <span class='ocrx_word' id='word_1_155' title='bbox 1044 1546 1168 1602; x_wconf 79' lang='lat' dir='ltr'><strong>vocabuli</strong></span> <span class='ocrx_word' id='word_1_156' title='bbox 1189 1548 1275 1613; x_wconf 84' lang='lat' dir='ltr'><strong>Fass,</strong></span> <span class='ocrx_word' id='word_1_157' title='bbox 1292 1549 1401 1605; x_wconf 84' lang='lat' dir='ltr'><strong>Fueder</strong></span> <span class='ocrx_word' id='word_1_158' title='bbox 1417 1557 1478 1618; x_wconf 87' lang='lat' dir='ltr'><strong>etc,</strong></span> 
     </span>
     <span class='ocr_line' id='line_1_16' title="bbox 138 1624 1477 1696; baseline 0.004 -17"><span class='ocrx_word' id='word_1_159' title='bbox 138 1624 211 1694; x_wconf 90' lang='lat' dir='ltr'><strong>quod</strong></span> <span class='ocrx_word' id='word_1_160' title='bbox 229 1625 294 1681; x_wconf 88' lang='lat' dir='ltr'><strong>facit</strong></span> <span class='ocrx_word' id='word_1_161' title='bbox 312 1626 530 1694; x_wconf 86' lang='lat' dir='ltr'><strong>admemoriam,</strong></span> <span class='ocrx_word' id='word_1_162' title='bbox 549 1632 576 1681; x_wconf 91' lang='lat' dir='ltr'><strong>et</strong></span> <span class='ocrx_word' id='word_1_163' title='bbox 594 1624 749 1696; x_wconf 81' lang='lat' dir='ltr'><strong>exemplum</strong></span> <span class='ocrx_word' id='word_1_164' title='bbox 765 1627 897 1681; x_wconf 91' lang='lat' dir='ltr'><strong>habemus</strong></span> <span class='ocrx_word' id='word_1_165' title='bbox 915 1627 943 1681; x_wconf 91' lang='lat' dir='ltr'><strong>in</strong></span> <span class='ocrx_word' id='word_1_166' title='bbox 963 1626 1134 1681; x_wconf 80' lang='lat' dir='ltr'><strong>astronomia</strong></span> <span class='ocrx_word' id='word_1_167' title='bbox 1170 1627 1237 1683; x_wconf 85' lang='lat' dir='ltr'><strong>Cum</strong></span> <span class='ocrx_word' id='word_1_168' title='bbox 1259 1627 1330 1681; x_wconf 88' lang='lat' dir='ltr'><strong>enim</strong></span> <span class='ocrx_word' id='word_1_169' title='bbox 1354 1628 1381 1681; x_wconf 88' lang='lat' dir='ltr'><strong>in</strong></span> <span class='ocrx_word' id='word_1_170' title='bbox 1406 1645 1477 1685; x_wconf 91' lang='lat' dir='ltr'><strong>anne</strong></span> 
     </span>
     <span class='ocr_line' id='line_1_17' title="bbox 133 1703 1524 1776; baseline 0.004 -19"><span class='ocrx_word' id='word_1_171' title='bbox 133 1709 227 1758; x_wconf 89' lang='lat' dir='ltr'><strong>essent</strong></span> <span class='ocrx_word' id='word_1_172' title='bbox 246 1703 303 1758; x_wconf 91' lang='lat' dir='ltr'><strong>dies</strong></span> <span class='ocrx_word' id='word_1_173' title='bbox 321 1704 381 1769; x_wconf 80' lang='lat' dir='ltr'><strong>stu,</strong></span> <span class='ocrx_word' id='word_1_174' title='bbox 398 1705 524 1775; x_wconf 88' lang='lat' dir='ltr'><strong>artifices,</strong></span> <span class='ocrx_word' id='word_1_175' title='bbox 541 1706 647 1761; x_wconf 84' lang='lat' dir='ltr'><strong>inritati</strong></span> <span class='ocrx_word' id='word_1_176' title='bbox 664 1705 854 1760; x_wconf 86' lang='lat' dir='ltr'><strong>commoditate</strong></span> <span class='ocrx_word' id='word_1_177' title='bbox 871 1704 951 1759; x_wconf 74' lang='lat' dir='ltr'><strong>ticini</strong></span> <span class='ocrx_word' id='word_1_178' title='bbox 973 1705 1090 1774; x_wconf 89' lang='lat' dir='ltr'><strong>numeri,</strong></span> <span class='ocrx_word' id='word_1_179' title='bbox 1113 1711 1205 1774; x_wconf 84' lang='lat' dir='ltr'><strong>partes</strong></span> <span class='ocrx_word' id='word_1_180' title='bbox 1224 1705 1284 1776; x_wconf 81' lang='grc'>000,</span> <span class='ocrx_word' id='word_1_181' title='bbox 1302 1713 1330 1762; x_wconf 90' lang='lat' dir='ltr'><strong>et</strong></span> <span class='ocrx_word' id='word_1_182' title='bbox 1348 1706 1382 1762; x_wconf 94' lang='lat' dir='ltr'><strong>ob</strong></span> <span class='ocrx_word' id='word_1_183' title='bbox 1400 1707 1478 1763; x_wconf 89' lang='lat' dir='ltr'><strong>luna·</strong></span> <span class='ocrx_word' id='word_1_184' title='bbox 1517 1722 1524 1738; x_wconf 91' lang='lat'><strong>·</strong></span> 
     </span>
     <span class='ocr_line' id='line_1_18' title="bbox 133 1783 855 1856; baseline 0.006 -19"><span class='ocrx_word' id='word_1_185' title='bbox 133 1783 222 1838; x_wconf 89' lang='lat' dir='ltr'><strong>tiones</strong></span> <span class='ocrx_word' id='word_1_186' title='bbox 238 1790 332 1853; x_wconf 89' lang='lat' dir='ltr'><strong>partes</strong></span> <span class='ocrx_word' id='word_1_187' title='bbox 349 1786 467 1855; x_wconf 89' lang='lat' dir='ltr'><strong>majores</strong></span> <span class='ocrx_word' id='word_1_188' title='bbox 482 1801 531 1856; x_wconf 88' lang='lat' dir='ltr'><strong>per</strong></span> <span class='ocrx_word' id='word_1_189' title='bbox 549 1801 579 1842; x_wconf 89' lang='lat' dir='ltr'><strong>se</strong></span> <span class='ocrx_word' id='word_1_190' title='bbox 598 1786 631 1841; x_wconf 80' lang='lat'><strong>12</strong></span> <span class='ocrx_word' id='word_1_191' title='bbox 648 1786 855 1841; x_wconf 85' lang='lat' dir='ltr'><strong>constituerunt.</strong></span> 
     </span>
    </p>

    <p class='ocr_par' dir='ltr' id='par_1_6' title="bbox 133 1862 1482 2967">
     <span class='ocr_line' id='line_1_19' title="bbox 221 1862 1479 1941; baseline 0.006 -26"><span class='ocrx_word' id='word_1_192' title='bbox 221 1862 263 1916; x_wconf 92' lang='lat' dir='ltr'><strong>De</strong></span> <span class='ocrx_word' id='word_1_193' title='bbox 286 1865 532 1933; x_wconf 80' lang='lat' dir='ltr'><strong>cousuetudine</strong></span> <span class='ocrx_word' id='word_1_194' title='bbox 557 1864 672 1919; x_wconf 90' lang='lat' dir='ltr'><strong>ostendo</strong></span> <span class='ocrx_word' id='word_1_195' title='bbox 696 1863 747 1919; x_wconf 91' lang='lat' dir='ltr'><strong>has</strong></span> <span class='ocrx_word' id='word_1_196' title='bbox 775 1862 948 1919; x_wconf 83' lang='lat' dir='ltr'><strong>difficultates</strong></span> <span class='ocrx_word' id='word_1_197' title='bbox 977 1863 1105 1941; x_wconf 80' lang='lat' dir='ltr'><strong>exemplo</strong></span> <span class='ocrx_word' id='word_1_198' title='bbox 1129 1864 1288 1934; x_wconf 89' lang='lat' dir='ltr'><strong>ponderum.</strong></span> <span class='ocrx_word' id='word_1_199' title='bbox 1326 1867 1479 1923; x_wconf 87' lang='lat' dir='ltr'><strong>Centenarii</strong></span> 
     </span>
     <span class='ocr_line' id='line_1_20' title="bbox 133 1940 1478 2013; baseline 0.004 -16"><span class='ocrx_word' id='word_1_200' title='bbox 133 1957 189 1997; x_wconf 81' lang='lat' dir='ltr'><strong>vox</strong></span> <span class='ocrx_word' id='word_1_201' title='bbox 205 1940 233 1995; x_wconf 91' lang='lat' dir='ltr'><strong>in</strong></span> <span class='ocrx_word' id='word_1_202' title='bbox 251 1942 375 1996; x_wconf 90' lang='lat' dir='ltr'><strong>omnibus</strong></span> <span class='ocrx_word' id='word_1_203' title='bbox 392 1942 491 2011; x_wconf 89' lang='lat' dir='ltr'><strong>linguis</strong></span> <span class='ocrx_word' id='word_1_204' title='bbox 518 1951 561 1999; x_wconf 91' lang='lat' dir='ltr'><strong>est</strong></span> <span class='ocrx_word' id='word_1_205' title='bbox 581 1950 699 2012; x_wconf 88' lang='lat' dir='ltr'><strong>recepta.</strong></span> <span class='ocrx_word' id='word_1_206' title='bbox 735 1943 769 1998; x_wconf 87' lang='lat' dir='ltr'><strong>Vi</strong></span> <span class='ocrx_word' id='word_1_207' title='bbox 795 1941 921 1999; x_wconf 86' lang='lat' dir='ltr'><strong>vocabuli</strong></span> <span class='ocrx_word' id='word_1_208' title='bbox 947 1944 999 2001; x_wconf 93' lang='grc'><strong>100</strong></span> <span class='ocrx_word' id='word_1_209' title='bbox 1022 1944 1116 2013; x_wconf 88' lang='lat' dir='ltr'><strong>pondo</strong></span> <span class='ocrx_word' id='word_1_210' title='bbox 1142 1945 1237 2000; x_wconf 85' lang='lat' dir='ltr'><strong>insunt</strong></span> <span class='ocrx_word' id='word_1_211' title='bbox 1259 1946 1288 2000; x_wconf 92' lang='lat' dir='ltr'><strong>in</strong></span> <span class='ocrx_word' id='word_1_212' title='bbox 1315 1949 1478 2003; x_wconf 83' lang='lat' dir='ltr'><strong>centenario·</strong></span> 
     </span>
     <span class='ocr_line' id='line_1_21' title="bbox 133 2016 1477 2090; baseline 0.002 -12"><span class='ocrx_word' id='word_1_213' title='bbox 133 2024 191 2078; x_wconf 82' lang='lat' dir='ltr'><strong>Aut</strong></span> <span class='ocrx_word' id='word_1_214' title='bbox 206 2021 288 2090; x_wconf 89' lang='lat' dir='ltr'><strong>igitur</strong></span> <span class='ocrx_word' id='word_1_215' title='bbox 306 2019 441 2077; x_wconf 90' lang='lat' dir='ltr'><strong>abolenda</strong></span> <span class='ocrx_word' id='word_1_216' title='bbox 457 2022 508 2077; x_wconf 92' lang='lat' dir='ltr'><strong>erit</strong></span> <span class='ocrx_word' id='word_1_217' title='bbox 526 2038 580 2078; x_wconf 81' lang='lat' dir='ltr'><strong>vox</strong></span> <span class='ocrx_word' id='word_1_218' title='bbox 597 2022 758 2086; x_wconf 87' lang='lat' dir='ltr'><strong>centenarii,</strong></span> <span class='ocrx_word' id='word_1_219' title='bbox 783 2023 981 2079; x_wconf 89' lang='lat' dir='ltr'><strong>introducenda</strong></span> <span class='ocrx_word' id='word_1_220' title='bbox 998 2023 1068 2090; x_wconf 91' lang='lat' dir='ltr'><strong>alia,</strong></span> <span class='ocrx_word' id='word_1_221' title='bbox 1094 2028 1142 2076; x_wconf 89' lang='lat' dir='ltr'><strong>aut</strong></span> <span class='ocrx_word' id='word_1_222' title='bbox 1167 2016 1322 2078; x_wconf 80' lang='lat' dir='ltr'><strong>centenario</strong></span> <span class='ocrx_word' id='word_1_223' title='bbox 1348 2041 1477 2081; x_wconf 90' lang='lat' dir='ltr'><strong>numerus</strong></span> 
     </span>
     <span class='ocr_line' id='line_1_22' title="bbox 136 2101 1479 2174; baseline 0.001 -17"><span class='ocrx_word' id='word_1_224' title='bbox 136 2102 267 2159; x_wconf 88' lang='lat' dir='ltr'><strong>librarum</strong></span> <span class='ocrx_word' id='word_1_225' title='bbox 286 2101 391 2157; x_wconf 86' lang='lat' dir='ltr'><strong>dandus</strong></span> <span class='ocrx_word' id='word_1_226' title='bbox 410 2101 487 2159; x_wconf 88' lang='lat' dir='ltr'><strong>alins,</strong></span> <span class='ocrx_word' id='word_1_227' title='bbox 506 2111 601 2161; x_wconf 91' lang='lat' dir='ltr'><strong>contra</strong></span> <span class='ocrx_word' id='word_1_228' title='bbox 618 2103 791 2159; x_wconf 83' lang='lat' dir='ltr'><strong>manifestum</strong></span> <span class='ocrx_word' id='word_1_229' title='bbox 812 2104 886 2160; x_wconf 88' lang='lat' dir='ltr'><strong>vocis</strong></span> <span class='ocrx_word' id='word_1_230' title='bbox 911 2119 1015 2159; x_wconf 88' lang='lat' dir='ltr'><strong>sonum.</strong></span> <span class='ocrx_word' id='word_1_231' title='bbox 1052 2101 1204 2169; x_wconf 87' lang='lat' dir='ltr'><strong>Utrumque</strong></span> <span class='ocrx_word' id='word_1_232' title='bbox 1224 2118 1288 2156; x_wconf 90' lang='lat' dir='ltr'><strong>vero</strong></span> <span class='ocrx_word' id='word_1_233' title='bbox 1311 2102 1393 2173; x_wconf 90' lang='lat' dir='ltr'><strong>plane</strong></span> <span class='ocrx_word' id='word_1_234' title='bbox 1417 2121 1479 2174; x_wconf 88' lang='lat' dir='ltr'><strong>grs-</strong></span> 
     </span>
     <span class='ocr_line' id='line_1_23' title="bbox 135 2180 1477 2255; baseline 0.004 -20"><span class='ocrx_word' id='word_1_235' title='bbox 135 2180 273 2237; x_wconf 88' lang='lat' dir='ltr'><strong>vissimum</strong></span> <span class='ocrx_word' id='word_1_236' title='bbox 292 2180 381 2249; x_wconf 82' lang='lat' dir='ltr'><strong>lactu3</strong></span> <span class='ocrx_word' id='word_1_237' title='bbox 400 2195 452 2235; x_wconf 89' lang='lat' dir='ltr'><strong>usu</strong></span> <span class='ocrx_word' id='word_1_238' title='bbox 471 2196 525 2235; x_wconf 91' lang='lat' dir='ltr'><strong>non</strong></span> <span class='ocrx_word' id='word_1_239' title='bbox 543 2180 582 2236; x_wconf 89' lang='lat' dir='ltr'><strong>ita</strong></span> <span class='ocrx_word' id='word_1_240' title='bbox 599 2182 754 2252; x_wconf 84' lang='lat' dir='ltr'><strong>expetibile,</strong></span> <span class='ocrx_word' id='word_1_241' title='bbox 774 2183 797 2237; x_wconf 89' lang='lat' dir='ltr'><strong>si</strong></span> <span class='ocrx_word' id='word_1_242' title='bbox 816 2182 880 2251; x_wconf 92' lang='lat' dir='ltr'><strong>quid</strong></span> <span class='ocrx_word' id='word_1_243' title='bbox 898 2180 975 2236; x_wconf 89' lang='lat' dir='ltr'><strong>valeo</strong></span> <span class='ocrx_word' id='word_1_244' title='bbox 990 2180 1106 2249; x_wconf 70' lang='lat' dir='ltr'><strong>iudicio.</strong></span> <span class='ocrx_word' id='word_1_245' title='bbox 1137 2181 1207 2235; x_wconf 90' lang='lat' dir='ltr'><strong>Nam</strong></span> <span class='ocrx_word' id='word_1_246' title='bbox 1220 2181 1243 2236; x_wconf 92' lang='lat' dir='ltr'><strong>sl</strong></span> <span class='ocrx_word' id='word_1_247' title='bbox 1256 2198 1310 2250; x_wconf 90' lang='lat' dir='ltr'><strong>qua</strong></span> <span class='ocrx_word' id='word_1_248' title='bbox 1322 2185 1477 2255; x_wconf 81' lang='lat' dir='ltr'><strong>progressio</strong></span> 
     </span>
     <span class='ocr_line' id='line_1_24' title="bbox 135 2259 1479 2331; baseline 0.004 -16"><span class='ocrx_word' id='word_1_249' title='bbox 135 2260 273 2329; x_wconf 87' lang='lat' dir='ltr'><strong>recipitur,</strong></span> <span class='ocrx_word' id='word_1_250' title='bbox 291 2260 317 2315; x_wconf 94' lang='lat' dir='ltr'><strong>id</strong></span> <span class='ocrx_word' id='word_1_251' title='bbox 335 2259 368 2314; x_wconf 84' lang='lat' dir='ltr'><strong>iit</strong></span> <span class='ocrx_word' id='word_1_252' title='bbox 386 2276 469 2315; x_wconf 91' lang='lat' dir='ltr'><strong>eausa</strong></span> <span class='ocrx_word' id='word_1_253' title='bbox 487 2260 638 2329; x_wconf 89' lang='lat' dir='ltr'><strong>compendii</strong></span> <span class='ocrx_word' id='word_1_254' title='bbox 656 2259 685 2314; x_wconf 94' lang='lat' dir='ltr'><strong>in</strong></span> <span class='ocrx_word' id='word_1_255' title='bbox 704 2259 851 2329; x_wconf 85' lang='lat' dir='ltr'><strong>majoribus</strong></span> <span class='ocrx_word' id='word_1_256' title='bbox 870 2260 997 2329; x_wconf 89' lang='lat' dir='ltr'><strong>numeris,</strong></span> <span class='ocrx_word' id='word_1_257' title='bbox 1016 2259 1110 2327; x_wconf 89' lang='lat' dir='ltr'><strong>itaque</strong></span> <span class='ocrx_word' id='word_1_258' title='bbox 1126 2268 1239 2329; x_wconf 90' lang='lat' dir='ltr'><strong>recepta</strong></span> <span class='ocrx_word' id='word_1_259' title='bbox 1257 2269 1300 2317; x_wconf 89' lang='lat' dir='ltr'><strong>est</strong></span> <span class='ocrx_word' id='word_1_260' title='bbox 1318 2264 1434 2331; x_wconf 79' lang='lat' dir='ltr'><strong>primum</strong></span> <span class='ocrx_word' id='word_1_261' title='bbox 1451 2264 1479 2321; x_wconf 87' lang='lat' dir='ltr'><strong>iu</strong></span> 
     </span>
     <span class='ocr_line' id='line_1_25' title="bbox 135 2332 1481 2411; baseline 0.001 -15"><span class='ocrx_word' id='word_1_262' title='bbox 135 2355 261 2396; x_wconf 89' lang='lat' dir='ltr'><strong>numeros</strong></span> <span class='ocrx_word' id='word_1_263' title='bbox 279 2340 361 2408; x_wconf 91' lang='lat' dir='ltr'><strong>ipsos,</strong></span> <span class='ocrx_word' id='word_1_264' title='bbox 380 2338 502 2407; x_wconf 91' lang='lat' dir='ltr'><strong>quisunt</strong></span> <span class='ocrx_word' id='word_1_265' title='bbox 515 2338 586 2393; x_wconf 91' lang='lat' dir='ltr'><strong>omni</strong></span> <span class='ocrx_word' id='word_1_266' title='bbox 604 2345 787 2393; x_wconf 88' lang='lat' dir='ltr'><strong>renumerata</strong></span> <span class='ocrx_word' id='word_1_267' title='bbox 804 2337 1011 2407; x_wconf 87' lang='lat' dir='ltr'><strong>numerosiores,</strong></span> <span class='ocrx_word' id='word_1_268' title='bbox 1032 2337 1128 2393; x_wconf 73' lang='lat' dir='ltr'><strong>dmnde</strong></span> <span class='ocrx_word' id='word_1_269' title='bbox 1146 2339 1174 2391; x_wconf 93' lang='lat' dir='ltr'><strong>in</strong></span> <span class='ocrx_word' id='word_1_270' title='bbox 1192 2332 1397 2411; x_wconf 82' lang='lat' dir='ltr'><strong>astronomiam,</strong></span> <span class='ocrx_word' id='word_1_271' title='bbox 1416 2342 1481 2410; x_wconf 89' lang='lat' dir='ltr'><strong>quia</strong></span> 
     </span>
     <span class='ocr_line' id='line_1_26' title="bbox 135 2416 1482 2489; baseline 0.001 -16"><span class='ocrx_word' id='word_1_272' title='bbox 135 2418 301 2473; x_wconf 89' lang='lat' dir='ltr'><strong>numerando</strong></span> <span class='ocrx_word' id='word_1_273' title='bbox 321 2418 356 2474; x_wconf 91' lang='lat' dir='ltr'><strong>ad</strong></span> <span class='ocrx_word' id='word_1_274' title='bbox 374 2417 551 2472; x_wconf 86' lang='lat' dir='ltr'><strong>subtilissima</strong></span> <span class='ocrx_word' id='word_1_275' title='bbox 567 2432 617 2472; x_wconf 91' lang='lat' dir='ltr'><strong>nos</strong></span> <span class='ocrx_word' id='word_1_276' title='bbox 635 2416 762 2486; x_wconf 77' lang='lat' dir='ltr'><strong>progredi</strong></span> <span class='ocrx_word' id='word_1_277' title='bbox 787 2432 898 2472; x_wconf 91' lang='lat' dir='ltr'><strong>necesse</strong></span> <span class='ocrx_word' id='word_1_278' title='bbox 922 2423 981 2484; x_wconf 87' lang='lat' dir='ltr'><strong>eat,</strong></span> <span class='ocrx_word' id='word_1_279' title='bbox 1009 2418 1044 2473; x_wconf 94' lang='lat' dir='ltr'><strong>ob</strong></span> <span class='ocrx_word' id='word_1_280' title='bbox 1063 2423 1184 2472; x_wconf 86' lang='lat' dir='ltr'><strong>motuum</strong></span> <span class='ocrx_word' id='word_1_281' title='bbox 1201 2421 1428 2489; x_wconf 86' lang='lat' dir='ltr'><strong>perpetuitatem,</strong></span> <span class='ocrx_word' id='word_1_282' title='bbox 1445 2427 1482 2475; x_wconf 84' lang='lat' dir='ltr'><strong>ne</strong></span> 
     </span>
     <span class='ocr_line' id='line_1_27' title="bbox 137 2496 1480 2568; baseline 0.003 -17"><span class='ocrx_word' id='word_1_283' title='bbox 137 2498 202 2568; x_wconf 91' lang='lat' dir='ltr'><strong>quid</strong></span> <span class='ocrx_word' id='word_1_284' title='bbox 219 2498 246 2551; x_wconf 92' lang='lat' dir='ltr'><strong>in</strong></span> <span class='ocrx_word' id='word_1_285' title='bbox 266 2497 413 2567; x_wconf 90' lang='lat' dir='ltr'><strong>longinquo</strong></span> <span class='ocrx_word' id='word_1_286' title='bbox 431 2505 561 2566; x_wconf 88' lang='lat' dir='ltr'><strong>peccetur</strong></span> <span class='ocrx_word' id='word_1_287' title='bbox 577 2496 705 2555; x_wconf 90' lang='lat' dir='ltr'><strong>notabile.</strong></span> <span class='ocrx_word' id='word_1_288' title='bbox 741 2497 803 2552; x_wconf 81' lang='lat' dir='ltr'><strong>iam</strong></span> <span class='ocrx_word' id='word_1_289' title='bbox 832 2511 901 2566; x_wconf 91' lang='lat' dir='ltr'><strong>quae</strong></span> <span class='ocrx_word' id='word_1_290' title='bbox 927 2512 978 2551; x_wconf 91' lang='lat' dir='ltr'><strong>nos</strong></span> <span class='ocrx_word' id='word_1_291' title='bbox 1004 2496 1130 2551; x_wconf 77' lang='lat' dir='ltr'><strong>medmur</strong></span> <span class='ocrx_word' id='word_1_292' title='bbox 1152 2504 1180 2551; x_wconf 95' lang='lat' dir='ltr'><strong>et</strong></span> <span class='ocrx_word' id='word_1_293' title='bbox 1203 2513 1273 2566; x_wconf 90' lang='lat' dir='ltr'><strong>quae</strong></span> <span class='ocrx_word' id='word_1_294' title='bbox 1296 2500 1480 2568; x_wconf 87' lang='lat' dir='ltr'><strong>ponderamus</strong></span> 
     </span>
     <span class='ocr_line' id='line_1_28' title="bbox 137 2573 1480 2647; baseline 0.001 -17"><span class='ocrx_word' id='word_1_295' title='bbox 137 2575 329 2643; x_wconf 89' lang='lat' dir='ltr'><strong>communiter,</strong></span> <span class='ocrx_word' id='word_1_296' title='bbox 356 2574 404 2630; x_wconf 91' lang='lat' dir='ltr'><strong>illa</strong></span> <span class='ocrx_word' id='word_1_297' title='bbox 425 2573 522 2629; x_wconf 87' lang='lat' dir='ltr'><strong>breves</strong></span> <span class='ocrx_word' id='word_1_298' title='bbox 543 2574 651 2629; x_wconf 90' lang='lat' dir='ltr'><strong>omnino</strong></span> <span class='ocrx_word' id='word_1_299' title='bbox 675 2590 794 2630; x_wconf 89' lang='lat' dir='ltr'><strong>summas</strong></span> <span class='ocrx_word' id='word_1_300' title='bbox 811 2575 931 2641; x_wconf 83' lang='lat' dir='ltr'><strong>iaciunt,</strong></span> <span class='ocrx_word' id='word_1_301' title='bbox 958 2574 1074 2643; x_wconf 75' lang='lat' dir='ltr'><strong>maiores</strong></span> <span class='ocrx_word' id='word_1_302' title='bbox 1100 2591 1164 2637; x_wconf 88' lang='lat' dir='ltr'><strong>vero</strong></span> <span class='ocrx_word' id='word_1_303' title='bbox 1192 2578 1265 2645; x_wconf 90' lang='lat' dir='ltr'><strong>apud</strong></span> <span class='ocrx_word' id='word_1_304' title='bbox 1293 2577 1480 2647; x_wconf 86' lang='lat' dir='ltr'><strong>paucissimos.</strong></span> 
     </span>
     <span class='ocr_line' id='line_1_29' title="bbox 135 2654 1481 2724; baseline -0.004 -11"><span class='ocrx_word' id='word_1_305' title='bbox 135 2657 205 2713; x_wconf 86' lang='lat' dir='ltr'><strong>Naro</strong></span> <span class='ocrx_word' id='word_1_306' title='bbox 223 2656 263 2710; x_wconf 87' lang='lat' dir='ltr'><strong>sic</strong></span> <span class='ocrx_word' id='word_1_307' title='bbox 281 2655 415 2719; x_wconf 75' lang='lat' dir='ltr'><strong>exhdmo,</strong></span> <span class='ocrx_word' id='word_1_308' title='bbox 435 2655 458 2709; x_wconf 89' lang='lat' dir='ltr'><strong>si</strong></span> <span class='ocrx_word' id='word_1_309' title='bbox 477 2654 537 2722; x_wconf 90' lang='lat' dir='ltr'><strong>quis</strong></span> <span class='ocrx_word' id='word_1_310' title='bbox 558 2657 643 2712; x_wconf 82' lang='lat'>10000</span> <span class='ocrx_word' id='word_1_311' title='bbox 660 2654 818 2709; x_wconf 88' lang='lat' dir='ltr'><strong>iederorum</strong></span> <span class='ocrx_word' id='word_1_312' title='bbox 831 2654 884 2707; x_wconf 91' lang='lat' dir='ltr'><strong>vini</strong></span> <span class='ocrx_word' id='word_1_313' title='bbox 898 2655 1022 2709; x_wconf 86' lang='lat' dir='ltr'><strong>Rhensni</strong></span> <span class='ocrx_word' id='word_1_314' title='bbox 1034 2663 1169 2722; x_wconf 86' lang='lat' dir='ltr'><strong>numeret,</strong></span> <span class='ocrx_word' id='word_1_315' title='bbox 1188 2655 1268 2710; x_wconf 90' lang='lat' dir='ltr'><strong>unius</strong></span> <span class='ocrx_word' id='word_1_316' title='bbox 1287 2656 1350 2711; x_wconf 91' lang='lat' dir='ltr'><strong>anni</strong></span> <span class='ocrx_word' id='word_1_317' title='bbox 1368 2671 1481 2724; x_wconf 84' lang='lat' dir='ltr'><strong>prosen-</strong></span> 
     </span>
     <span class='ocr_line' id='line_1_30' title="bbox 136 2733 1481 2803; baseline -0.001 -13"><span class='ocrx_word' id='word_1_318' title='bbox 136 2745 194 2791; x_wconf 89' lang='lat' dir='ltr'><strong>tum</strong></span> <span class='ocrx_word' id='word_1_319' title='bbox 211 2750 267 2789; x_wconf 91' lang='lat' dir='ltr'><strong>non</strong></span> <span class='ocrx_word' id='word_1_320' title='bbox 285 2733 352 2789; x_wconf 92' lang='lat' dir='ltr'><strong>adeo</strong></span> <span class='ocrx_word' id='word_1_321' title='bbox 370 2733 462 2788; x_wconf 90' lang='lat' dir='ltr'><strong>multis</strong></span> <span class='ocrx_word' id='word_1_322' title='bbox 479 2733 584 2788; x_wconf 84' lang='lat' dir='ltr'><strong>uicibus</strong></span> <span class='ocrx_word' id='word_1_323' title='bbox 602 2734 663 2788; x_wconf 87' lang='lat' dir='ltr'><strong>iore</strong></span> <span class='ocrx_word' id='word_1_324' title='bbox 680 2736 816 2802; x_wconf 87' lang='lat' dir='ltr'><strong>majorem.</strong></span> <span class='ocrx_word' id='word_1_325' title='bbox 852 2734 904 2802; x_wconf 81' lang='lat' dir='ltr'><strong>Qui</strong></span> <span class='ocrx_word' id='word_1_326' title='bbox 922 2750 986 2790; x_wconf 89' lang='lat' dir='ltr'><strong>vero</strong></span> <span class='ocrx_word' id='word_1_327' title='bbox 1010 2734 1127 2801; x_wconf 89' lang='lat' dir='ltr'><strong>majores</strong></span> <span class='ocrx_word' id='word_1_328' title='bbox 1149 2749 1267 2789; x_wconf 83' lang='lat' dir='ltr'><strong>summas</strong></span> <span class='ocrx_word' id='word_1_329' title='bbox 1293 2740 1424 2803; x_wconf 87' lang='lat' dir='ltr'><strong>tractant,</strong></span> <span class='ocrx_word' id='word_1_330' title='bbox 1451 2744 1481 2789; x_wconf 91' lang='lat' dir='ltr'><strong>ut</strong></span> 
     </span>
     <span class='ocr_line' id='line_1_31' title="bbox 135 2811 1481 2883; baseline -0.001 -11"><span class='ocrx_word' id='word_1_331' title='bbox 135 2818 164 2873; x_wconf 89' lang='lat' dir='ltr'><strong>in</strong></span> <span class='ocrx_word' id='word_1_332' title='bbox 183 2830 212 2869; x_wconf 90' lang='lat' dir='ltr'><strong>re</strong></span> <span class='ocrx_word' id='word_1_333' title='bbox 230 2815 388 2879; x_wconf 87' lang='lat' dir='ltr'><strong>monetaria,</strong></span> <span class='ocrx_word' id='word_1_334' title='bbox 405 2813 438 2868; x_wconf 92' lang='lat' dir='ltr'><strong>iis</strong></span> <span class='ocrx_word' id='word_1_335' title='bbox 456 2813 611 2883; x_wconf 82' lang='lat' dir='ltr'><strong>exemplum</strong></span> <span class='ocrx_word' id='word_1_336' title='bbox 628 2812 797 2867; x_wconf 86' lang='lat' dir='ltr'><strong>Archimedis</strong></span> <span class='ocrx_word' id='word_1_337' title='bbox 815 2811 843 2866; x_wconf 92' lang='lat' dir='ltr'><strong>in</strong></span> <span class='ocrx_word' id='word_1_338' title='bbox 866 2811 997 2867; x_wconf 90' lang='lat' dir='ltr'><strong>tradendo</strong></span> <span class='ocrx_word' id='word_1_339' title='bbox 1023 2828 1121 2869; x_wconf 74' lang='lat' dir='ltr'><strong>menae</strong></span> <span class='ocrx_word' id='word_1_340' title='bbox 1140 2829 1252 2869; x_wconf 90' lang='lat' dir='ltr'><strong>numero</strong></span> <span class='ocrx_word' id='word_1_341' title='bbox 1269 2815 1305 2870; x_wconf 87' lang='lat' dir='ltr'><strong>ad</strong></span> <span class='ocrx_word' id='word_1_342' title='bbox 1322 2814 1481 2870; x_wconf 88' lang='lat' dir='ltr'><strong>imitandum</strong></span> 
     </span>
     <span class='ocr_line' id='line_1_32' title="bbox 136 2894 373 2967; baseline -0.03 -14"><span class='ocrx_word' id='word_1_343' title='bbox 136 2904 179 2953; x_wconf 87' lang='lat' dir='ltr'><strong>est</strong></span> <span class='ocrx_word' id='word_1_344' title='bbox 195 2894 373 2967; x_wconf 87' lang='lat' dir='ltr'><strong>propesitum.</strong></span> 
     </span>
    </p>

    <p class='ocr_par' dir='ltr' id='par_1_7' title="bbox 133 2970 1482 3426">
     <span class='ocr_line' id='line_1_33' title="bbox 223 2970 1482 3042; baseline 0.002 -14"><span class='ocrx_word' id='word_1_345' title='bbox 223 2974 276 3028; x_wconf 84' lang='lat' dir='ltr'><strong>Est</strong></span> <span class='ocrx_word' id='word_1_346' title='bbox 293 2988 356 3028; x_wconf 89' lang='lat' dir='ltr'><strong>vero</strong></span> <span class='ocrx_word' id='word_1_347' title='bbox 374 2972 485 3039; x_wconf 87' lang='lat' dir='ltr'><strong>insuper</strong></span> <span class='ocrx_word' id='word_1_348' title='bbox 502 2970 647 3027; x_wconf 90' lang='lat' dir='ltr'><strong>metuenda</strong></span> <span class='ocrx_word' id='word_1_349' title='bbox 664 2970 769 3041; x_wconf 90' lang='lat' dir='ltr'><strong>eludes,</strong></span> <span class='ocrx_word' id='word_1_350' title='bbox 796 2972 819 3027; x_wconf 94' lang='lat' dir='ltr'><strong>si</strong></span> <span class='ocrx_word' id='word_1_351' title='bbox 837 2972 983 3042; x_wconf 90' lang='lat' dir='ltr'><strong>recipiatur</strong></span> <span class='ocrx_word' id='word_1_352' title='bbox 1001 2970 1198 3041; x_wconf 87' lang='lat' dir='ltr'><strong>progressionis</strong></span> <span class='ocrx_word' id='word_1_353' title='bbox 1216 2972 1376 3041; x_wconf 86' lang='lat' dir='ltr'><strong>aequalitas.</strong></span> <span class='ocrx_word' id='word_1_354' title='bbox 1412 2975 1482 3030; x_wconf 87' lang='lat' dir='ltr'><strong>Num</strong></span> 
     </span>
     <span class='ocr_line' id='line_1_34' title="bbox 136 3049 1482 3123; baseline 0 -13"><span class='ocrx_word' id='word_1_355' title='bbox 136 3061 169 3111; x_wconf 91' lang='lat' dir='ltr'><strong>ut</strong></span> <span class='ocrx_word' id='word_1_356' title='bbox 186 3061 344 3123; x_wconf 88' lang='lat' dir='ltr'><strong>praesentes</strong></span> <span class='ocrx_word' id='word_1_357' title='bbox 363 3058 391 3105; x_wconf 92' lang='lat' dir='ltr'><strong>et</strong></span> <span class='ocrx_word' id='word_1_358' title='bbox 407 3058 533 3120; x_wconf 89' lang='lat' dir='ltr'><strong>posteros</strong></span> <span class='ocrx_word' id='word_1_359' title='bbox 551 3052 579 3105; x_wconf 90' lang='lat' dir='ltr'><strong>in</strong></span> <span class='ocrx_word' id='word_1_360' title='bbox 597 3057 734 3119; x_wconf 87' lang='lat' dir='ltr'><strong>potestate</strong></span> <span class='ocrx_word' id='word_1_361' title='bbox 751 3057 846 3107; x_wconf 82' lang='lat' dir='ltr'><strong>nostm</strong></span> <span class='ocrx_word' id='word_1_362' title='bbox 864 3051 1029 3116; x_wconf 88' lang='lat' dir='ltr'><strong>habeamus,</strong></span> <span class='ocrx_word' id='word_1_363' title='bbox 1059 3049 1176 3118; x_wconf 86' lang='lat' dir='ltr'><strong>majores</strong></span> <span class='ocrx_word' id='word_1_364' title='bbox 1202 3058 1275 3105; x_wconf 88' lang='lat' dir='ltr'><strong>certe</strong></span> <span class='ocrx_word' id='word_1_365' title='bbox 1300 3059 1409 3109; x_wconf 71' lang='lat' dir='ltr'><strong>nosnos</strong></span> <span class='ocrx_word' id='word_1_366' title='bbox 1427 3071 1482 3110; x_wconf 92' lang='lat' dir='ltr'><strong>nou</strong></span> 
     </span>
     <span class='ocr_line' id='line_1_35' title="bbox 138 3129 1481 3203; baseline -0.001 -15"><span class='ocrx_word' id='word_1_367' title='bbox 138 3134 276 3189; x_wconf 85' lang='lat' dir='ltr'><strong>habemus.</strong></span> <span class='ocrx_word' id='word_1_368' title='bbox 311 3132 409 3201; x_wconf 87' lang='lat' dir='ltr'><strong>Itaque</strong></span> <span class='ocrx_word' id='word_1_369' title='bbox 427 3147 488 3186; x_wconf 91' lang='lat' dir='ltr'><strong>cem</strong></span> <span class='ocrx_word' id='word_1_370' title='bbox 506 3129 587 3185; x_wconf 90' lang='lat' dir='ltr'><strong>iidem</strong></span> <span class='ocrx_word' id='word_1_371' title='bbox 604 3131 796 3200; x_wconf 84' lang='lat' dir='ltr'><strong>inaequalitate</strong></span> <span class='ocrx_word' id='word_1_372' title='bbox 815 3132 842 3185; x_wconf 90' lang='lat' dir='ltr'><strong>iu</strong></span> <span class='ocrx_word' id='word_1_373' title='bbox 861 3130 1012 3198; x_wconf 90' lang='lat' dir='ltr'><strong>colligendo</strong></span> <span class='ocrx_word' id='word_1_374' title='bbox 1031 3130 1085 3183; x_wconf 89' lang='lat' dir='ltr'><strong>sint</strong></span> <span class='ocrx_word' id='word_1_375' title='bbox 1097 3129 1149 3197; x_wconf 86' lang='lat' dir='ltr'><strong>usi,</strong></span> <span class='ocrx_word' id='word_1_376' title='bbox 1168 3145 1204 3184; x_wconf 90' lang='lat' dir='ltr'><strong>sn</strong></span> <span class='ocrx_word' id='word_1_377' title='bbox 1216 3146 1270 3184; x_wconf 91' lang='lat' dir='ltr'><strong>neu</strong></span> <span class='ocrx_word' id='word_1_378' title='bbox 1285 3131 1348 3187; x_wconf 92' lang='lat' dir='ltr'><strong>olim</strong></span> <span class='ocrx_word' id='word_1_379' title='bbox 1360 3135 1481 3203; x_wconf 90' lang='lat' dir='ltr'><strong>ipsorum</strong></span> 
     </span>
     <span class='ocr_line' id='line_1_36' title="bbox 136 3208 1482 3287; baseline -0.001 -19"><span class='ocrx_word' id='word_1_380' title='bbox 136 3213 250 3270; x_wconf 88' lang='lat' dir='ltr'><strong>rationis</strong></span> <span class='ocrx_word' id='word_1_381' title='bbox 275 3208 433 3265; x_wconf 90' lang='lat' dir='ltr'><strong>numerandi</strong></span> <span class='ocrx_word' id='word_1_382' title='bbox 459 3210 568 3277; x_wconf 88' lang='lat' dir='ltr'><strong>penitus</strong></span> <span class='ocrx_word' id='word_1_383' title='bbox 595 3210 800 3287; x_wconf 85' lang='lat' dir='ltr'><strong>obliviscemur,</strong></span> <span class='ocrx_word' id='word_1_384' title='bbox 827 3211 969 3281; x_wconf 87' lang='lat' dir='ltr'><strong>repudiata</strong></span> <span class='ocrx_word' id='word_1_385' title='bbox 995 3209 1200 3278; x_wconf 88' lang='lat' dir='ltr'><strong>inaequalitate:</strong></span> <span class='ocrx_word' id='word_1_386' title='bbox 1229 3210 1269 3263; x_wconf 87' lang='lat' dir='ltr'><strong>uti</strong></span> <span class='ocrx_word' id='word_1_387' title='bbox 1292 3211 1399 3278; x_wconf 87' lang='lat' dir='ltr'><strong>quidem</strong></span> <span class='ocrx_word' id='word_1_388' title='bbox 1423 3211 1482 3266; x_wconf 85' lang='lat' dir='ltr'><strong>sola</strong></span> 
     </span>
     <span class='ocr_line' id='line_1_37' title="bbox 136 3288 1480 3361; baseline -0.001 -13"><span class='ocrx_word' id='word_1_389' title='bbox 136 3302 289 3361; x_wconf 90' lang='lat' dir='ltr'><strong>temporum</strong></span> <span class='ocrx_word' id='word_1_390' title='bbox 307 3290 484 3345; x_wconf 90' lang='lat' dir='ltr'><strong>diuturnitate</strong></span> <span class='ocrx_word' id='word_1_391' title='bbox 501 3288 603 3346; x_wconf 82' lang='lat' dir='ltr'><strong>fectum</strong></span> <span class='ocrx_word' id='word_1_392' title='bbox 619 3291 676 3357; x_wconf 86' lang='lat' dir='ltr'><strong>jem</strong></span> <span class='ocrx_word' id='word_1_393' title='bbox 696 3290 817 3345; x_wconf 86' lang='lat' dir='ltr'><strong>videmus</strong></span> <span class='ocrx_word' id='word_1_394' title='bbox 836 3291 870 3346; x_wconf 90' lang='lat' dir='ltr'><strong>de</strong></span> <span class='ocrx_word' id='word_1_395' title='bbox 886 3289 1019 3345; x_wconf 86' lang='lat' dir='ltr'><strong>mensuris</strong></span> <span class='ocrx_word' id='word_1_396' title='bbox 1037 3289 1232 3357; x_wconf 83' lang='lat' dir='ltr'><strong>Romanorum,</strong></span> <span class='ocrx_word' id='word_1_397' title='bbox 1257 3305 1327 3359; x_wconf 85' lang='lat' dir='ltr'><strong>quas</strong></span> <span class='ocrx_word' id='word_1_398' title='bbox 1345 3291 1395 3346; x_wconf 90' lang='lat' dir='ltr'><strong>viri</strong></span> <span class='ocrx_word' id='word_1_399' title='bbox 1416 3291 1480 3347; x_wconf 93' lang='lat' dir='ltr'><strong>doc·</strong></span> 
     </span>
     <span class='ocr_line' id='line_1_38' title="bbox 133 3368 1479 3426; baseline -0.001 0"><span class='ocrx_word' id='word_1_400' title='bbox 133 3370 235 3426; x_wconf 81' lang='lat' dir='ltr'><strong>tissimi</strong></span> <span class='ocrx_word' id='word_1_401' title='bbox 251 3370 296 3424; x_wconf 84' lang='lat' dir='ltr'><strong>vix</strong></span> <span class='ocrx_word' id='word_1_402' title='bbox 314 3369 387 3423; x_wconf 90' lang='lat' dir='ltr'><strong>omni</strong></span> <span class='ocrx_word' id='word_1_403' title='bbox 404 3368 495 3424; x_wconf 88' lang='lat' dir='ltr'><strong>studio</strong></span> <span class='ocrx_word' id='word_1_404' title='bbox 514 3368 541 3422; x_wconf 90' lang='lat' dir='ltr'><strong>in</strong></span> <span class='ocrx_word' id='word_1_405' title='bbox 559 3369 646 3424; x_wconf 91' lang='lat' dir='ltr'><strong>lucem</strong></span> <span class='ocrx_word' id='word_1_406' title='bbox 664 3379 802 3424; x_wconf 90' lang='lat' dir='ltr'><strong>revocant.</strong></span> <span class='ocrx_word' id='word_1_407' title='bbox 1475 3404 1479 3415; x_wconf 77' lang='lat'><em>-</em></span> 
     </span>
    </p>

    <p class='ocr_par' dir='ltr' id='par_1_8' title="bbox 103 3446 1483 3993">
     <span class='ocr_line' id='line_1_39' title="bbox 224 3446 1482 3517; baseline 0.001 -13"><span class='ocrx_word' id='word_1_408' title='bbox 224 3450 288 3504; x_wconf 85' lang='lat' dir='ltr'><strong>Dixi</strong></span> <span class='ocrx_word' id='word_1_409' title='bbox 306 3465 369 3504; x_wconf 91' lang='lat' dir='ltr'><strong>vere</strong></span> <span class='ocrx_word' id='word_1_410' title='bbox 388 3456 417 3503; x_wconf 89' lang='lat' dir='ltr'><strong>et</strong></span> <span class='ocrx_word' id='word_1_411' title='bbox 434 3448 592 3504; x_wconf 87' lang='lat' dir='ltr'><strong>numerandi</strong></span> <span class='ocrx_word' id='word_1_412' title='bbox 609 3448 886 3503; x_wconf 84' lang='lat' dir='ltr'><strong>commoditatem</strong></span> <span class='ocrx_word' id='word_1_413' title='bbox 909 3447 1033 3515; x_wconf 87' lang='lat' dir='ltr'><strong>adjuvari</strong></span> <span class='ocrx_word' id='word_1_414' title='bbox 1056 3446 1257 3517; x_wconf 89' lang='lat' dir='ltr'><strong>inaequalitate.</strong></span> <span class='ocrx_word' id='word_1_415' title='bbox 1294 3448 1365 3503; x_wconf 84' lang='lat' dir='ltr'><strong>Nam</strong></span> <span class='ocrx_word' id='word_1_416' title='bbox 1383 3449 1418 3504; x_wconf 92' lang='lat' dir='ltr'><strong>ad</strong></span> <span class='ocrx_word' id='word_1_417' title='bbox 1436 3464 1482 3505; x_wconf 85' lang='lat' dir='ltr'><strong>ex·</strong></span> 
     </span>
     <span class='ocr_line' id='line_1_40' title="bbox 137 3525 1481 3598; baseline 0.001 -17"><span class='ocrx_word' id='word_1_418' title='bbox 137 3529 229 3598; x_wconf 91' lang='lat' dir='ltr'><strong>pedite</strong></span> <span class='ocrx_word' id='word_1_419' title='bbox 247 3528 451 3594; x_wconf 88' lang='lat' dir='ltr'><strong>numerandum,</strong></span> <span class='ocrx_word' id='word_1_420' title='bbox 469 3528 628 3598; x_wconf 89' lang='lat' dir='ltr'><strong>praesertim</strong></span> <span class='ocrx_word' id='word_1_421' title='bbox 645 3528 674 3582; x_wconf 91' lang='lat' dir='ltr'><strong>in</strong></span> <span class='ocrx_word' id='word_1_422' title='bbox 692 3525 888 3585; x_wconf 81' lang='lat' dir='ltr'><strong>contractibus.</strong></span> <span class='ocrx_word' id='word_1_423' title='bbox 912 3526 1059 3596; x_wconf 88' lang='lat' dir='ltr'><strong>requiritur</strong></span> <span class='ocrx_word' id='word_1_424' title='bbox 1081 3526 1211 3581; x_wconf 90' lang='lat' dir='ltr'><strong>memoria</strong></span> <span class='ocrx_word' id='word_1_425' title='bbox 1228 3533 1256 3579; x_wconf 89' lang='lat' dir='ltr'><strong>et</strong></span> <span class='ocrx_word' id='word_1_426' title='bbox 1274 3527 1481 3583; x_wconf 88' lang='lat' dir='ltr'><strong>reminiscentia.</strong></span> 
     </span>
     <span class='ocr_line' id='line_1_41' title="bbox 135 3602 1481 3677; baseline -0.001 -15"><span class='ocrx_word' id='word_1_427' title='bbox 135 3608 199 3662; x_wconf 87' lang='lat' dir='ltr'><strong>Jam</strong></span> <span class='ocrx_word' id='word_1_428' title='bbox 211 3608 289 3663; x_wconf 86' lang='lat' dir='ltr'><strong>valde</strong></span> <span class='ocrx_word' id='word_1_429' title='bbox 300 3607 404 3677; x_wconf 81' lang='lat' dir='ltr'><strong>lubrica</strong></span> <span class='ocrx_word' id='word_1_430' title='bbox 420 3607 543 3662; x_wconf 88' lang='lat' dir='ltr'><strong>redditur</strong></span> <span class='ocrx_word' id='word_1_431' title='bbox 560 3606 676 3661; x_wconf 80' lang='lat' dir='ltr'><strong>facultas</strong></span> <span class='ocrx_word' id='word_1_432' title='bbox 694 3607 755 3676; x_wconf 88' lang='lat' dir='ltr'><strong>ista,</strong></span> <span class='ocrx_word' id='word_1_433' title='bbox 774 3606 823 3660; x_wconf 92' lang='lat' dir='ltr'><strong>uhi</strong></span> <span class='ocrx_word' id='word_1_434' title='bbox 839 3605 915 3660; x_wconf 91' lang='lat' dir='ltr'><strong>nulla</strong></span> <span class='ocrx_word' id='word_1_435' title='bbox 940 3612 1034 3660; x_wconf 90' lang='lat' dir='ltr'><strong>contra</strong></span> <span class='ocrx_word' id='word_1_436' title='bbox 1058 3619 1087 3658; x_wconf 89' lang='lat' dir='ltr'><strong>se</strong></span> <span class='ocrx_word' id='word_1_437' title='bbox 1106 3602 1232 3658; x_wconf 89' lang='lat' dir='ltr'><strong>distincta</strong></span> <span class='ocrx_word' id='word_1_438' title='bbox 1250 3603 1353 3659; x_wconf 91' lang='lat' dir='ltr'><strong>invenit</strong></span> <span class='ocrx_word' id='word_1_439' title='bbox 1370 3605 1481 3661; x_wconf 90' lang='lat' dir='ltr'><strong>admini-</strong></span> 
     </span>
     <span class='ocr_line' id='line_1_42' title="bbox 137 3684 1481 3754; baseline 0 -13"><span class='ocrx_word' id='word_1_440' title='bbox 137 3685 208 3741; x_wconf 89' lang='lat' dir='ltr'><strong>cula.</strong></span> <span class='ocrx_word' id='word_1_441' title='bbox 246 3686 312 3753; x_wconf 76' lang='lat' dir='ltr'><strong>Quis</strong></span> <span class='ocrx_word' id='word_1_442' title='bbox 326 3688 395 3741; x_wconf 91' lang='lat' dir='ltr'><strong>enim</strong></span> <span class='ocrx_word' id='word_1_443' title='bbox 413 3687 505 3741; x_wconf 88' lang='lat' dir='ltr'><strong>statim</strong></span> <span class='ocrx_word' id='word_1_444' title='bbox 524 3700 553 3739; x_wconf 90' lang='lat' dir='ltr'><strong>se</strong></span> <span class='ocrx_word' id='word_1_445' title='bbox 571 3685 688 3754; x_wconf 87' lang='lat' dir='ltr'><strong>colliget,</strong></span> <span class='ocrx_word' id='word_1_446' title='bbox 706 3684 735 3739; x_wconf 91' lang='lat' dir='ltr'><strong>iu</strong></span> <span class='ocrx_word' id='word_1_447' title='bbox 753 3685 880 3740; x_wconf 89' lang='lat' dir='ltr'><strong>secundis</strong></span> <span class='ocrx_word' id='word_1_448' title='bbox 897 3701 932 3739; x_wconf 91' lang='lat' dir='ltr'><strong>an</strong></span> <span class='ocrx_word' id='word_1_449' title='bbox 950 3684 1038 3739; x_wconf 91' lang='lat' dir='ltr'><strong>tertiis</strong></span> <span class='ocrx_word' id='word_1_450' title='bbox 1056 3690 1186 3753; x_wconf 82' lang='lat' dir='ltr'><strong>versetur,</strong></span> <span class='ocrx_word' id='word_1_451' title='bbox 1205 3684 1229 3738; x_wconf 92' lang='lat' dir='ltr'><strong>si</strong></span> <span class='ocrx_word' id='word_1_452' title='bbox 1248 3684 1428 3741; x_wconf 89' lang='lat' dir='ltr'><strong>secundorum</strong></span> <span class='ocrx_word' id='word_1_453' title='bbox 1447 3686 1481 3741; x_wconf 86' lang='lat' dir='ltr'><strong>ad</strong></span> 
     </span>
     <span class='ocr_line' id='line_1_43' title="bbox 103 3763 1482 3835; baseline -0.001 -14"><span class='ocrx_word' id='word_1_454' title='bbox 103 3819 115 3831; x_wconf 73' lang='grc'><em>,</em></span> <span class='ocrx_word' id='word_1_455' title='bbox 136 3766 221 3821; x_wconf 89' lang='lat' dir='ltr'><strong>tertia</strong></span> <span class='ocrx_word' id='word_1_456' title='bbox 238 3766 273 3821; x_wconf 86' lang='lat' dir='ltr'><strong>sit</strong></span> <span class='ocrx_word' id='word_1_457' title='bbox 291 3766 384 3821; x_wconf 87' lang='lat' dir='ltr'><strong>eadem</strong></span> <span class='ocrx_word' id='word_1_458' title='bbox 401 3764 551 3835; x_wconf 88' lang='lat' dir='ltr'><strong>propertio,</strong></span> <span class='ocrx_word' id='word_1_459' title='bbox 569 3781 639 3835; x_wconf 88' lang='lat' dir='ltr'><strong>quae</strong></span> <span class='ocrx_word' id='word_1_460' title='bbox 658 3763 803 3834; x_wconf 87' lang='lat' dir='ltr'><strong>primorum</strong></span> <span class='ocrx_word' id='word_1_461' title='bbox 822 3765 857 3819; x_wconf 91' lang='lat' dir='ltr'><strong>ad</strong></span> <span class='ocrx_word' id='word_1_462' title='bbox 875 3764 1002 3833; x_wconf 86' lang='lat' dir='ltr'><strong>secunda,</strong></span> <span class='ocrx_word' id='word_1_463' title='bbox 1020 3763 1071 3818; x_wconf 89' lang='lat' dir='ltr'><strong>nisi</strong></span> <span class='ocrx_word' id='word_1_464' title='bbox 1090 3763 1124 3817; x_wconf 89' lang='lat' dir='ltr'><strong>ad</strong></span> <span class='ocrx_word' id='word_1_465' title='bbox 1137 3778 1229 3818; x_wconf 84' lang='lat' dir='ltr'><strong>omues</strong></span> <span class='ocrx_word' id='word_1_466' title='bbox 1242 3763 1331 3817; x_wconf 89' lang='lat' dir='ltr'><strong>uictus</strong></span> <span class='ocrx_word' id='word_1_467' title='bbox 1343 3764 1482 3819; x_wconf 88' lang='lat' dir='ltr'><strong>oculorum</strong></span> 
     </span>
     <span class='ocr_line' id='line_1_44' title="bbox 135 3839 1482 3935; baseline 0 -37"><span class='ocrx_word' id='word_1_468' title='bbox 135 3860 247 3898; x_wconf 91' lang='lat' dir='ltr'><strong>manum</strong></span> <span class='ocrx_word' id='word_1_469' title='bbox 265 3844 365 3899; x_wconf 80' lang='lat' dir='ltr'><strong>habeat</strong></span> <span class='ocrx_word' id='word_1_470' title='bbox 382 3846 411 3899; x_wconf 94' lang='lat' dir='ltr'><strong>in</strong></span> <span class='ocrx_word' id='word_1_471' title='bbox 428 3845 522 3899; x_wconf 89' lang='lat' dir='ltr'><strong>tabula</strong></span> <span class='ocrx_word' id='word_1_472' title='bbox 540 3852 670 3935; x_wconf 75' lang='lat' dir='ltr'><strong>notatque</strong></span> <span class='ocrx_word' id='word_1_473' title='bbox 688 3859 814 3899; x_wconf 88' lang='lat' dir='ltr'><strong>numeros</strong></span> <span class='ocrx_word' id='word_1_474' title='bbox 833 3844 976 3912; x_wconf 82' lang='lat' dir='ltr'><strong>apicibus?</strong></span> <span class='ocrx_word' id='word_1_475' title='bbox 1006 3841 1129 3909; x_wconf 89' lang='lat' dir='ltr'><strong>Omnino,</strong></span> <span class='ocrx_word' id='word_1_476' title='bbox 1148 3841 1267 3910; x_wconf 82' lang='lat' dir='ltr'><strong>quodie</strong></span> <span class='ocrx_word' id='word_1_477' title='bbox 1285 3839 1362 3896; x_wconf 87' lang='lat' dir='ltr'><strong>clivis</strong></span> <span class='ocrx_word' id='word_1_478' title='bbox 1380 3843 1482 3911; x_wconf 89' lang='lat' dir='ltr'><strong>platea·</strong></span> 
     </span>
     <span class='ocr_line' id='line_1_45' title="bbox 136 3920 1483 3993; baseline 0.001 -15"><span class='ocrx_word' id='word_1_479' title='bbox 136 3940 197 3979; x_wconf 88' lang='lat' dir='ltr'><strong>rum</strong></span> <span class='ocrx_word' id='word_1_480' title='bbox 210 3932 274 3978; x_wconf 87' lang='lat' dir='ltr'><strong>sunt</strong></span> <span class='ocrx_word' id='word_1_481' title='bbox 286 3925 377 3993; x_wconf 88' lang='lat' dir='ltr'><strong>scrupi</strong></span> <span class='ocrx_word' id='word_1_482' title='bbox 390 3931 417 3978; x_wconf 94' lang='lat' dir='ltr'><strong>et</strong></span> <span class='ocrx_word' id='word_1_483' title='bbox 434 3924 528 3989; x_wconf 87' lang='lat' dir='ltr'><strong>laevia,</strong></span> <span class='ocrx_word' id='word_1_484' title='bbox 544 3923 597 3977; x_wconf 91' lang='lat' dir='ltr'><strong>hoc</strong></span> <span class='ocrx_word' id='word_1_485' title='bbox 615 3923 721 3978; x_wconf 78' lang='lat' dir='ltr'><strong>videtur</strong></span> <span class='ocrx_word' id='word_1_486' title='bbox 738 3922 766 3976; x_wconf 88' lang='lat' dir='ltr'><strong>in</strong></span> <span class='ocrx_word' id='word_1_487' title='bbox 783 3920 1016 3976; x_wconf 90' lang='lat' dir='ltr'><strong>numerationibus</strong></span> <span class='ocrx_word' id='word_1_488' title='bbox 1034 3933 1094 3976; x_wconf 86' lang='lat' dir='ltr'><strong>esse</strong></span> <span class='ocrx_word' id='word_1_489' title='bbox 1112 3921 1293 3990; x_wconf 88' lang='lat' dir='ltr'><strong>inaequalitas</strong></span> <span class='ocrx_word' id='word_1_490' title='bbox 1311 3928 1339 3976; x_wconf 91' lang='lat' dir='ltr'><strong>et</strong></span> <span class='ocrx_word' id='word_1_491' title='bbox 1356 3924 1483 3979; x_wconf 76' lang='lat' dir='ltr'><strong>coudnua</strong></span> 
     </span>
    </p>

    <p class='ocr_par' dir='ltr' id='par_1_9' title="bbox 134 4020 1486 4549">
     <span class='ocr_line' id='line_1_46' title="bbox 161 4020 305 4075; baseline 0.007 -17"><span class='ocrx_word' id='word_1_492' title='bbox 161 4020 305 4075; x_wconf 82' lang='lat' dir='ltr'><strong>regressio.</strong></span> 
     </span>
     <span class='ocr_line' id='line_1_47' title="bbox 138 4022 1484 4154; baseline -0.003 -13"><span class='ocrx_word' id='word_1_493' title='bbox 138 4022 159 4076; x_wconf 72' lang='lat' dir='ltr'>p</span> <span class='ocrx_word' id='word_1_494' title='bbox 225 4086 264 4141; x_wconf 90' lang='lat' dir='ltr'><strong>Ut</strong></span> <span class='ocrx_word' id='word_1_495' title='bbox 281 4100 345 4138; x_wconf 89' lang='lat' dir='ltr'><strong>vero</strong></span> <span class='ocrx_word' id='word_1_496' title='bbox 363 4099 413 4154; x_wconf 88' lang='lat' dir='ltr'><strong>per</strong></span> <span class='ocrx_word' id='word_1_497' title='bbox 431 4098 526 4138; x_wconf 90' lang='lat' dir='ltr'><strong>omues</strong></span> <span class='ocrx_word' id='word_1_498' title='bbox 544 4083 669 4153; x_wconf 81' lang='lat' dir='ltr'><strong>regiones</strong></span> <span class='ocrx_word' id='word_1_499' title='bbox 688 4094 743 4135; x_wconf 91' lang='lat' dir='ltr'><strong>una</strong></span> <span class='ocrx_word' id='word_1_500' title='bbox 760 4086 788 4135; x_wconf 89' lang='lat' dir='ltr'><strong>ct</strong></span> <span class='ocrx_word' id='word_1_501' title='bbox 806 4080 900 4134; x_wconf 85' lang='lat' dir='ltr'><strong>eadem</strong></span> <span class='ocrx_word' id='word_1_502' title='bbox 922 4080 992 4133; x_wconf 89' lang='lat' dir='ltr'><strong>ratio</strong></span> <span class='ocrx_word' id='word_1_503' title='bbox 1011 4078 1190 4146; x_wconf 87' lang='lat' dir='ltr'><strong>collectionis,</strong></span> <span class='ocrx_word' id='word_1_504' title='bbox 1214 4081 1308 4138; x_wconf 86' lang='lat' dir='ltr'><strong>eadem</strong></span> <span class='ocrx_word' id='word_1_505' title='bbox 1331 4082 1484 4137; x_wconf 75' lang='lat' dir='ltr'><strong>assumatis</strong></span> 
     </span>
     <span class='ocr_line' id='line_1_48' title="bbox 137 4159 1485 4233; baseline -0.005 -13"><span class='ocrx_word' id='word_1_506' title='bbox 137 4165 229 4220; x_wconf 79' lang='lat' dir='ltr'><strong>indari</strong></span> <span class='ocrx_word' id='word_1_507' title='bbox 246 4165 273 4220; x_wconf 90' lang='lat' dir='ltr'><strong>in</strong></span> <span class='ocrx_word' id='word_1_508' title='bbox 293 4163 437 4233; x_wconf 86' lang='lat' dir='ltr'><strong>amphoris,</strong></span> <span class='ocrx_word' id='word_1_509' title='bbox 456 4162 604 4217; x_wconf 86' lang='lat' dir='ltr'><strong>centenarii</strong></span> <span class='ocrx_word' id='word_1_510' title='bbox 623 4163 649 4215; x_wconf 93' lang='lat' dir='ltr'><strong>in</strong></span> <span class='ocrx_word' id='word_1_511' title='bbox 668 4159 745 4214; x_wconf 86' lang='lat' dir='ltr'><strong>libris</strong></span> <span class='ocrx_word' id='word_1_512' title='bbox 763 4159 930 4225; x_wconf 86' lang='lat' dir='ltr'><strong>stabiliatur,</strong></span> <span class='ocrx_word' id='word_1_513' title='bbox 954 4174 1041 4226; x_wconf 89' lang='lat' dir='ltr'><strong>eaque</strong></span> <span class='ocrx_word' id='word_1_514' title='bbox 1058 4159 1133 4227; x_wconf 93' lang='lat' dir='ltr'><strong>talis,</strong></span> <span class='ocrx_word' id='word_1_515' title='bbox 1160 4175 1230 4227; x_wconf 92' lang='lat' dir='ltr'><strong>qoae</strong></span> <span class='ocrx_word' id='word_1_516' title='bbox 1248 4160 1378 4229; x_wconf 89' lang='lat' dir='ltr'><strong>pulchros</strong></span> <span class='ocrx_word' id='word_1_517' title='bbox 1396 4167 1426 4215; x_wconf 94' lang='lat' dir='ltr'><strong>et</strong></span> <span class='ocrx_word' id='word_1_518' title='bbox 1441 4176 1485 4213; x_wconf 89' lang='lat' dir='ltr'><strong>ro·</strong></span> 
     </span>
     <span class='ocr_line' id='line_1_49' title="bbox 135 4237 1485 4311; baseline -0.005 -12"><span class='ocrx_word' id='word_1_519' title='bbox 135 4244 239 4299; x_wconf 89' lang='lat' dir='ltr'><strong>tuudos</strong></span> <span class='ocrx_word' id='word_1_520' title='bbox 257 4258 383 4297; x_wconf 88' lang='lat' dir='ltr'><strong>numeros</strong></span> <span class='ocrx_word' id='word_1_521' title='bbox 402 4242 492 4311; x_wconf 85' lang='lat' dir='ltr'><strong>eligat,</strong></span> <span class='ocrx_word' id='word_1_522' title='bbox 514 4256 584 4310; x_wconf 91' lang='lat' dir='ltr'><strong>quae</strong></span> <span class='ocrx_word' id='word_1_523' title='bbox 602 4256 656 4293; x_wconf 89' lang='lat' dir='ltr'><strong>uon</strong></span> <span class='ocrx_word' id='word_1_524' title='bbox 674 4238 754 4305; x_wconf 92' lang='lat' dir='ltr'><strong>longe</strong></span> <span class='ocrx_word' id='word_1_525' title='bbox 772 4238 853 4293; x_wconf 88' lang='lat' dir='ltr'><strong>abeat</strong></span> <span class='ocrx_word' id='word_1_526' title='bbox 879 4237 912 4291; x_wconf 86' lang='lat' dir='ltr'><strong>ab</strong></span> <span class='ocrx_word' id='word_1_527' title='bbox 941 4237 1068 4291; x_wconf 83' lang='lat' dir='ltr'><strong>extremis</strong></span> <span class='ocrx_word' id='word_1_528' title='bbox 1090 4238 1224 4291; x_wconf 71' lang='lat' dir='ltr'><strong>vanarum</strong></span> <span class='ocrx_word' id='word_1_529' title='bbox 1250 4239 1400 4305; x_wconf 89' lang='lat' dir='ltr'><strong>regionum,</strong></span> <span class='ocrx_word' id='word_1_530' title='bbox 1431 4253 1485 4292; x_wconf 90' lang='lat' dir='ltr'><strong>non</strong></span> 
     </span>
     <span class='ocr_line' id='line_1_50' title="bbox 134 4308 1484 4389; baseline -0.007 -11"><span class='ocrx_word' id='word_1_531' title='bbox 134 4325 178 4379; x_wconf 87' lang='lat' dir='ltr'><strong>ita</strong></span> <span class='ocrx_word' id='word_1_532' title='bbox 195 4322 308 4377; x_wconf 90' lang='lat' dir='ltr'><strong>multum</strong></span> <span class='ocrx_word' id='word_1_533' title='bbox 326 4319 462 4389; x_wconf 88' lang='lat' dir='ltr'><strong>improbo;</strong></span> <span class='ocrx_word' id='word_1_534' title='bbox 488 4336 549 4375; x_wconf 86' lang='lat' dir='ltr'><strong>curn</strong></span> <span class='ocrx_word' id='word_1_535' title='bbox 573 4333 666 4372; x_wconf 90' lang='lat' dir='ltr'><strong>omnes</strong></span> <span class='ocrx_word' id='word_1_536' title='bbox 689 4308 771 4371; x_wconf 82' lang='lat' dir='ltr'><strong>hodie</strong></span> <span class='ocrx_word' id='word_1_537' title='bbox 796 4315 920 4384; x_wconf 89' lang='lat' dir='ltr'><strong>regiones</strong></span> <span class='ocrx_word' id='word_1_538' title='bbox 945 4330 1015 4384; x_wconf 90' lang='lat' dir='ltr'><strong>pene</strong></span> <span class='ocrx_word' id='word_1_539' title='bbox 1033 4316 1069 4369; x_wconf 88' lang='lat' dir='ltr'><strong>ad</strong></span> <span class='ocrx_word' id='word_1_540' title='bbox 1087 4329 1167 4369; x_wconf 85' lang='lat' dir='ltr'><strong>unam</strong></span> <span class='ocrx_word' id='word_1_541' title='bbox 1185 4315 1318 4370; x_wconf 87' lang='lat' dir='ltr'><strong>rationem</strong></span> <span class='ocrx_word' id='word_1_542' title='bbox 1336 4314 1484 4384; x_wconf 85' lang='lat' dir='ltr'><strong>adspirent</strong></span> 
     </span>
     <span class='ocr_line' id='line_1_51' title="bbox 135 4393 1486 4469; baseline -0.004 -14"><span class='ocrx_word' id='word_1_543' title='bbox 135 4402 235 4469; x_wconf 88' lang='lat' dir='ltr'><strong>Itaque</strong></span> <span class='ocrx_word' id='word_1_544' title='bbox 251 4401 323 4455; x_wconf 88' lang='lat' dir='ltr'><strong>hanc</strong></span> <span class='ocrx_word' id='word_1_545' title='bbox 340 4406 445 4469; x_wconf 88' lang='lat' dir='ltr'><strong>partem</strong></span> <span class='ocrx_word' id='word_1_546' title='bbox 463 4397 628 4467; x_wconf 81' lang='lat' dir='ltr'><strong>quaestionis</strong></span> <span class='ocrx_word' id='word_1_547' title='bbox 652 4412 712 4450; x_wconf 90' lang='lat' dir='ltr'><strong>cum</strong></span> <span class='ocrx_word' id='word_1_548' title='bbox 739 4395 936 4451; x_wconf 87' lang='lat' dir='ltr'><strong>introducenda</strong></span> <span class='ocrx_word' id='word_1_549' title='bbox 962 4408 1148 4449; x_wconf 89' lang='lat' dir='ltr'><strong>mensurarum</strong></span> <span class='ocrx_word' id='word_1_550' title='bbox 1171 4394 1293 4463; x_wconf 90' lang='lat' dir='ltr'><strong>ipsarum</strong></span> <span class='ocrx_word' id='word_1_551' title='bbox 1311 4393 1486 4463; x_wconf 81' lang='lat' dir='ltr'><strong>aequalitate,</strong></span> 
     </span>
     <span class='ocr_line' id='line_1_52' title="bbox 135 4477 654 4549; baseline -0.012 -13"><span class='ocrx_word' id='word_1_552' title='bbox 135 4496 197 4549; x_wconf 84' lang='lat' dir='ltr'><strong>cap.</strong></span> <span class='ocrx_word' id='word_1_553' title='bbox 215 4480 237 4534; x_wconf 91' lang='lat' dir='ltr'><strong>I.</strong></span> <span class='ocrx_word' id='word_1_554' title='bbox 257 4478 394 4545; x_wconf 89' lang='lat' dir='ltr'><strong>ventilata,</strong></span> <span class='ocrx_word' id='word_1_555' title='bbox 414 4477 494 4547; x_wconf 90' lang='lat' dir='ltr'><strong>plane</strong></span> <span class='ocrx_word' id='word_1_556' title='bbox 513 4483 654 4533; x_wconf 89' lang='lat' dir='ltr'><strong>connecto.</strong></span> 
     </span>
    </p>
   </div>
   <div class='ocr_carea' id='block_1_4' title="bbox 0 0 1870 5962">
    <p class='ocr_par' dir='ltr' id='par_1_10' title="bbox 0 0 1870 5962">
     <span class='ocr_line' id='line_1_53' title="bbox 0 0 1870 5962; baseline 0 0"><span class='ocrx_word' id='word_1_557' title='bbox 0 0 1870 5962; x_wconf 95' lang='lat' dir='ltr'><strong> </strong></span> 
     </span>
    </p>
   </div>
  </div>
 </body>
</html>
