3840 5854
1022 422 1173 481 Dedicatio.

427 605 520 668 veluti
550 614 653 667 votum
681 621 778 666 meum
805 603 911 682 legatis
932 604 990 663 tuis
1012 602 1051 664 ad
1072 603 1171 664 aulam
1191 604 1406 683 imperatoriam
1434 600 1525 667 anei
1553 608 1644 682 atque
1665 605 1770 666 iterum

429 701 568 754 testatum
597 694 661 756 ieci.
705 691 824 766 Causas,
847 691 884 752 dc
912 690 968 752 boc
995 690 1238 753 Harmonicorum
1264 709 1396 754 meorum
1420 693 1582 771 patrocinio
1612 691 1769 768 cogitandi,

429 780 637 861 suppeditabat
657 780 729 840 mibi
750 779 931 841 dissonantia
952 778 1005 839 illa
1025 778 1177 858 multiplex
1199 781 1228 838 ιιι
1250 780 1336 841 rebus
1358 779 1500 855 humanis,
1527 779 1680 839 manifesta
1702 782 1770 857 qui·

429 868 504 944 dem,
527 876 560 929 ut
581 886 639 929 nen
660 871 753 946 possit
774 884 833 928 non
857 866 1019 944 offendere;
1043 884 1079 928 ex
1100 869 1248 927 concinnis
1263 875 1362 928 tamen
1383 873 1412 929 et
1427 867 1586 928 articulatis
1608 866 1771 928 intervallis

429 956 563 1030 conflata,
586 972 709 1033 quorum
730 957 804 1017 baec
825 961 875 1016 est¹
884 962 997 1030 natura,
1019 962 1053 1014 ut
1067 954 1199 1015 auditum
1213 956 1243 1013 in
1256 954 1354 1014 media
1368 954 1564 1016 discordantia
1579 956 1770 1033 promissione

429 1060 614 1105 successurae
636 1045 736 1104 suavis
768 1040 938 1103 concordiae
960 1041 1123 1103 demulceat
1153 1040 1341 1119 ejusdemque
1368 1046 1584 1122 exspectatione
1617 1049 1770 1102 sustemet.

429 1131 583 1192 Enimvero
615 1129 704 1209 digna
738 1138 800 1192 erat
827 1130 944 1191 bomine
966 1129 1137 1191 Christiano
1159 1132 1326 1208 persuasio,
1353 1130 1450 1190 Deum
1471 1147 1552 1204 esse,
1583 1131 1633 1211 qui
1656 1146 1772 1191 omnem

428 1218 585 1279 melodiam
606 1216 853 1279 vitaehumanae
882 1217 1095 1293 moderaretur,
1128 1215 1216 1294 digua
1238 1217 1436 1295 magnitudine
1458 1218 1514 1278 Dei
1536 1219 1685 1297 patientia,
1712 1234 1771 1276 non

430 1306 536 1366 otiandi
558 1306 724 1383 prolixitate
746 1307 989 1366 dissonantiarum
1010 1321 1064 1365 nec
1086 1321 1152 1383 epea
1175 1304 1315 1381 abjicere;
1337 1311 1527 1384 reputantem,
1550 1320 1607 1365 non
1621 1304 1679 1365 Dei
1700 1321 1771 1384 pro·

430 1391 592 1454 ridentiam
615 1391 692 1454 iente
713 1410 811 1470 agere,
834 1392 886 1454 scd
907 1399 1037 1453 nostrum
1057 1392 1239 1470 singulorum
1260 1394 1327 1454 aeri
1347 1394 1473 1472 spatium
1488 1392 1628 1454 velociter
1641 1392 1770 1453 avolare.

430 1480 566 1542 Docebar
590 1481 725 1558 equidem
739 1483 829 1542 samis
844 1482 981 1561 oraculis,
1002 1480 1100 1541 omnia
1116 1479 1212 1541 aDoo
1235 1482 1320 1541 certis
1342 1487 1373 1541 et
1393 1480 1569 1542 salutaribus
1592 1480 1693 1540 usibus
1707 1497 1771 1541 esse

433 1568 588 1643 destinata,
611 1571 700 1629 etiam
723 1568 844 1629 dissona
865 1570 930 1642 ista,
953 1566 992 1628 ad
1015 1566 1218 1628 elucidandam
1239 1576 1268 1628 et
1283 1567 1541 1629 commendandam
1563 1569 1771 1628 consonantiae

430 1658 614 1717 suavitatem.
659 1655 717 1718 cur
738 1664 837 1718 ιιιιιοιιι
859 1674 878 1716 a
899 1663 950 1716 tua
970 1656 1155 1735 potissimum
1176 1654 1275 1734 Harpe
1291 1654 1444 1723 Dauidica.
1466 1655 1530 1716 Rex
1543 1653 1666 1734 Inclyta,
1689 1656 1771 1734 prin-

430 1745 538 1822 cipium
563 1742 684 1821 aliquod
713 1751 880 1820 exspectare
902 1745 1109 1804 consonantiae
1131 1743 1337 1804 restaurandae
1360 1741 1504 1804 desideria
1530 1759 1597 1803 mea
1617 1759 1663 1803 me
1682 1742 1772 1819 jube·

429 1840 508 1891 rent:
539 1833 593 1893 etsi
616 1848 675 1890 non
697 1838 743 1892 est
764 1830 852 1909 hujus
873 1830 932 1892 loci
954 1830 1046 1891 insius
1069 1830 1231 1910 explicare,
1255 1848 1291 1891 ue
1312 1829 1485 1909 prudentum
1507 1832 1617 1890 monita
1639 1839 1772 1891 contem·

430 1935 497 1979 nere
524 1917 639 1993 videar,
661 1918 737 1979 banc
752 1928 848 1980 tamen
870 1927 933 1980 toto
956 1917 1066 1978 dudum
1087 1920 1125 1978 ab
1149 1920 1218 1979 orbe
1233 1919 1395 1979 confessam
1407 1926 1519 1998 partem
1542 1917 1653 1994 gloriae
1675 1934 1771 1977 rerum

429 2007 483 2067 abs
505 2005 548 2067 ‘le
569 2014 717 2084 gestarum
743 2009 886 2084 attingere
921 2022 1007 2066 nemo
1028 2005 1199 2083 probibeat:
1229 2003 1458 2082 quantoplus
1487 2021 1608 2082 regnum
1635 2005 1772 2065 haeredi·

429 2101 490 2154 tate
513 2101 542 2153 et
564 2111 706 2154 consensu
728 2094 830 2171 populi
850 2092 983 2171 adeptus,
1004 2092 1087 2153 brevi
1109 2092 1153 2151 ilii
1174 2109 1406 2154 commonacum
1420 2091 1521 2170 Regno
1536 2092 1662 2167 Scotiae,
1684 2091 1773 2169 Hag-

431 2198 486 2242 nae
509 2180 678 2242 Britanniae
709 2199 814 2242 nomen
838 2180 959 2256 dedisti,
990 2197 1026 2241 ex
1047 2188 1172 2257 utraque
1206 2182 1359 2260 prouincia
1379 2179 1512 2258 Regnum
1533 2188 1563 2241 et
1583 2179 1774 2241 Harmoniam

430 2286 519 2328 unam
542 2271 624 2347 (nam
645 2267 716 2346 quid
737 2268 821 2329 aliud
846 2276 890 2329 eat
911 2268 1061 2345 Regnum,
1084 2285 1174 2346 quam
1195 2267 1369 2343 Harmonia)
1392 2269 1631 2345 contemperasti,
1660 2267 1772 2328 discor·

430 2355 507 2416 diam
529 2355 750 2416 haereditariam
772 2359 923 2417 nationum
944 2354 1202 2415 intensissimarum
1223 2357 1390 2417 felicissime
1411 2355 1573 2430 smwlisti,
1602 2359 1772 2416 memoriam

429 2443 594 2503 crebrarum
616 2451 646 2503 et
667 2445 930 2503 cruentissimarum
952 2441 1088 2516 cladium,
1111 2445 1218 2520 quibus
1241 2460 1295 2504 ceu
1317 2444 1394 2503 notis
1415 2440 1590 2519 quibusdam
1611 2444 1701 2504 series
1722 2459 1773 2504 sc·

430 2529 563 2591 culorum
590 2536 652 2591 erat
680 2532 873 2607 interstincta,
904 2531 1019 2609 penitus
1046 2531 1217 2591 exstinxisti.
1261 2529 1328 2590 Hoc
1355 2528 1546 2590 domesticum
1576 2537 1659 2590 tuum
1694 2547 1769 2610 opus

432 2634 516 2678 omen
538 2615 624 2699 (inter
646 2614 984 2698 cetera'pondero'siora)
1012 2634 1071 2677 non
1097 2616 1216 2676 infidum
1243 2617 1315 2677 mibi
1337 2618 1483 2677 continere
1513 2616 1682 2697 videbatur,
1710 2617 1771 2678 iore

431 2711 465 2764 ut
487 2705 576 2765 ctiam
597 2705 682 2780 ioris,
711 2704 774 2765 Rex
795 2709 870 2766 inter
891 2704 1003 2782 Reges,
1032 2703 1116 2765 Fidei
1138 2704 1281 2766 Defensor
1308 2706 1383 2765 inter
1405 2703 1511 2764 Christi
1533 2703 1649 2784 fideles,
1676 2705 1770 2781 majus

430 2791 552 2869 aliquod
575 2798 604 2853 et
625 2795 819 2871 praestantius
842 2795 988 2871 etiamque
1012 2790 1172 2865 durabilius
1200 2809 1273 2871 opus
1305 2790 1472 2870 perficeres:
1502 2791 1581 2868 quod
1603 2791 1721 2869 quidem
1740 2780 1773 2853 'et

430 2881 509 2940 votis
531 2881 604 2940 meis
626 2881 723 2941 tacitis
745 2888 775 2941 ct
797 2882 974 2941 ominatione
1004 2878 1122 2958 publiea
1142 2881 1173 2937 in
1194 2879 1269 2939 libro
1292 2878 1328 2940 de
1350 2876 1443 2940 Stella
1463 2877 1560 2960 Nora,
1582 2896 1658 2955 quae
1680 2878 1772 2940 veluti

431 2966 624 3029 carbunculus
652 2967 766 3029 arderet
787 2969 885 3047 (notus
907 2967 1024 3029 scotiae
1044 2963 1226 3048 uersiculos),
1253 2983 1318 3026 sum
1343 2976 1521 3045 prosecutus
1565 2965 1669 3043 Itaque
1690 2966 1774 3027 velut

428 3055 492 3132 jam
513 3055 655 3130 coniecto,
683 3055 763 3133 quod
791 3057 930 3135 optabam
957 3063 987 3116 et
1007 3056 1188 3133 augurabar,
1218 3053 1391 3115 Harmostao
1418 3061 1480 3114 tam
1506 3051 1662 3130 laudabili,
1691 3071 1773 3115 meas

431 3142 590 3218 aliquando
613 3141 779 3204 Mandanae
800 3143 976 3204 Harmoniae
997 3144 1128 3203 accinere
1149 3148 1231 3202 tinto
1252 3140 1361 3202 firmius
1382 3140 1453 3200 mihi
1474 3141 1682 3221 proponebam.

516 3229 635 3309 Vellem
654 3228 718 3312 hic,
747 3230 957 3291 dissonantiam
977 3229 1126 3306 publicam
1147 3246 1254 3290 vocum
1274 3229 1413 3288 bilariam
1434 3228 1661 3309 obstrepentium
1682 3227 1773 3307 paulo

430 3316 502 3375 mlhi
523 3318 666 3378 mitiorem
689 3335 762 3393 csse,
785 3326 819 3379 ιιι
841 3317 934 3379 audiri
955 3317 1073 3394 publice
1095 3334 1131 3378 ex
1152 3318 1242 3378 animi
1263 3318 1321 3376 mci
1342 3317 1486 3377 sententia
1508 3334 1639 3395 posaem=
1662 3333 1722 3393 qua
1743 3318 1773 3376 in

430 3422 461 3465 rc
485 3405 567 3465 risus
589 3405 675 3465 fuerit
695 3403 844 3484 adspirare
866 3407 944 3465 votis
966 3403 1111 3465 eventus?
1139 3421 1215 3481 quae
1236 3403 1358 3465 vulnera
1379 3406 1496 3483 capitis,
1526 3404 1632 3481 quibus
1654 3403 1773 3465 harmo-

431 3493 487 3551 niis
509 3499 634 3568 tentata,
665 3490 765 3571 aquo
787 3491 920 3554 medico?
950 3499 980 3553 et
1008 3500 1042 3552 ut
1067 3495 1156 3553 etiam
1181 3491 1259 3551 hunc
1274 3509 1343 3569 ,ego
1371 3491 1498 3551 in‘libro
1521 3488 1557 3551 de
1580 3490 1666 3553 stella
1686 3490 1774 3554 Nora
1888 3503 1889 3511 ’

430 3577 517 3656 longe
542 3586 629 3640 anua
650 3581 728 3640 viris
751 3580 897 3641 coloribus
918 3577 1120 3657 depinxerim?
1150 3578 1190 3639 At
1212 3578 1359 3657 quodnam
1382 3581 1436 3640 erit
1458 3596 1563 3657 operae
1585 3582 1724 3659 pretinm,
1748 3582 1774 3640 si

429 3664 613 3727 harmoniam
634 3668 772 3728 affectans
794 3670 909 3748 privato
932 3669 1055 3746 strepitu
1075 3684 1130 3728 nec
1151 3668 1268 3728 vincam
1282 3666 1412 3727 fremitus
1426 3664 1560 3746 publicos
1575 3666 1773 3729 imbecillitate

429 3752 554 3814 laterum
576 3761 606 3815 et
626 3754 774 3817 molestias
796 3756 915 3817 absurdi
937 3763 1093 3816 concentus
1114 3756 1146 3814 in
1166 3756 1240 3815 mus
1262 3755 1380 3815 auribus
1401 3756 1519 3832 insuper
1541 3753 1689 3833 augeam?
1711 3755 1773 3815 Fa·

430 3840 550 3902 tendum
573 3842 708 3920 equidem
731 3850 786 3919 est,
808 3842 883 3923 proh
905 3841 997 3923 dolor,
1020 3850 1129 3903 tumere
1151 3841 1248 3903 adhuc
1269 3840 1375 3902 vulnus
1397 3841 1591 3918 decussatum,
1616 3860 1655 3901 an
1675 3840 1773 3902 malu-

429 3947 495 3989 mus
516 3931 668 3991 saemtiori
689 3930 868 4008 feliciorique
895 3929 1056 4004 vocabulo,
1084 3929 1264 4005 cruciforme,
1295 3936 1423 4010 tumere,
1456 3931 1592 4007 inquam,
1620 3928 1772 4008 multiplici

430 4016 530 4094 labro,
561 4024 591 4078 et
611 4017 694 4078 nullo
726 4017 843 4078 illorum
866 4019 1054 4093 connivente,
1084 4016 1257 4079 medicinam
1278 4016 1420 4077 hactenus
1442 4018 1551 4078 irritam
1581 4018 1773 4095 omnibusque

430 4104 562 4183 partibus
584 4106 714 4179 misam,
737 4114 890 4184 propterea
912 4104 992 4182 quod
1014 4103 1159 4184 medicus,
1181 4113 1214 4165 ut
1235 4121 1323 4182 aegro
1346 4103 1435 4165 deliro
1457 4104 1646 4185 pharmacum
1667 4103 1773 4166 fallens

433 4193 555 4269 ingerat,
577 4191 671 4253 multa
691 4193 817 4267 simulet,
839 4192 933 4273 multa
947 4192 1033 4267 dicat,
1057 4209 1132 4270 quae
1155 4210 1260 4253 asana
1274 4193 1385 4253 ratione
1399 4191 1555 4273 plurimum
1574 4192 1654 4254 abire
1670 4190 1774 4253 riden-

430 4284 488 4340 tna
529 4278 656 4342 Recreor
676 4287 773 4345 tamen
794 4281 851 4341 bac
873 4282 938 4359 ipsa
960 4282 1147 4360 cogitatione,
1169 4279 1249 4357 quod
1270 4296 1422 4359 supremus
1435 4279 1588 4342 uulnerum
1609 4286 1774 4341 nostrornm

431 4365 553 4427 Curator
574 4371 646 4429 artis
667 4386 739 4430 suae
762 4376 857 4430 certus
879 4370 917 4427 sit
938 4383 992 4427 nec
1014 4369 1171 4445 quicquam
1192 4367 1298 4447 frustra
1319 4367 1456 4447 applicet.
1500 4367 1578 4447 lingo
1600 4371 1650 4445 qui
1674 4384 1773 4429 curam

427 4453 490 4530 J‘am
512 4461 558 4515 est
579 4472 753 4533 aggressus,
785 4457 835 4531 qui
859 4455 923 4531 jam
945 4454 1110 4533 expedivit,
1134 4455 1198 4531 jani
1225 4451 1333 4515 mundo
1361 4457 1534 4516 monstravit
1561 4452 1774 4517 consolidantia

430 4543 496 4614 ista,
519 4544 634 4603 iuterim
656 4561 725 4605 vero
748 4560 799 4621 per
821 4543 1002 4603 calamitates
1023 4536 1158 4622 publicas
1180 4542 1366 4603 erodentibus
1387 4545 1485 4620 utiun,
1509 4542 1607 4620 quoad
1622 4550 1775 4604 consumta

430 4645 516 4688 carne
537 4631 655 4708 putrida
676 4637 707 4693 et
727 4629 806 4705 iera,
835 4629 986 4690 charitatis
1015 4630 1126 4691 scilicet
1147 4631 1308 4710 extinctae,
1337 4647 1439 4691 seusus
1471 4629 1577 4709 aliquis
1604 4629 1714 4692 doloris
1735 4630 1774 4693 ad

430 4718 517 4777 rivae
540 4719 633 4778 camis
655 4717 881 4795 profunditatem
904 4715 1100 4779 descenderit:
1131 4716 1209 4778 idem
1237 4716 1338 4797 procul
1367 4716 1456 4779 dubio
1482 4717 1657 4780 lenientibus
1684 4720 1775 4779 etiam

429 4810 528 4865 utetur
549 4821 640 4883 prope
668 4804 745 4866 diem
774 4804 812 4865 ad
834 4805 1036 4885 deprimendos
1058 4811 1202 4885 tumores,
1230 4812 1263 4865 ut
1291 4804 1539 4867 consolidantibus
1565 4805 1623 4865 illis
1646 4805 1775 4883 denique

428 4890 512 4954 locus
543 4908 607 4955 esse
636 4895 731 4971 possit
765 4892 941 4972 tandemque
975 4892 1155 4956 dissonantia
1184 4890 1257 4986 haec
1286 4892 1422 4956 diuturna
1452 4892 1497 4978 (ut
1526 4892 1564 4956 ad
1591 4895 1775 4975 propositum
