3872 5846
339 376 404 436 aot
758 371 800 425 De
819 369 1084 440 configurationibus
1097 371 1281 461 ¹liarmonieia.
1314 362 1316 365 ’

426 548 484 609 Ηιι
509 548 595 609 valde
617 566 665 609 me
688 548 872 610 coullrmevit
894 548 924 607 id
947 551 1058 624 ipsum,
1085 548 1166 624 quod
1189 548 1280 608 alium
1301 550 1434 626 aliquem
1457 553 1618 611 absterrere
1638 568 1694 628 po-

338 639 403 708 tuit,
427 637 540 698 scilieet
562 636 642 713 quod
663 652 723 697 uon
744 653 859 715 semper
881 635 919 694 ad
942 638 1083 695 amussim
1105 637 1282 712 respondent
1303 642 1512 697 commotiones
1535 646 1696 717 tempesta·

338 736 401 783 ιιιιιι
427 726 610 800 aspectibas3
634 722 686 782 sed
703 723 794 783 Terra
815 724 941 783 subinde
964 726 1064 799 segnis
1089 720 1203 782 videtur
1225 735 1254 783 et
1277 736 1448 799 contumax,
1482 726 1543 785 alie
1563 734 1694 801 tempore

338 810 462 891 (scilicet
483 820 552 888 post
573 828 678 887 graves
702 820 732 870 et
754 811 905 870 diuturnas
928 807 1190 892 configurationes)
1214 814 1401 885 exacerbata,
1426 813 1560 889 indulget
1582 831 1694 890 evapo-

338 902 509 972 rationibus,
533 903 622 957 etiam
645 900 708 958 sins
727 908 903 975 aspectuum
926 900 1154 981 continuatione.
1184 899 1249 958 Non
1273 910 1318 958 est
1341 904 1449 977 qmppe
1472 900 1563 960 Terra
1586 901 1695 960 animal

294 1058 297 1067 Ι
339 986 407 1058 tale,
430 986 518 1062 quale
541 989 636 1058 cauis,
660 985 700 1045 ad
722 1003 837 1046 omnem
860 995 962 1045 nutum
985 972 1166 1061 promptum,
1196 986 1247 1044 sed
1271 987 1346 1060 tale,
1371 988 1458 1062 quale
1482 989 1534 1047 bos
1558 996 1610 1047 ant
1632 988 1694 1048 ele-

339 1074 421 1152 phas,
445 1073 560 1133 tardum
583 1073 716 1133 adirem
740 1081 881 1149 tantoque
904 1072 1069 1144 violentius,
1095 1091 1161 1132 cum
1183 1074 1348 1132 excanduit.

256 1226 259 1235 ‚
426 1160 509 1236 Quae
532 1161 671 1237 analogia
700 1177 767 1219 cum
796 1160 965 1219 succederet
987 1160 1095 1233 effecit,
1127 1168 1159 1219 ut
1190 1143 1312 1220 eandem
1342 1163 1462 1221 ulterius
1494 1179 1694 1239 prosequerer,

259 1244 263 1253 ’
338 1265 511 1326 comparans
534 1253 622 1308 etiam
644 1264 767 1325 corpora
790 1251 971 1307 animantum
993 1264 1060 1306 cum
1090 1264 1210 1330 corpore
1232 1247 1359 1307 Terrae:
1395 1249 1531 1308 videbam
1556 1250 1694 1326 pleraque

339 1340 455 1408 omnia,
478 1353 555 1412 quae
578 1352 757 1411 excerpere
780 1338 936 1394 animantis
959 1337 1163 1410 provenientia
1193 1344 1336 1394 testantur
1367 1339 1495 1395 animam
1518 1337 1652 1407 inille
1644 1355 1708 1421 ιιι-1

338 1440 413 1496 ιιιι,
436 1426 590 1499 provenire
614 1425 703 1482 etiam
726 1441 762 1482 ex
783 1422 910 1482 Telluris
933 1438 1062 1497 corpore.
1104 1420 1143 1482 Ut
1165 1425 1242 1481 enim
1264 1440 1369 1501 corpus
1392 1428 1422 1482 in
1445 1426 1519 1483 eutis
1541 1424 1694 1499 superficie

338 1509 424 1588 pilos,
448 1513 492 1570 sie
515 1510 606 1570 Terre
627 1509 746 1586 plantas
768 1511 945 1585 arboresque
969 1510 1077 1586 profert
1099 1512 1187 1585 inque
1210 1514 1245 1569 iis
1268 1512 1308 1570 'rbi
1331 1511 1475 1586 pediculi,
1507 1499 1556 1570 hic¹
1578 1528 1692 1583 erucae,

339 1598 458 1658 cicadae
481 1601 624 1675 variaque
646 1600 759 1657 insecta
781 1606 811 1656 et
825 1605 955 1656 monstra
977 1599 1090 1654 marina
1105 1607 1281 1671 nascuntur,
1305 1607 1335 1656 et
1358 1608 1389 1656 ut
1411 1615 1516 1675 corpus
1538 1599 1693 1675 lacrymas,

340 1686 476 1745 biennem
497 1688 671 1759 auriumque
692 1692 880 1758 recrementa,
905 1692 949 1743 est
972 1685 1022 1742 ubi
1046 1694 1076 1742 ιι
1097 1688 1206 1759 gummi
1230 1702 1265 1743 ex
1288 1685 1372 1743 faciei
1396 1685 1532 1762 pustulis,
1556 1688 1600 1743 sic
1622 1685 1694 1745 Tel·

339 1773 386 1832 ius
408 1772 564 1845 electrum,
588 1772 735 1847 bitumen,
764 1779 855 1848 utque
876 1773 977 1833 vesica
999 1774 1126 1844 urinam,
1158 1774 1200 1831 sic
1223 1782 1335 1831 montes
1356 1773 1478 1832 flumina
1500 1770 1641 1847 lundunt3
1665 1781 1694 1831 et

340 1869 373 1920 ut
395 1877 500 1936 corpus
523 1870 738 1920 excrementum
753 1858 902 1934 sulphurei
924 1857 1022 1917 odoris
1037 1862 1230 1934 crepitusque,
1253 1862 1303 1935 qui
1326 1862 1414 1919 etiam
1431 1860 1600 1919 inflammari
1622 1876 1695 1937 pos-

341 1958 417 2021 auut,
441 1951 485 2006 sie
506 1947 598 2007 Terra
619 1946 750 2023 sulphur,
773 1949 857 2022 ignes
879 1946 1101 2018 subterraneos,
1126 1950 1266 2017 tonitrua,
1289 1946 1417 2023 fulgura:
1444 1951 1585 2022 usquein
1609 1948 1694 2006 venis

239 2044 247 2089 ,’
341 2037 500 2095 animantis
521 2043 675 2110 generetur
698 2037 818 2117 sanguis
841 2038 886 2091 et
885 2051 951 2092 euru
972 2049 1008 2092 eo
1031 2031 1129 2103 sudor,
1154 2042 1234 2093 extra
1249 2050 1354 2110 corpus
1377 2035 1497 2110 eJecius,
1521 2036 1563 2093 sle
1586 2038 1615 2091 ιιι
1639 2052 1693 2094 ve·
1779 2076 1783 2083 -

249 2126 257 2141 '
340 2125 386 2182 nis
408 2121 515 2186 Terrae
537 2120 658 2182 metalla
680 2131 710 2180 et
730 2120 845 2180 lossilia
869 2137 1019 2205 vaporque
1041 2120 1168 2197 pluvius.

428 2207 552 2286 Oportet
573 2212 692 2286 igitur,
701 2216 735 2267 ιιι
756 2211 833 2267 siout
855 2188 1015 2267 animbutia
1037 2207 1150 2282 reliqua
1173 2208 1268 2266 cibum
1291 2215 1454 2283 potumque
1476 2208 1623 2282 hauriunt,
1647 2210 1691 2267 sic

342 2299 431 2357 etiam
453 2296 555 2356 Tellus
570 2295 730 2359 ,ιιιιιιιίιιιιι
753 2298 840 2356 ιιιιιι
862 2294 974 2371 aliquid
995 2298 1135 2354 materiae
1158 2295 1267 2368 trahat,
1297 2313 1332 2355 ex
1355 2313 1417 2371 qua
1437 2295 1489 2354 illa
1511 2305 1571 2354 tarn
1592 2295 1694 2354 multi·

340 2385 432 2461 plicia
454 2393 615 2459 excoquat,
646 2384 717 2457 quie
739 2400 774 2442 ex
797 2381 889 2440 nihilo
912 2381 984 2440 nihil
1005 2381 1053 2456 fit3
1087 2381 1175 2441 trabit
1198 2390 1296 2442 arrtam
1319 2384 1475 2458 sorbetque
1499 2401 1606 2458 aquarn
1628 2400 1694 2442 ma-

341 2474 445 2542 rinam,
469 2488 546 2547 quae
569 2488 659 2531 eausa
681 2477 741 2544 est,
765 2487 815 2529 eur
837 2472 963 2528 aeternis
987 2477 1031 2527 tot
1053 2468 1202 2527 fluminum
1224 2472 1420 2529 inlusionibus
1442 2488 1522 2529 mare
1544 2487 1694 2545 nunquam

342 2558 496 2622 redundat
525 2557 583 2616 Hic
606 2574 693 2633 quam
716 2555 835 2616 absurdi
857 2559 925 2629 sint,
948 2559 998 2631 qui
1022 2556 1141 2615 metalla
1163 2556 1254 2615 solius
1276 2555 1355 2616 Solis
1378 2559 1539 2634 operationi
1562 2560 1695 2621 tribuunt

342 2649 416 2706 eitra
438 2643 564 2725 Telluris
588 2662 716 2722 operam,
740 2661 775 2703 ex
798 2642 952 2704 antedictis
976 2642 1114 2716 colligere
1135 2651 1229 2719 potes.

427 2733 581 2809 Respondi
607 2734 697 2793 etiam
719 2734 748 2788 in
770 2731 846 2791 libro
869 2730 906 2790 de
923 2729 1021 2789 ‘Stella
1041 2730 1129 2790 Nova
1150 2731 1188 2790 ad
1212 2731 1362 2805 vulgarem
1385 2732 1466 2789 illam
1490 2732 1693 2808 objectionem,

207 2874 213 2881 .
258 2824 263 2829 '
342 2819 421 2895 qnod
444 2820 549 2893 Terra,
580 2823 606 2878 ei
628 2822 755 2879 animam
777 2819 913 2890 haberet,
947 2820 1036 2877 etiam
1065 2834 1191 2877 erescere
1222 2817 1327 2877 dehere
1351 2819 1485 2877 videatur
1506 2821 1694 2895 membraque

341 2908 433 2967 motui
456 2915 528 2985 apta
549 2907 667 2966 hahere.
700 2906 775 2965 Nam
797 2913 886 2983 prout
909 2922 1014 2980 corpus
1038 2913 1091 2976 est,
1114 2923 1166 2982 pro
1190 2923 1224 2964 ιο
1248 2913 1277 2965 ιι
1298 2907 1398 2964 anima
1418 2907 1575 2982 respondet
1597 2906 1692 2965 iacul-

342 3003 477 3071 tatesque
500 2994 581 3096 ejus,
606 3012 671 3053 eum
695 2992 768 3052 haec
790 2997 889 3051 anima
911 2995 948 3051 ιιι
971 2993 1009 3051 ob
1025 2992 1132 3052 Terrae
1155 3009 1268 3069 eorpus,
1291 3010 1350 3050 non
1372 3010 1441 3052 vero
1457 2994 1514 3053 hoe
1530 3012 1634 3070 corpus
1650 2997 1693 3052 sie

341 3083 380 3141 ait
403 3082 441 3141 oh
464 3082 601 3153 animam,
624 3083 701 3140 sicut
723 3097 828 3157 eorpus
850 3080 975 3138 hominis
998 3089 1043 3139 ιιι
1064 3081 1103 3139 ob
1118 3089 1253 3152 mentem,
1276 3082 1436 3157 principem
1460 3084 1574 3141 animae
1597 3080 1694 3140 lacul-

341 3175 448 3229 tatem:
482 3171 507 3227 si
530 3172 619 3243 igitur
641 3170 824 3226 incrementis
846 3167 937 3227 Terra
959 3185 1033 3243 opus
1057 3168 1222 3235 habuisset,
1250 3170 1276 3226 si
1298 3177 1384 3243 pastu
1407 3167 1481 3239 alio,
1511 3187 1617 3258 qnam
1623 3168 1692 3240 dixi,

345 3255 424 3316 velut
445 3273 480 3315 ex
505 3266 623 3328 venatu,
645 3250 768 3315 fuissent
791 3262 820 3314 et
842 3256 899 3314 ista
921 3258 1022 3314 mania
1043 3256 1112 3315 huic
1133 3258 1248 3314 animae
1278 3259 1433 3314 commissa
1461 3264 1491 3314 ct
1519 3240 1655 3315 idonea
1647 3273 1695 3311 ιιι-

341 3350 502 3404 atrumenta
524 3342 609 3418 deta;
642 3359 718 3419 quac
740 3341 869 3403 Socratis
893 3346 1022 3401 morituri
1045 3343 1233 3420 philosophia
1255 3343 1339 3400 init
1333 3362 1361 3399 ιιι
1385 3342 1559 3412 Phaedone,
1593 3345 1692 3401 omnia

342 3432 431 3490 menti
454 3431 659 3506 gubernatrici,
683 3430 783 3488 omnia
805 3429 1006 3489 deliberationi
1022 3430 1057 3490 de
1081 3447 1125 3501 eo,
1150 3431 1227 3505 quod
1251 3433 1400 3505 optimum,
1425 3433 1564 3490 tribuens.
1588 3432 1693 3505 Itaque

341 3520 367 3577 ai
390 3519 455 3594 quis
478 3527 710 3594 argumentetur:
735 3526 861 3593 quatuor
874 3515 954 3576 solas
976 3534 1041 3575 esse
1055 3516 1208 3576 facultates
1224 3519 1350 3588 animae,
1374 3535 1498 3593 querum
1521 3517 1603 3577 nulla
1624 3517 1693 3575 huic

341 3608 457 3665 animae
480 3605 626 3666 Terreuae
639 3602 813 3680 competat,
843 3621 901 3663 non
931 3621 995 3663 esse
1025 3621 1094 3681 ergo
1123 3605 1251 3680 aliquam
1275 3606 1305 3662 in
1327 3605 1418 3665 Terra
1440 3608 1584 3679 animam,
1617 3605 1695 3662 hunc

342 3710 397 3769 ego
416 3693 529 3768 jubebo
552 3694 632 3753 hanc
652 3696 784 3769 quintam
807 3690 845 3750 ad
869 3709 1020 3751 numerum
1036 3690 1152 3764 addere,
1176 3691 1285 3750 eodem
1303 3693 1436 3769 exemplo
1459 3693 1621 3768 iisdemque
1645 3709 1693 3751 ar-

340 3780 532 3857 gumentandi
560 3780 690 3857 legibus,
716 3778 828 3855 quibus
859 3779 927 3839 illae
957 3796 1078 3838 numero
1101 3787 1243 3855 quatuor,
1275 3781 1304 3837 ιιι
1335 3779 1453 3840 homine
1483 3781 1613 3853 scilicet,
1645 3781 1693 3836 in-

341 3876 448 3928 ventae
471 3875 547 3927 sunt
614 3920 616 3923 ,

431 3953 470 4015 Ut
498 3962 596 4015 autem
624 3953 732 4014 Terrae
760 3963 842 4014 tanto
877 3952 1069 4013 confidentius
1099 3955 1226 4012 animam
1257 3954 1427 4025 tribuerem,
1467 3959 1622 4012 moverunt
1647 3968 1694 4008 me

342 4044 432 4102 etiam
453 4042 521 4117 alia,
545 4052 630 4119 quae,
652 4044 761 4119 passim
784 4060 836 4119 per
859 4036 949 4100 libros
971 4057 1052 4100 meos
1075 4048 1186 4100 eeteros
1209 4041 1394 4113 inculcata,
1386 4060 1417 4098 ιιι
1430 4041 1564 4117 Epitome
1588 4039 1693 4097 Astro-

342 4133 458 4190 nomiae
487 4130 706 4207 Copemicanae
735 4128 786 4188 ιιι
818 4129 889 4187 125.
920 4127 1061 4187 iascicrrlo
1091 4127 1210 4202 collegi,
1240 4130 1396 4204 praecipue
1430 4128 1500 4200 hoe,
1531 4125 1610 4202 quod
1633 4126 1693 4183 lor-

341 4221 447 4277 matrix
468 4215 594 4278 iacultas
617 4225 663 4277 ιιι
684 4220 714 4275 ιιι
738 4217 898 4276 visceribus
921 4215 1041 4289 Terrae,
1065 4233 1140 4290 quae
1162 4214 1287 4275 feninea
1309 4218 1496 4291 praegnantis
1530 4230 1609 4273 more
1625 4228 1694 4289 ,oc-

344 4312 494 4365 cursantes
516 4305 586 4365 ioris
608 4310 654 4365 res
678 4303 835 4373 humanas,
868 4301 958 4361 veluti
982 4320 1033 4361 eas
1055 4302 1182 4374 videret,
1211 4304 1241 4359 in
1263 4301 1403 4360 fissilibus
1426 4301 1573 4379 lapidibus
1596 4301 1693 4376 expri-

341 4394 404 4466 mit,
427 4399 460 4451 ιιι
481 4391 615 4466 militum,
638 4390 869 4463 monarchorum,
893 4389 1072 4466 pontificum,
1095 4407 1196 4466 regum
1218 4397 1248 4447 et
1263 4388 1402 4465 quiequid
1426 4392 1455 4449 in
1472 4406 1522 4449 ore
1545 4389 1693 4446 hominurn

343 4487 398 4553 ost,
421 4495 521 4561 novos
540 4479 756 4555 insolentesque
778 4477 906 4537 habitus.
941 4476 1007 4536 Hoc
1029 4477 1145 4554 quidem
1167 4479 1270 4547 rarius,
1292 4476 1364 4535 illud
1387 4484 1538 4553 perpetuo,
1562 4474 1640 4550 quod
1664 4476 1693 4529 in

342 4568 466 4645 gemmis
489 4574 519 4626 ιι
541 4566 690 4627 lessilibus
714 4566 849 4642 exprimit
870 4566 999 4640 quinque
1030 4582 1151 4641 corpora
1173 4563 1320 4639 regularia
1342 4566 1534 4640 geometrica:
1565 4579 1634 4620 uam
1660 4561 1694 4619 de

344 4654 447 4732 opifice
475 4661 599 4715 testatur
626 4671 710 4731 opus.
757 4652 872 4728 Quibus
903 4651 1008 4725 addat,
1039 4654 1088 4728 qui
1116 4651 1309 4726 Copernicum
1336 4656 1482 4728 sequitur,
1514 4649 1693 4709 volutionem

343 4743 426 4820 globi
448 4740 574 4803 Telluris
597 4740 738 4814 diurnam,
761 4747 933 4817 perpetuam
954 4748 984 4799 at
1006 4739 1286 4815 aequabilisslmam,
1309 4756 1398 4814 quam
1420 4732 1495 4799 inter
1515 4736 1604 4812 bajus
1628 4737 1694 4795 ani-

343 4846 410 4890 mae
431 4832 532 4889 munia
553 4830 714 4889 rectissime
735 4828 911 4889 accensehit.
