3940 5856
924 1574 1197 1703 lurnuu·
1299 1500 1302 1507 ⁴

672 1811 726 1882 ad
763 1811 931 1882 librum
968 1810 1006 1881 ll.
1043 1807 1428 1880 Harmonicorum.
1527 1870 1530 1877 .

466 2238 563 2314 Quam
585 2255 675 2315 supra
697 2239 725 2296 in
749 2237 846 2299 iudice
868 2240 996 2316 capitum
1019 2239 1085 2298 libri
1101 2236 1138 2295 V.
1161 2237 1310 2316 protessus
1332 2256 1396 2298 sunr
1416 2239 1624 2317 appendicem
1647 2240 1730 2302 illam

378 2328 427 2388 bia
449 2343 507 2389 non
531 2332 576 2387 est
596 2334 630 2385 ut
652 2332 801 2421 exspectet
822 2324 929 2386 lector:

1128 2411 1288 2487 Amphora
1310 2416 1406 2489 eoepit

674 2495 811 2573 Inatitrrr',
834 2507 975 2559 narrante
995 2506 1065 2560 roto
1086 2516 1194 2559 naum
1215 2517 1324 2560 arcear
1345 2503 1415 2560 enit

378 2587 491 2648 Causas
514 2586 612 2647 dicam
633 2587 775 2647 breviterr
798 2604 936 2664 magnum
960 2595 990 2647 et
1010 2586 1161 2646 exundans
1183 2585 1290 2645 flumen
1313 2604 1371 2646 non
1395 2586 1546 2649 commoda
1568 2590 1728 2666 navigatu-

379 2692 429 2734 rns
451 2692 546 2749 eram,
577 2691 644 2737 cum
665 2690 733 2734 cuce
756 2676 848 2751 copiis
871 2690 1013 2751 aquarum
1044 2677 1072 2731 in
1095 2681 1212 2733 tenuem
1234 2674 1330 2732 rivum
1363 2675 1581 2736 subsidentibus
1618 2676 1728 2735 vadum

378 2765 486 2841 patuit,
508 2761 587 2838 quod
609 2761 699 2838 pedes
723 2763 883 2835 transirem,
906 2764 976 2820 uari
1000 2763 1029 2819 in
1053 2778 1108 2820 sua
1130 2762 1256 2819 statione
1278 2761 1380 2820 relicta
1401 2761 1439 2820 ad
1463 2780 1533 2821 usus
1555 2766 1650 2839 magis
1673 2782 1728 2824 ne-

377 2850 529 2910 ccesarius.
574 2849 640 2909 Hoc
669 2855 715 2909 ast
742 2848 820 2925 quod
849 2848 930 2909 dico:
964 2849 1128 2910 Ptolemaei
1151 2847 1302 2907 Hermon.
1331 2848 1402 2908 libri
1425 2848 1495 2923 ΙΙΙ,
1525 2865 1600 2924 quos
1632 2851 1728 2910 habco

378 2936 514 2998 Graecos
531 2937 762 3013 manuscriptos,
791 2952 857 2997 cnm
880 2937 1094 2995 commentariis
1117 2933 1272 3011 Porphyrii
1300 2935 1469 3013 philosophi
1499 2936 1729 3012 profundissimi,

378 3024 479 3085 itidem
501 3023 631 3097 Graecis,
664 3023 702 3082 ab
733 3025 816 3083 inille
838 3040 935 3099 usque
966 3023 1004 3083 ad
1027 3022 1077 3081 lib.
1101 3021 1141 3080 ΙΙ.
1171 3038 1235 3098 cap.
1264 3024 1293 3087 7.
1325 3022 1403 3097 digni
1434 3024 1503 3081 milri
1536 3040 1650 3102 semper
1671 3027 1730 3085 risi

379 3118 455 3185 sunt,
479 3114 530 3186 qui
553 3109 751 3171 Graccolatini
774 3112 879 3186 integri
902 3111 1014 3170 exirent
1036 3111 1064 3167 ln
1086 3108 1246 3185 pubiicum,
1270 3126 1363 3184 eaque
1387 3110 1422 3169 de
1438 3118 1530 3169 causa
1551 3120 1620 3172 ante
1635 3129 1729 3172 annos

382 3200 422 3259 10
444 3200 528 3274 coepi
550 3198 617 3258 illos
641 3200 670 3256 in
693 3195 832 3256 Latinum
854 3214 1016 3258 sermonem
1039 3204 1167 3269 vertere,
1195 3212 1271 3272 quae
1295 3199 1391 3255 versio
1414 3199 1555 3273 processit
1577 3216 1667 3275 usque
1690 3199 1729 3259 ad

377 3284 566 3346 medietatem
589 3284 698 3344 codicis
721 3283 925 3362 Porphyriani.
971 3283 1037 3359 Quo
1059 3286 1155 3342 minus
1177 3282 1298 3343 ulterius
1325 3301 1487 3359 pergerem,
1519 3286 1728 3361 impedimento

377 3372 450 3432 mibi
470 3373 526 3431 iuit
547 3372 605 3432 loci
627 3373 760 3442 mutatio,
783 3371 939 3447 conjuncta
961 3388 1027 3431 cum
1048 3370 1180 3448 plurimis
1196 3369 1350 3448 molestiis,
1372 3381 1402 3430 et
1424 3380 1578 3449 postquam
1594 3373 1727 3433 lineium

378 3462 461 3532 vani,
486 3476 596 3519 novum
624 3458 786 3519 studiorum
808 3461 1069 3518 astronomicarum
1097 3460 1221 3516 initium.
1266 3457 1307 3516 At
1329 3475 1399 3518 rere
1429 3475 1494 3518 cnm
1525 3467 1594 3520 anta
1617 3478 1725 3521 annum

377 3550 594 3627 proposuissem
616 3563 697 3606 meos
719 3544 961 3606 Harmonioorum
983 3545 1074 3605 libros
1097 3543 1133 3604 V.
1157 3543 1251 3614 edere,
1274 3553 1452 3604 momentum
1468 3549 1573 3622 ingens
1589 3547 1726 3608 videbam

378 3637 467 3695 situm
498 3635 528 3691 in
551 3635 768 3710 comparatione
797 3636 855 3694 mei
878 3635 975 3710 operis
1005 3650 1072 3694 cum
1095 3630 1288 3699 Ptolemaeo,
1321 3637 1490 3708 praesertim
1521 3634 1585 3693 iibri
1608 3638 1664 3695 mei
1689 3637 1726 3696 V.

379 3740 445 3782 cnm
468 3722 578 3780 ultimis
608 3721 753 3798 capitibus
775 3721 827 3781 lib.
850 3721 905 3780 ΙΙΙ.
929 3721 1107 3792 Ptolemaei,
1136 3735 1258 3794 quornm
1280 3721 1337 3778 tria
1360 3730 1488 3779 extrema
1520 3722 1592 3780 nibil
1616 3722 1726 3784 babent

377 3811 436 3868 nisi
457 3808 597 3868 lemmate
618 3825 671 3868 sau
693 3807 796 3867 titulos
818 3826 837 3868 a
857 3807 1039 3867 Ptolemaeo.
1084 3806 1189 3883 Itaque
1205 3806 1364 3866 reluctante
1388 3812 1475 3883 genio
1498 3811 1635 3886 proposui
1653 3828 1726 3886 ope·
1755 3854 1768 3872 a

378 3898 419 3956 ris
440 3913 473 3956 se
496 3898 560 3972 ipso
583 3895 680 3954 mutili
702 3912 791 3954 uuam
813 3894 907 3955 solam
929 3903 1042 3971 partem
1065 3892 1228 3969 decerpere,
1252 3910 1328 3968 quae
1345 3897 1469 3955 maxime
1492 3894 1530 3955 ad
1553 3915 1647 3956 msam
1662 3916 1728 3957 ma·

379 3985 482 4044 teriam
515 3983 651 4043 iaciebat.
698 3981 791 4057 Quem
820 3980 858 4041 ad
891 3982 978 4042 mern
1006 3989 1037 4042 et
1066 3981 1140 4039 verti
1171 3980 1274 4039 librum
1298 3980 1458 4043 Ptolemaei
1482 3982 1537 4042 lll.
1567 4001 1672 4061 acap.
1698 3988 1726 4053 3.

378 4069 416 4130 ad
438 4070 526 4130 duem
549 4070 694 4131 attribue
716 4069 825 4128 ultimis
847 4069 1035 4130 lemmatibus
1058 4067 1193 4127 inanibus
1215 4084 1285 4126 suos
1300 4075 1397 4129 textus
1416 4088 1453 4130 ex
1467 4072 1616 4147 principiis
1631 4078 1741 4137 nstro-=

378 4159 495 4218 nomiae
517 4156 717 4218 Ptolemaicae
741 4164 770 4215 et
792 4174 828 4216 ex
850 4164 948 4217 urente
971 4158 1098 4217 auctoris
1122 4163 1233 4231 quanta
1256 4158 1351 4231 potuit
1374 4156 1434 4216 lieri
1458 4156 1630 4218 dexteritate
1654 4178 1727 4219 con-

379 4248 512 4306 cinnatos
534 4245 662 4321 subjeci,
693 4251 721 4303 et
744 4243 869 4320 denique
892 4245 1116 4304 commentarios
1138 4259 1191 4301 seu
1213 4250 1299 4302 notas
1322 4242 1431 4321 adjeci,
1463 4246 1570 4319 quibus
1599 4254 1628 4306 et
1650 4247 1726 4305 Por-

378 4332 540 4410 pbyrianae
563 4333 831 4404 commentationis,
862 4330 914 4390 lib.
936 4331 976 4389 II.
1000 4331 1096 4407 capite
1120 4333 1149 4390 i.
1173 4328 1328 4408 abruptae,
1358 4329 1488 4403 deiectus
1511 4333 1541 4389 in
1562 4332 1619 4393 boc
1641 4336 1726 4393 tertio

380 4414 532 4497 suppletur
555 4430 585 4480 et
606 4421 726 4480 iuventa
749 4417 929 4479 Ptolemaica
957 4434 1023 4477 cunr
1047 4419 1118 4476 meis
1140 4423 1344 4493 comparantur
1367 4426 1397 4476 et
1419 4415 1572 4479 discrimen
1595 4420 1728 4480 ostendi-

378 4515 427 4567 tur
449 4509 523 4567 iuter
544 4507 707 4570 Ptolemaei
730 4506 937 4583 symbolismos
959 4512 989 4564 et
1010 4522 1091 4564 meas
1113 4504 1375 4563 demonstrationes
1390 4503 1554 4580 legitimas,
1577 4507 1656 4567 unde
1680 4511 1726 4565 in-

380 4594 502 4654 firmitas
534 4603 564 4656 et
586 4594 769 4670 imperiectio
791 4590 1046 4670 symbolismomm
1069 4590 1183 4650 illorum
1217 4600 1247 4651 et
1269 4607 1360 4651 causa
1380 4594 1534 4666 potissima
1563 4594 1651 4670 hujus
1674 4598 1727 4668 rei,

378 4700 420 4742 sc.
435 4681 548 4741 salsitas
565 4683 769 4761 principiorum
785 4678 981 4740 asunuomias
996 4678 1193 4739 Ptolemaioaa
1208 4679 1343 4754 patescit.
1381 4678 1454 4738 Cum
1470 4680 1559 4756 igitur
1573 4680 1638 4741 scia
1653 4681 1728 4743 baec

379 4768 526 4853 appendix
550 4768 588 4830 ad
611 4770 652 4829 30
673 4770 798 4853 paginas
819 4767 886 4829 libri
909 4775 1087 4851 occupatura
1109 4772 1201 4845 essct,
1233 4781 1300 4831 ecce
1323 4776 1454 4831 coortum
1482 4769 1594 4835 interea
1615 4768 1727 4835 bellum
