3882 5862
390 387 456 447 436
863 377 1028 448 appendicis
1046 377 1273 433 Harmonicoram

391 567 420 617 et
442 559 522 617 irrito
545 558 655 633 impetn
687 558 861 617 transvolas.
907 557 990 617 More
1023 567 1173 634 receptum
1202 575 1266 617 esse
1293 559 1388 629 nosti,
1418 557 1444 614 si
1467 554 1575 631 dogma
1597 552 1744 630 quoddam

391 647 466 705 bene
488 646 650 704 stabilitam
673 655 727 715 est,
752 653 784 704 ut
806 663 872 704 cnm
897 646 1111 720 objectionibus
1135 654 1238 721 postea
1253 645 1414 704 levioribus
1432 647 1616 718 transigatur.
1655 642 1744 699 Gam-

390 750 501 808 panae,
527 736 639 808 inquis,
663 735 691 789 in
717 732 832 810 templis
851 733 973 792 minime
996 731 1084 792 silent
1105 734 1134 789 in
1157 720 1343 808 oppositione
1366 731 1468 790 honae
1492 746 1558 789 cum
1580 728 1744 801 malevolis,

390 831 475 896 peste
498 829 659 895 grassante.
705 819 736 878 Si
761 822 834 878 bene
857 821 992 895 conjicio,
1016 830 1047 878 tu
1070 823 1183 895 patriae
1206 832 1275 878 tuae
1297 836 1407 877 rnorem
1431 819 1479 877 hic
1493 820 1599 893 tangis,
1624 819 1652 872 in
1676 833 1743 892 qna,

392 910 441 983 qui
465 909 584 965 suntin
608 923 704 982 agone
727 909 888 979 constituti,
913 910 933 964 ii
956 925 1117 984 campanae
1139 910 1224 983 signo
1239 910 1393 983 impetrato
1411 905 1546 983 publicas
1561 920 1661 980 preces
1683 903 1744 961 soi·

390 995 513 1053 licitant.
557 993 623 1052 Non
647 1004 726 1052 caret
748 994 822 1053 hacc
846 995 1013 1053 observatio
1029 995 1123 1052 laude
1146 998 1201 1053 sola
1224 988 1394 1069 diligentiae
1418 1001 1447 1051 et
1468 993 1743 1067 circumspectionis.

390 1080 469 1140 Illud
492 1082 579 1141 ctiam
602 1080 770 1160 philosophi
793 1083 941 1140 remittent
963 1083 1093 1140 moribus
1116 1081 1310 1155 astrologicae
1326 1079 1507 1157 disciplinae,
1531 1079 1609 1155 quod
1634 1080 1672 1136 ab
1687 1078 1744 1136 hoc

391 1168 495 1227 ellectu
519 1170 722 1244 oppositiones
744 1168 868 1227 lethales
892 1180 921 1228 et
944 1169 1089 1227 violentas
1113 1168 1254 1245 appellas,
1280 1172 1334 1228 etsi
1358 1170 1409 1244 qui
1432 1183 1478 1225 me
1498 1167 1589 1239 audit,
1613 1164 1663 1224 ille
1685 1182 1743 1223 non

390 1259 486 1332 magis
509 1258 719 1332 oppositiones,
744 1273 832 1332 quam
854 1256 902 1314 vel
926 1257 1049 1315 haustas
1072 1267 1246 1332 purgantes,
1270 1257 1425 1333 clysteres,
1449 1256 1604 1312 vomitoria
1626 1252 1673 1310 rel
1697 1254 1744 1310 di·

390 1345 568 1402 minutiones
591 1345 743 1419 sanguinis
767 1343 890 1402 lethales
915 1352 944 1401 et
967 1343 1113 1402 violentas
1138 1343 1223 1402 dicct.

479 1430 558 1488 Vera
581 1433 658 1489 enirn
681 1438 750 1488 sunt
772 1430 903 1506 epitheta
926 1429 962 1489 de
984 1430 1211 1506 particularibus
1233 1428 1383 1488 nonnullis
1405 1429 1575 1498 eventibus,
1602 1425 1694 1495 laisa,
1719 1428 1742 1484 si

393 1518 440 1577 vel
465 1527 599 1575 naturam
621 1519 725 1576 harum
747 1535 850 1590 rerum,
874 1508 1088 1581 vcl‘intentnm
1112 1520 1239 1576 auctoris
1262 1524 1387 1594 spectes.
1432 1515 1519 1592 Legis
1546 1513 1592 1571 his
1616 1529 1744 1572 consona

331 1598 338 1605 ’
391 1605 442 1664 lul.
469 1606 533 1663 260
550 1605 621 1663 'libri
645 1607 700 1664 mei
725 1604 778 1661 IV.
826 1605 901 1681 Ergo
925 1615 955 1663 tu
979 1605 1054 1662 hanc
1077 1605 1272 1681 antipathiam
1293 1603 1442 1682 appellas,
1468 1601 1665 1680 sympathiam
1690 1618 1743 1659 ne·

390 1710 455 1769 gas.
502 1691 566 1749 Imo
589 1694 710 1768 inquam
733 1710 802 1767 ego:
827 1695 853 1749 si
875 1710 941 1751 cum
964 1693 1122 1767 astrologis
1137 1693 1292 1771 loquimur,
1316 1708 1396 1750 mera
1417 1690 1490 1750 haec
1506 1696 1552 1748 est
1566 1688 1742 1765 sympathia,

391 1781 434 1853 sl,
469 1795 528 1854 qno
552 1786 681 1857 tempore
705 1778 790 1837 Iouna
820 1778 1002 1852 aSaturno,
1036 1798 1124 1855 aeger
1147 1789 1334 1857 oppugnatur
1357 1797 1375 1836 a
1396 1779 1514 1850 morbo,
1546 1778 1620 1848 nial,
1653 1778 1744 1833 missa

390 1865 561 1926 coelestium
585 1876 615 1925 et
638 1865 839 1925 sublunariom
862 1869 1096 1933 consociatione.
1126 1866 1223 1925 sidera
1244 1869 1365 1925 seorsim
1392 1864 1574 1933 consideres,
1607 1865 1664 1920 nisi
1688 1863 1743 1921 hoc

391 1953 542 2012 adscribas
564 1952 719 2012 radiationi
743 1972 778 2011 er
802 1955 955 2030 opposito,
988 1954 1066 2028 quod
1094 1964 1162 2013 tnnc
1186 1954 1328 2013 Saturnus
1358 1961 1387 2011 et
1412 1953 1496 2011 Luna
1524 1954 1599 2009 inter
1623 1967 1655 2009 se
1680 1949 1743 2008 dis·

389 2040 514 2099 sideant.
559 2041 651 2117 Atqui
682 2058 717 2099 ne
739 2043 782 2099 sic
812 2040 929 2116 quidem
962 2042 1113 2119 oppositio
1135 2043 1261 2100 sustinet
1288 2040 1470 2118 antipathiae
1501 2040 1619 2097 crimen.
1664 2037 1742 2095 llam

390 2127 465 2187 haec
487 2128 661 2203 antipathia,
684 2130 876 2187 sciscentibus
898 2128 1064 2203 astrologis,
1088 2146 1140 2205 per
1162 2138 1295 2187 naturam
1317 2129 1393 2188 inest
1415 2126 1569 2198 sideribus,
1594 2141 1628 2183 ac
1651 2141 1742 2201 prop·

390 2222 472 2275 terea
494 2232 552 2273 non
577 2218 605 2272 in
630 2218 815 2291 oppositione
837 2213 932 2275 solam
956 2225 1049 2285 tenet,
1083 2215 1135 2275 sed
1158 2218 1247 2275 etiam
1270 2219 1298 2273 in
1322 2215 1516 2292 quadratura,
1545 2216 1574 2270 in
1599 2212 1743 2288 conjunc·

390 2304 479 2362 tione.
525 2302 568 2359 Ex
591 2302 717 2361 adverso
740 2302 779 2360 da
802 2301 963 2360 beneficum
985 2304 1141 2382 planetam,
1165 2304 1237 2362 nihil
1254 2305 1308 2362 erit
1329 2305 1359 2360 ln
1382 2302 1446 2378 ejus
1467 2302 1654 2378 oppositione
1676 2316 1741 2357 cnm

391 2389 476 2448 huna
499 2388 634 2464 periculi,
666 2405 725 2464 quo
749 2389 785 2447 de
807 2398 943 2447 moneant
967 2390 1119 2466 astrologi.
1168 2390 1233 2449 Non
1256 2398 1300 2449 est
1324 2407 1392 2464 crgo
1423 2392 1452 2446 in
1475 2390 1661 2464 oppositione
1684 2389 1742 2445 sita

390 2492 486 2552 neque
509 2476 677 2552 sympathia
700 2493 795 2551 neque
817 2476 990 2552 antipathia,
1017 2477 1069 2535 sed
1093 2480 1169 2536 vires
1193 2477 1287 2537 solum
1313 2477 1496 2536 efficacitatis
1518 2475 1653 2551 majores.

480 2563 571 2637 Atqui
600 2563 658 2621 hoc
680 2566 775 2639 ipsum
800 2573 859 2638 est,
893 2563 973 2639 quod
1003 2581 1069 2622 curn
1093 2569 1284 2624 consonantia
1316 2580 1420 2624 vocum
1452 2563 1615 2640 comparari
1644 2559 1739 2619 debet.

391 2649 479 2724 Quod
502 2653 579 2709 enim
603 2664 646 2711 est
669 2652 697 2708 ia
721 2650 836 2725 angulis
866 2651 1042 2729 efficacitas,
1065 2653 1121 2712 lroc
1144 2663 1189 2712 est
1218 2655 1246 2709 in
1270 2653 1393 2710 vocibus
1420 2650 1627 2721 consonantia,
1660 2645 1740 2723 quod

391 2735 451 2796 illic
485 2737 689 2807 inefficacitas,
722 2738 751 2795 id
781 2738 828 2797 hic
861 2748 906 2797 est
935 2737 1127 2799 dissonantia.
1170 2739 1246 2799 Nam
1273 2741 1327 2797 etsi
1358 2739 1519 2817 particulae
1550 2754 1606 2796 oon
1635 2745 1665 2794 et
1695 2735 1741 2793 dis

359 2888 368 2903 ,
389 2827 627 2885 contrarietatem
650 2827 816 2897 ins’rrnrant,
842 2844 900 2883 nnn
923 2836 968 2885 est
991 2837 1089 2885 tamen
1116 2845 1187 2887 vera
1209 2829 1399 2887 contrarietas
1422 2829 1496 2884 inter
1519 2824 1739 2884 consonantiam
1772 2842 1779 2854 ¹

391 2921 421 2972 et
449 2911 676 2984 dissonantiam,
705 2913 757 2971 sed
786 2916 933 2989 oppositio
962 2915 1086 2990 simplex
1109 2913 1350 2984 contradictoria,
1381 2930 1440 2971 non
1471 2916 1499 2970 in
1529 2912 1596 2970 idea
1626 2919 1739 2969 antam

391 3002 466 3059 inter
499 3001 639 3079 angulum
669 3002 864 3074 geometricae
895 3000 1119 3076 pulchritudinis
1152 3005 1270 3060 unicum
1301 3000 1480 3059 ct·lnfinitos
1510 3016 1569 3058 nou
1591 2996 1746 3073 polenses,

391 3086 444 3146 sed
475 3090 563 3145 etiarn
592 3090 620 3144 in
651 3087 753 3145 effecta
784 3087 986 3147 delectationis
1016 3099 1045 3147 et
1068 3089 1236 3149 offensionis
1264 3089 1387 3147 auriam.
1431 3087 1508 3169 Nam
1541 3080 1566 3144 si
1588 3084 1740 3159 diligenter

392 3173 542 3247 attendas,
575 3176 639 3251 ipso
662 3190 804 3233 concursu
827 3164 965 3233 sonorum
995 3193 1052 3234 non
1075 3179 1170 3251 tnagis
1193 3175 1347 3235 offenditur
1378 3174 1508 3247 auditus,
1541 3177 1566 3232 si
1589 3174 1654 3230 soni
1678 3170 1738 3228 dis·

391 3268 506 3333 sonent,
529 3279 616 3336 qnam
640 3264 665 3318 si
688 3271 858 3333 consonent,
890 3278 945 3321 nec
966 3261 1056 3321 ullam
1079 3277 1098 3321 a
1121 3264 1301 3322 dissonantia
1326 3266 1490 3338 passionem
1513 3261 1638 3320 sustinet
1667 3274 1739 3316 con·

393 3350 508 3407 trariam
530 3348 737 3423 delectationi,
760 3349 812 3407 sed
835 3348 901 3407 iden
924 3349 1020 3427 solam
1043 3349 1122 3409 dolet
1145 3352 1183 3410 ob
1207 3350 1418 3423 dissonantias,
1442 3352 1512 3425 qula
1535 3350 1740 3420 circumgestat

391 3441 533 3511 cognatas
556 3435 637 3495 ideas
660 3453 798 3495 sonorum
821 3441 1052 3510 consonantium,
1076 3455 1151 3513 quos
1173 3454 1238 3497 cum
1259 3437 1417 3507 desideret,
1440 3438 1549 3511 quippe
1568 3435 1630 3510 jam
1654 3442 1740 3490 antea

392 3521 573 3597 degustatos,
597 3522 664 3582 ideo
687 3526 819 3600 privatus
842 3525 878 3581 iis
901 3526 1019 3583 tristitia
1041 3523 1220 3584 contrahitur
1242 3528 1357 3583 animus
1380 3526 1515 3597 interior,
1540 3539 1598 3580 non
1621 3519 1738 3579 auditus

389 3612 420 3667 io
442 3613 547 3668 mentis
569 3611 667 3671 limina
690 3614 813 3687 positos.
860 3611 909 3670 Sic
932 3613 960 3668 io
983 3630 1073 3689 puero
1097 3612 1178 3671 aliud
1200 3621 1245 3672 est
1267 3613 1360 3671 iames
1384 3611 1430 3670 rel
1454 3612 1518 3669 sitis
1543 3619 1626 3678 vera,
1657 3605 1736 3667 aliud

390 3695 498 3773 cupido
521 3698 657 3757 vescendi
680 3698 717 3758 de
741 3700 848 3757 cerasis
872 3699 909 3757 ob
933 3699 1036 3758 oculos
1058 3701 1176 3775 positis,
1205 3717 1281 3777 quae
1303 3700 1369 3781 nisi'
1383 3700 1554 3757 memoriam
1578 3694 1738 3754 dulcedinis

390 3780 501 3842 dudum
523 3784 694 3859 degustatae
717 3786 892 3851 refricarent,
916 3785 997 3846 nuda
1018 3790 1064 3844 sui
1087 3789 1222 3847 absentia
1235 3804 1355 3863 puerum
1377 3803 1435 3845 non
1458 3794 1635 3862 torquerent.
1673 3781 1739 3841 Hoc

390 3873 480 3947 igitur
501 3874 636 3946 obtento,
670 3870 742 3932 nihil
771 3877 869 3932 obstat
900 3873 1111 3946 dissonantiam
1142 3874 1280 3952 copulare
1311 3891 1376 3934 cum
1399 3873 1619 3943 inefficacitate,
1654 3869 1739 3947 quasi

390 3976 467 4035 quae
490 3958 569 4017 nuda
590 3962 635 4018 sit.
651 3962 778 4035 negatio,
802 3976 864 4018 non·
884 3963 990 4037 positio
1014 3964 1150 4020 contrarii
1172 3965 1264 4041 ipsius
1287 3961 1478 4021 efficacitatis.

477 4044 661 4122 Superfluum
685 4049 844 4120 existimas,
869 4049 966 4124 plures
982 4048 1138 4109 obseriaro
1161 4059 1297 4126 aspectus
1318 4067 1405 4125 quarn
1427 4050 1565 4124 quinque.
1611 4043 1740 4102 Primum

390 4149 449 4192 non
473 4135 714 4212 estsnparfluam,
727 4133 834 4193 »dicere
857 4152 951 4193 rerum
974 4139 1178 4213 apparentium
1193 4154 1312 4213 causas,
1336 4144 1368 4195 nt
1390 4139 1423 4207 si,
1448 4152 1507 4211 qno
1522 4143 1652 4210 tempore
1667 4129 1740 4188 nulli

391 4228 460 4279 sunt
483 4230 618 4297 aspectus
641 4240 676 4282 ex
700 4224 838 4297 antiquis,
864 4221 979 4281 videam
1001 4232 1135 4283 naturam
1150 4227 1306 4303 praecipue
1323 4225 1515 4301 commoveri,
1539 4221 1628 4297 digna
1642 4217 1740 4295 philo-

390 4308 486 4384 sopho
509 4325 578 4369 cura
601 4316 646 4368 eat
668 4326 815 4385 quaerere,
840 4327 928 4385 qnam
951 4310 1072 4368 obrem
1095 4314 1279 4387 potissimum
1302 4312 1358 4371 hnc
1381 4314 1445 4390 ipso
1461 4310 1509 4369 die
1530 4320 1636 4367 natura
1658 4321 1741 4364 eom·

388 4403 562 4470 moncatum
592 4395 681 4469 digna
703 4405 747 4455 est
770 4396 945 4473 philosopho
968 4401 1084 4473 opinio,
1117 4401 1141 4456 si
1165 4398 1281 4471 videat,
1315 4398 1365 4458 illo
1389 4398 1436 4457 die
1462 4412 1527 4456 esse
1550 4398 1624 4453 inter
1647 4393 1740 4453 bonos

389 4483 525 4559 planetas
547 4485 744 4557 semisextum,
768 4483 965 4559 recipiendum
988 4485 1121 4544 fortassis
1142 4489 1172 4545 in
1194 4503 1345 4545 numerum
1367 4492 1397 4545 et
1419 4486 1624 4557 semisertum,
1640 4481 1741 4556 ‚digna

389 4569 566 4646 philosopho
596 4570 753 4644 sedulitas,
786 4570 937 4631 attendere
967 4572 1004 4631 ad
1036 4572 1145 4633 similes
1176 4576 1346 4633 occasiones
1377 4571 1461 4631 alias.
1506 4571 1544 4629 tit
1566 4573 1608 4628 ita
1631 4568 1744 4626 lactum

390 4664 445 4716 est.
490 4656 566 4716 Nam
588 4657 624 4717 de
647 4657 736 4732 hujus
759 4666 895 4734 aspectus
918 4659 1091 4720 efficacitate
1113 4662 1212 4720 testati
1226 4668 1294 4720 sant
1316 4661 1527 4736 meteoroscopi
1550 4667 1618 4716 ante
1634 4670 1740 4714 causas

389 4745 526 4802 iuventas
549 4743 683 4820 adeoque
706 4762 751 4803 me
774 4762 832 4805 non
855 4744 1038 4806 mediocriter
1066 4750 1196 4808 exercuit
1223 4747 1271 4807 hic
1292 4748 1480 4821 semisartus,
1514 4752 1547 4805 ut
1567 4752 1673 4804 causas
1696 4743 1741 4799 sic

390 4832 597 4892 constituerem
619 4838 801 4909 aspectuum,
825 4840 858 4892 ut
880 4833 968 4892 ctiam
989 4833 1037 4895 hie
1058 4837 1150 4911 recipi
1171 4836 1201 4893 in
1216 4852 1366 4895 numerum
1386 4839 1495 4912 posset,
1519 4848 1585 4894 com
1600 4826 1741 4905 riderem,
