3872 5846
584 449 762 507 Harmonicis.
799 450 882 508 Liber
898 454 947 508 III.
968 454 1057 524 Caput
1073 455 1145 511 XIV.
1302 463 1307 470 '
1480 468 1540 527 183

276 623 308 707 3)
330 626 370 687 Ut
390 630 575 688 semitonium
598 631 636 689 sit
657 629 724 690 loce
747 633 848 704 tertio,
872 639 905 691 ut
927 636 956 690 in
979 633 1074 711 Lydio
1098 636 1188 711 tuisse
1210 638 1310 711 credo,
1332 640 1542 717 aequipollent

188 714 280 788 vulgo
303 733 337 773 ex
360 716 514 791 speciebus
535 719 641 776 nostris
663 717 736 793 hee:
789 774 796 785 ,

259 835 396 843 —m
409 837 429 843 ..
458 838 552 844 ,--...
566 838 615 843 -Α
640 838 756 845 ...η-...ψ
917 841 1023 848 ——-.-
1039 842 1140 849 ’.η-.-

212 835 263 902 ‘'ri.
282 849 313 902 rn
325 859 421 905 aaran
439 850 471 905 e.
518 851 575 917 ns,
595 851 652 920 sn,
672 852 695 907 s
721 822 929 922 nunnae,
949 854 978 922 a,
997 857 1038 909 aar
1064 856 1087 911 s
1124 843 1418 927 n‘sTAequrpauanua
1435 863 1463 915 rn
1486 862 1540 919 rma

199 917 259 970 nn.
278 919 310 974 u
323 928 418 974 aava
435 937 456 976 a.
519 920 574 988 nn,
594 921 652 987 sn,
672 895 702 989 sl,
720 923 776 989 ns,
795 923 851 990 rs,
870 923 928 991 sn,
948 924 977 992 a,
997 926 1037 979 aa
1063 898 1093 993 si,
1120 926 1178 982 ns.
1260 928 1387 998 diapente
1407 947 1478 986 vara.

226 1042 262 1166 l:
281 1042 313 1165 tt
326 1046 466 1170 tuditi
519 1045 578 1183 id:
597 1046 653 1183 ti:
672 1045 702 1184 i:
721 1044 780 1181 ii:
797 1045 855 1183 ii:
874 1045 930 1183 il:
950 1047 979 1184 i:
997 1050 1040 1171 ll
1066 1047 1096 1185 d:
1125 1048 1180 1173 il·
1200 1084 1419 1153 aarum*

186 1233 1537 1394 Qdeqmpcssendmimma

273 1431 402 1491 Possunt
424 1450 492 1509 ergo
515 1434 675 1494 secundum
698 1434 781 1511 vulgi
804 1434 839 1496 ds
863 1444 932 1494 tono
957 1436 1058 1512 majori
1084 1445 1113 1495 et
1135 1439 1240 1497 minori
1270 1440 1445 1499 sententiam
1467 1441 1537 1518 plu·

186 1518 278 1580 urnae
301 1519 363 1578 ticri
387 1524 628 1598 transpositiones
650 1521 840 1581 melodiarum
864 1522 899 1582 de
923 1523 1013 1582 literis
1036 1527 1066 1581 in
1088 1523 1203 1601 literas,
1227 1524 1423 1586 mediantibus
1445 1530 1538 1606 signis

186 1601 253 1665 bct
296 1652 303 1666 .

268 1618 377 1753 ³liestat
405 1705 438 1754 nt
465 1699 678 1771 examinemus,
712 1713 857 1772 quaenam
887 1714 923 1755 en
955 1700 1061 1755 nostris
1095 1702 1133 1757 14
1156 1698 1309 1774 speciebus
1340 1708 1464 1762 comune
1486 1704 1538 1779 per

188 1782 421 1840 articulaticuenr
450 1783 658 1844 elementorum
682 1786 888 1843 concinnerum
917 1786 1032 1861 possint
1053 1783 1115 1843 fieri
1143 1785 1326 1864 multiplices.
1371 1787 1447 1846 Nam
1469 1806 1538 1866 spe·

187 1871 297 1928 clerum
319 1869 470 1930 discrimen
495 1873 666 1947 quintuplex
691 1875 820 1931 oritura
843 1874 1035 1946 contiguitate
1057 1881 1205 1948 tonornm3
1230 1874 1281 1933 au‘t
1296 1876 1372 1933 enim
1394 1881 1453 1935 tres
1474 1880 1536 1935 toni

188 1975 220 2015 sc
243 1958 368 2015 invicem
391 1970 550 2033 sequuntur
573 1960 717 2035 deinceps,
742 1966 794 2017 ant
816 1960 875 2018 bini
892 1968 1014 2018 tanturn.
1062 1958 1174 2035 Quodsi
1201 1967 1273 2034 tres,
1298 1969 1412 2040 oportet
1435 1970 1467 2021 ut
1490 1965 1538 2024 vel

189 2046 218 2100 in
243 2042 338 2102 medio
362 2051 486 2103 octavae
509 2056 586 2106 stent
608 2065 666 2106 non
689 2045 872 2120 naturaliter,
906 2049 1038 2122 utrinque
1061 2046 1204 2109 babentes
1231 2048 1364 2124 singulos
1392 2057 1478 2109 tonos
1509 2061 1538 2111 et

189 2130 306 2206 singula
327 2135 495 2207 semitonia3
525 2133 570 2191 vel
594 2146 625 2192 ut
654 2133 691 2191 ad
714 2133 837 2192 alterum
860 2135 1028 2210 systematis
1059 2141 1220 2195 extremum
1248 2144 1385 2212 sergent,
1415 2146 1445 2197 et
1467 2145 1537 2198 tunc

189 2221 353 2277 necessario
377 2222 405 2275 in
429 2220 480 2279 illo
503 2231 631 2280 extremo
655 2231 699 2280 est
720 2223 922 2293 semitonium,
952 2229 1070 2297 propter
1090 2221 1170 2298 leges
1195 2225 1213 2281 8
1237 2230 1265 2282 et
1288 2225 1316 2282 3.
1361 2222 1414 2283 Sin
1436 2234 1536 2285 autem

190 2306 249 2364 bini
273 2312 384 2364 tantum
409 2311 470 2365 torri
493 2325 525 2367 se
549 2310 746 2384 insequuntur,
771 2308 1017 2368 intercedentibus
1032 2311 1203 2384 semitoniis,
1228 2320 1296 2369 tuuc
1311 2312 1465 2371 semitonio
1487 2311 1536 2371 lo-

189 2410 240 2450 cus
268 2395 298 2449 in
329 2395 560 2453 extremitatibus
591 2413 649 2454 non
679 2403 738 2466 est,
772 2404 800 2454 et
822 2395 897 2455 duae
920 2403 1054 2454 tonorum
1082 2397 1169 2472 bigae
1202 2398 1248 2457 rel
1269 2415 1360 2474 supra
1382 2407 1463 2458 stant
1484 2400 1534 2459 rel

190 2481 277 2551 intre,
310 2483 394 2539 tertie
415 2482 513 2541 mollis
535 2484 565 2540 in
589 2491 717 2541 extremo
740 2485 899 2559 contrario,
929 2500 1022 2558 eaque
1045 2481 1165 2543 interius
1187 2493 1281 2559 recte,
1310 2486 1421 2545 babens
1445 2489 1533 2546 semi-

190 2571 301 2626 tonium
324 2585 429 2643 supra,
453 2571 583 2644 superius
606 2572 737 2642 inverse,
761 2573 945 2630 semitonium
968 2570 1042 2630 intra
1064 2571 1185 2631 habens.

274 2654 341 2713 Hoc
363 2664 449 2731 pacto
472 2659 500 2713 in
522 2659 629 2716 nostris
655 2660 693 2715 14
709 2659 861 2732 speciebus
884 2660 1064 2734 reperiuntur
1080 2661 1274 2734 interspersae
1295 2658 1370 2718 aliae
1389 2661 1437 2733 10,
1462 2677 1537 2736 que·

190 2744 278 2801 ternis
300 2744 400 2819 primis
423 2745 496 2802 locis
519 2743 717 2804 coincidentcs
739 2762 804 2803 cram
827 2746 979 2823 prioribus,
1003 2754 1055 2804 eut
1077 2748 1297 2821 alemanicis,
1322 2745 1372 2805 ubi
1395 2763 1466 2806 vero
1489 2748 1537 2805 in-

191 2832 303 2905 cipiunt
325 2830 456 2903 differre,
480 2835 640 2909 praemisse
663 2841 708 2890 est
728 2833 872 2908 particula
894 2834 949 2891 vel.
1101 2830 1103 2834 ⁴

277 2916 388 2991 Quodsi
407 2919 470 2993 jam
492 2923 647 2979 accesserit
670 2919 772 2978 ultima
795 2937 898 2991 causa,
929 2918 1130 2977 discriminans
1151 2924 1254 2991 tonos,
1282 2919 1396 2979 scilicet
1418 2940 1485 2996 serp
1508 2929 1537 2979 et

189 3025 320 3077 neccaro,
350 3003 545 3081 triplicabitur
567 3024 703 3066 numerus
734 3018 762 3065 et
785 3007 855 3066 tient
879 3009 917 3063 72
942 3007 1063 3082 species.
1110 3003 1203 3064 Omne
1226 3008 1302 3064 enim
1332 3005 1462 3066 sceletou
1485 3023 1537 3066 oc-

192 3100 280 3150 tenae
304 3109 338 3150 ex
363 3094 497 3152 omnibus
521 3097 559 3151 24
585 3090 675 3153 babet
698 3100 727 3152 et
749 3096 863 3153 tertiam
887 3102 915 3151 et
938 3100 1070 3168 qtrartann
1094 3091 1316 3152 concordantem
1346 3110 1411 3152 curn
1434 3096 1537 3173 prima¹

190 3188 218 3236 et
241 3181 373 3254 quintam
397 3190 425 3239 et
448 3190 570 3240 sextam.
616 3180 646 3240 Si
671 3198 738 3257 ergo
763 3182 817 3240 hae
840 3190 938 3260 partes
967 3189 1068 3239 cantus
1096 3182 1280 3257 potissimum
1302 3182 1378 3239 circa
1401 3190 1535 3256 quartem

190 3275 219 3323 et
241 3276 355 3325 sextam
378 3277 561 3344 occupentur,
585 3278 654 3327 tnnc
676 3276 806 3327 statuunt
828 3268 925 3326 intimo
948 3267 1013 3326 leco
1037 3267 1232 3342 diatessaron3
1261 3270 1306 3326 sin
1329 3269 1405 3327 circe
1420 3270 1535 3328 tertiam

192 3361 221 3411 et
243 3364 370 3426 sextam,
402 3355 583 3414 diatessaron
607 3365 651 3416 est
682 3357 711 3412 in
734 3355 845 3430 rnedi03
874 3357 918 3414 sin
942 3354 1067 3430 denique
1099 3357 1175 3414 eirca
1197 3356 1312 3414 tertiam
1328 3362 1372 3415 ¹et
1393 3358 1535 3432 quintam,

192 3440 374 3501 diatessaron
398 3452 443 3502 est
465 3443 530 3503 loco
553 3460 697 3519 supremo.

275 3527 359 3588 Haeo
380 3540 478 3589 eutem
501 3548 557 3590 non
582 3529 647 3590 ideo
670 3531 744 3603 dico,
768 3528 847 3604 quod
870 3530 1033 3589 neccssaria
1049 3530 1088 3588 sit
1109 3537 1169 3587 tam
1184 3531 1295 3587 minuta
1309 3530 1445 3604 concisio,
1469 3547 1536 3589 cum

191 3617 290 3689 sciam,
314 3616 481 3693 plerumque
505 3621 617 3677 misceri
640 3628 737 3677 ternas
759 3618 866 3676 formas
888 3617 918 3673 ln
942 3633 999 3674 uno
1024 3626 1125 3690 caum,
1150 3614 1201 3675 sed
1224 3621 1257 3675 ut
1279 3632 1316 3675 ex
1337 3615 1393 3675 lroc
1415 3633 1535 3679 numero
1624 3664 1629 3675 .
1727 3608 1729 3615 4

190 3705 282 3776 possit
302 3703 445 3778 judicium
468 3707 534 3764 terri
557 3706 593 3764 dc
616 3705 830 3763 discriminibus
853 3712 1003 3777 tonorum,
1034 3721 1109 3780 quae
1137 3702 1268 3765 moderni
1293 3703 1430 3779 tradunt3
1459 3723 1535 3781 quae

190 3793 295 3864 partim
318 3791 487 3866 talianum,
512 3803 543 3851 ut
566 3793 635 3851 mibi
659 3793 812 3851 videantur
835 3791 949 3873 illorum
977 3799 1021 3849 tot
1044 3793 1133 3850 statui
1154 3807 1256 3868 posse,
1287 3798 1359 3865 quet
1380 3799 1448 3850 sunt
1471 3793 1535 3851 om-

190 3880 258 3935 nino
282 3881 440 3952 cantiones,
465 3887 560 3940 cetera
583 3883 669 3939 unius
692 3881 762 3939 toni.
808 3878 895 3937 Atei
918 3880 1106 3938 observamus
1129 3877 1202 3937 baec
1223 3879 1374 3956 principia,
1397 3895 1534 3939 numerus

190 3973 331 4038 tonorum,
356 3974 502 4043 utcunque
526 3985 664 4043 magnus,
687 3968 784 4026 linitus
807 3973 904 4024 tumen
928 3973 980 4025 est.
1026 3966 1060 4022 Iu
1083 3982 1213 4036 sumina,
1236 3967 1315 4037 toni,
1339 3965 1466 4024 realibus
1489 3966 1535 4025 di-

189 4054 287 4111 stincti
308 4057 394 4112 metis
418 4062 447 4114 et
469 4053 691 4127 discriminibus,
715 4070 773 4112 uon
796 4060 928 4130 respectu
951 4052 1114 4112 altitudinis
1136 4054 1220 4111 vocis
1238 4054 1271 4109 in
1288 4069 1407 4128 organo,
1431 4051 1482 4113 sed
1505 4055 1534 4111 in

189 4141 253 4214 ipsa
277 4142 366 4199 etiem
387 4142 516 4201 bumana
538 4160 626 4215 voce,
659 4160 736 4217 quae
766 4142 939 4218 principium
963 4138 1103 4197 naturalis
1125 4142 1291 4215 cysternatis
1321 4156 1535 4216 squacuuque

190 4244 262 4285 rece
293 4226 354 4286 alte
383 4229 429 4288 vel
462 4229 722 4306 protundatacere
742 4235 856 4305 potest,
885 4236 954 4287 snut
977 4226 1024 4285 vel
1048 4231 1065 4286 3
1088 4234 1223 4300 tantum,
1252 4225 1300 4286 vel
1326 4229 1379 4302 14,
1411 4227 1461 4287 vel
1483 4230 1534 4303 nt,

193 4314 239 4373 vel
265 4317 314 4372 72.
1428 4352 1434 4360 ·

277 4402 351 4464 Cum
374 4402 419 4462 his
442 4404 589 4481 principiis
611 4405 683 4462 meis
707 4403 749 4461 sio
772 4417 826 4477 ego
849 4401 971 4462 coneilio
994 4409 1079 4461 tonos
1102 4412 1168 4460 octo
1184 4398 1327 4478 vulgares,
1352 4403 1536 4478 quoseccle·

192 4491 325 4549 siasticos
349 4489 462 4563 dicunt,
486 4499 624 4568 erantque
649 4490 809 4562 veteribus,
835 4492 970 4567 opinione
993 4489 1188 4566 quorundam,

469 4607 491 4661 Ι.
512 4608 619 4663 Durius.
1093 4606 1127 4659 II.
1147 4606 1328 4677 Hypcderius.

398 4910 492 4965 Adam
505 4912 613 4979 primus
630 4913 716 4967 bomo.
1107 4904 1169 4967 'Noc
1185 4909 1326 4987 secundae.
