3940 5856
1032 236 1042 265 Ι

785 381 868 439 Liber
884 381 933 439 111.
954 381 1044 452 caput
1059 381 1119 438 vn.
1301 436 1311 448 „
1565 380 1627 444 att

276 558 371 615 sioalia
392 557 420 615 in
442 558 554 616 animos.
590 561 632 616 Da
654 559 754 630 quibus
777 557 838 615 ride
856 576 916 629 cap.
938 562 977 617 tt.
1001 542 1064 614 libri
1085 558 1139 613 mei
1160 554 1234 614 tertii
1256 570 1340 624 saepe
1362 554 1488 624 citatum,
1514 551 1631 613 observa

276 653 340 692 sero
359 639 515 696 discrimen:
539 638 614 695 aliud
631 647 687 709 ost,
710 639 813 694 animas
838 640 865 693 iu
883 654 983 706 genere
1002 637 1132 694 delectari
1149 634 1310 705 harmoniis,
1336 635 1411 692 aliud
1430 634 1511 691 etiarn
1528 643 1557 690 et
1574 652 1630 691 am-

275 717 347 788 plius
371 718 486 789 aliquid,
513 718 629 775 affectus
654 735 716 775 oum
740 726 836 774 omaus
858 717 945 773 modis
970 715 1156 775 consimilibus
1181 713 1338 780 tramlerri3
1364 714 1461 771 horum
1484 721 1630 791 utrumque

276 816 353 857 suam
373 815 482 855 oausam
500 799 609 856 habet·
1526 866 1533 875 ·
1705 856 1719 865 ,

362 877 454 933 Prima
470 876 554 948 igitur
577 884 606 934 et
627 877 694 936 sads
713 878 862 948 conspicua
888 894 983 949 osusa,
1010 888 1062 934 cur
1084 880 1224 931 mutentur
1240 873 1356 931 adactus
1379 875 1414 929 ad
1432 875 1632 945 praescriptum

277 967 388 1028 mutus,
415 965 459 1013 est
475 959 542 1028 ista,
569 959 642 1028 quod
656 958 714 1028 jam
732 964 813 1014 antea
837 961 895 1015 noti
913 966 978 1015 suut
995 957 1098 1014 homini
1122 955 1271 1013 dolentium
1287 953 1418 1024 ejulatus,
1445 955 1630 1026 gaudentium,

277 1037 462 1104 metuentium,
480 1037 610 1092 iratorum
629 1045 680 1094 eta.
699 1054 779 1095 rooes
799 1039 931 1108 diremm,
947 1024 1016 1093 licei
1029 1037 1216 1093 inconcinnae.
1252 1038 1326 1104 Ergo
1351 1038 1375 1092 si
1393 1037 1485 1107 aliqua
1502 1038 1585 1094 etism
1601 1035 1631 1091 in

277 1115 417 1174 concinnis
435 1115 517 1186 inque
533 1117 678 1185 generibus
697 1126 725 1173 et
741 1117 829 1174 modis
847 1118 957 1175 musicis
976 1125 1020 1181 eat
1037 1117 1146 1173 adecho
1164 1116 1258 1173 similis
1275 1116 1331 1173 illis
1348 1118 1474 1187 rombus,
1492 1120 1540 1177 liis
1559 1136 1630 1177 com·

276 1196 425 1253 moneiacit
452 1198 570 1253 ammam
592 1199 626 1254 de
650 1199 754 1265 causis,
782 1215 863 1257 voces
884 1199 955 1256 tales
979 1195 1204 1269 exprimentibus,
1232 1211 1268 1251 sc.
1295 1196 1329 1251 de
1351 1195 1494 1255 areentur
1516 1199 1632 1256 idoneis.

276 1279 339 1333 Jam
357 1288 420 1330 vero
438 1276 577 1346 proprium
596 1287 639 1333 est
656 1280 814 1348 animorum,
833 1280 933 1335 affectu
951 1277 1102 1334 consociari
1119 1291 1179 1332 eum
1198 1273 1259 1329 aliis
1276 1273 1380 1332 animis.
1417 1276 1462 1330 Es
1479 1276 1531 1331 hac
1548 1292 1633 1334 causa

276 1370 327 1413 ceu
344 1367 379 1407 ex
397 1355 472 1411 ionte
491 1356 608 1412 derivari
626 1372 676 1427 ego
694 1358 742 1414 iol.
762 1363 795 1416 75
814 1361 887 1428 (185)
905 1358 967 1413 libri
985 1357 1038 1412 mei
1057 1371 1151 1411 omnes
1170 1353 1228 1409 iere
1244 1354 1312 1410 alias
1325 1362 1422 1410 cautus
1441 1355 1631 1426 proprietates·

224 1442 230 1453 ¹
278 1439 373 1495 Altera
398 1439 532 1497 occultior
556 1454 640 1494 causa
663 1447 691 1496 at
709 1440 870 1498 delectionis
892 1441 921 1494 in
939 1452 1051 1509 genere,
1076 1443 1104 1490 et
1124 1451 1183 1490 eam
1205 1440 1283 1489 tanto
1307 1433 1413 1490 facilius
1438 1436 1630 1505 consequentis

277 1521 435 1577 mutationis
460 1519 608 1575 affectuum
631 1521 659 1574 ln
684 1523 788 1592 specie,
816 1536 833 1575 a
852 1519 1009 1575 Ptolemaeo
1031 1516 1154 1587 tangitur
1174 1514 1203 1566 in
1221 1520 1313 1575 textu.
1341 1529 1403 1568 cum
1430 1514 1570 1571 admoneri
1593 1516 1632 1570 uit

278 1598 381 1654 animos
400 1616 416 1654 a
435 1604 517 1654 cantu
535 1599 661 1669 propriae
680 1598 721 1653 sui
739 1599 861 1670 ipsomm
879 1596 1108 1656 conformationis.
1145 1594 1200 1651 Sed
1218 1594 1277 1662 ipsa
1300 1592 1372 1648 hanc
1389 1593 1630 1650 conformationem

277 1675 412 1745 iutelligit,
432 1693 512 1745 quarn
531 1677 590 1747 ipse
608 1677 727 1747 tradidit,
746 1695 816 1748 quae
834 1678 971 1735 rhetorica
988 1677 1085 1732 saltem
1103 1672 1280 1731 similitudine
1298 1676 1417 1741 constat,
1441 1689 1495 1729 non
1513 1674 1631 1729 ncomm-

249 1798 253 1803 .
276 1759 334 1808 tate
351 1756 461 1812 causali.
498 1756 563 1810 Vult
581 1756 664 1823 igitur
681 1756 786 1812 animos
803 1759 878 1828 ipsos
896 1762 925 1812 et
940 1755 1074 1811 instinctu
1091 1754 1210 1822 quodam
1221 1767 1370 1823 agnoscere
1387 1768 1464 1808 snam
1477 1754 1551 1810 illam
1569 1770 1630 1810 eum

278 1832 435 1888 harmonica
461 1834 675 1909 similitudinum,
708 1853 762 1891 non
789 1838 877 1892 minus
905 1850 985 1904 quam
1011 1833 1185 1890 Ptolemaeus
1211 1831 1398 1888 ratiocinando
1425 1849 1485 1890 eam
1511 1834 1629 1903 agnovit.

161 1932 169 1943 =
276 1910 366 1979 Atque
382 1912 530 1968 similitudo
547 1913 607 1983 illa,
631 1921 663 1968 ut
681 1930 698 1968 a
715 1914 871 1971 Ptolemaeo
890 1914 999 1982 quidem
1016 1918 1059 1968 est
1076 1912 1222 1978 instructa,
1242 1927 1297 1965 uon
1315 1926 1371 1965 uuo
1387 1913 1509 1968 membro
1527 1912 1630 1968 claudi-

276 1995 328 2053 cat,
347 1989 507 2059 videturque
528 1991 594 2045 mihi
611 1993 700 2048 minus
718 1999 846 2049 accurata
863 2000 891 2048 et
908 1992 1036 2061 pulchra,
1061 2007 1141 2061 quam
1159 1991 1328 2059 Ptolemae03
1356 2006 1407 2047 nec
1424 1992 1512 2047 miuus
1540 1999 1629 2046 tamen

278 2066 370 2122 valent
386 2069 413 2123 in
432 2086 523 2126 meum
541 2070 658 2125 animum
676 2071 858 2141 proprietates
875 2076 979 2139 cantus,
999 2085 1080 2140 quam
1092 2071 1119 2125 in
1131 2070 1289 2127 Ptolemaei.
1326 2072 1434 2127 Arctior
1444 2071 1527 2140 igitur
1538 2071 1631 2140 aliqua

278 2149 452 2205 necessitudo
471 2151 628 2219 quaerenda
646 2158 689 2206 est
707 2150 925 2207 conformationis
939 2153 1089 2205 animorum
1107 2167 1169 2206 curn
1181 2149 1395 2206 conformatione
1406 2149 1555 2206 harmonici
1568 2166 1631 2204 can·

278 2234 335 2295 tus,
354 2227 469 2283 siillam
487 2230 611 2286 volumua
630 2231 701 2284 inter
719 2244 815 2286 causas
833 2230 917 2287 videri
936 2230 1205 2299 correspondentium
1223 2228 1539 2297 utrinqueaffectlouum
1570 2229 1630 2298 Quo

277 2304 338 2360 loco
356 2307 445 2362 sarias
463 2316 604 2364 auctorum
623 2310 772 2366 sententias
790 2310 862 2365 inter
879 2325 910 2365 se
927 2324 1084 2379 comparare
1100 2308 1261 2365 nonnullum
1280 2311 1332 2364 erit
1348 2324 1448 2379 operae
1465 2310 1591 2380 pretium.

365 2402 444 2472 Quod
468 2403 539 2458 enirn
562 2406 815 2461 transmutationem
841 2412 937 2460 cantus
960 2414 1123 2474 sequeretur
1144 2406 1288 2462 translatio
1311 2407 1473 2476 affectuum,
1495 2407 1523 2464 id
1545 2425 1629 2464 uuum

279 2490 338 2538 erat
354 2498 370 2538 e
387 2484 541 2553 praecipuis
559 2484 733 2554 argumentis,
751 2501 800 2539 cur
816 2484 973 2555 philosophi
990 2484 1018 2539 iu
1038 2491 1118 2553 gente
1136 2485 1246 2543 musicis
1263 2488 1360 2551 studiis
1380 2488 1472 2545 dedita
1486 2490 1543 2559 J'am
1561 2489 1631 2544 anti·

279 2563 371 2632 quitus
389 2560 647 2631 suspicarentur,'in
665 2563 815 2617 animorum
834 2562 929 2619 formis
947 2569 975 2619 et
993 2563 1232 2632 compositionibus
1250 2565 1346 2622 insitas
1361 2583 1422 2624 esse
1439 2568 1549 2639 penitus
1564 2568 1629 2624 har-

278 2645 389 2698 monias.
424 2643 593 2712 Pythagoras
612 2643 720 2714 quidem
736 2642 789 2697 hoe
807 2643 905 2717 dogma
923 2642 991 2698 adeo
1003 2642 1116 2697 tirmiter
1128 2641 1223 2696 habuit
1235 2656 1403 2714 persuasum,
1422 2652 1454 2698 ut
1465 2660 1499 2700 ex
1511 2660 1543 2700 eo
1557 2643 1632 2700 aliud

279 2720 432 2780 abstrusius
451 2722 625 2777 exstruxerit.
662 2722 729 2777 Cum
747 2721 826 2790 enirn,
844 2728 875 2777 ut
892 2722 920 2777 in
939 2720 1114 2791 praeambulo
1132 2719 1194 2775 libri
1212 2721 1286 2775 tertii
1304 2721 1413 2792 dietum,
1431 2723 1631 2779 harmoniarum

279 2814 375 2856 causas
393 2802 421 2856 in
439 2800 559 2856 numeris
577 2801 666 2854 inesse
684 2799 896 2869 persuaderetur
913 2800 1039 2868 idemque
1057 2799 1162 2854 animus
1181 2806 1267 2869 esset,
1293 2801 1339 2869 qui
1358 2810 1386 2857 ct
1404 2819 1465 2857 cum
1483 2802 1630 2861 harmoniis

278 2883 412 2951 inrarioa
431 2880 544 2935 allectus
563 2877 756 2934 transferretur
773 2888 801 2933 et
819 2878 978 2934 numerandi
990 2877 1120 2933 facultate
1134 2876 1250 2946 polleret
1263 2879 1353 2940 unica,
1373 2880 1474 2950 triplici
1485 2880 1631 2936 hao'trium

279 2977 381 3029 rerum,
401 2960 493 3027 animi,
512 2958 631 3029 numeri,
650 2958 818 3025 harmoniae,
847 2960 918 3014 inter
936 2973 966 3013 sa
985 2957 1153 3013 counexione
1171 2964 1263 3010 motus
1281 2959 1461 3026 pronunciare
1479 2973 1562 3014 ausus
1580 2966 1632 3028 ast,

225 3034 228 3049 ⁴
278 3041 365 3112 ipsam
383 3037 482 3094 mentis
501 3036 646 3091 essentiam
664 3051 698 3089 ex
717 3037 836 3091 numeris
855 3042 993 3104 constare3
1012 3050 1067 3089 non
1085 3034 1118 3088 iis
1137 3032 1246 3102 quidem
1266 3036 1390 3094 omnihus
1401 3038 1564 3108 promiscue,
1582 3038 1631 3094 scd

279 3137 314 3175 ex
332 3121 379 3175 illo
399 3124 524 3188 tetrasty,
542 3132 592 3186 per
611 3131 691 3185 quem
705 3114 828 3184 jurabat,
854 3115 900 3184 qui
919 3130 956 3168 sc.
976 3112 1202 3187 colligeretur-ex
1219 3117 1340 3172 terminis
1358 3117 1516 3173 harmoniae
1533 3116 1631 3174 identi-

279 3215 362 3255 sonae
380 3198 524 3268 diapason,
541 3197 632 3250 sectae
649 3193 785 3264 perdura
803 3194 977 3261 medietates,
996 3192 1186 3260 geometricam
1203 3200 1232 3248 et
1249 3194 1461 3265 arithmeticam,
1483 3197 1512 3252 in
1530 3212 1631 3252 morem

279 3278 394 3333 duarum
419 3274 566 3331 solidarum
593 3273 786 3342 quantitatum,
813 3282 844 3329 ut
868 3290 939 3343 quae
958 3273 1039 3328 etiam
1064 3271 1132 3327 duaa
1150 3273 1253 3328 medias
1270 3275 1461 3345 proportiones
1483 3276 1630 3347 reeipiuut;

279 3357 326 3425 qui
339 3354 447 3411 termini
466 3358 530 3408 sunt
547 3352 572 3420 6,
591 3352 616 3419 8,
635 3350 660 3420 9,
683 3352 722 3420 12,
741 3368 854 3407 numero
873 3361 1003 3422 quatuor,
1023 3346 1128 3407 aumma
1145 3353 1191 3421 35,
1217 3353 1263 3421 qui
1280 3353 1342 3408 ideo
1361 3354 1501 3410 harmonia
1518 3363 1560 3412 est
1577 3356 1644 3411 dic·

281 3448 343 3501 tus,
368 3435 413 3490 cui
431 3434 454 3489 si
472 3434 563 3488 unitas
578 3432 725 3500 jungatur,
745 3430 815 3486 liunt
832 3433 880 3500 36,
904 3446 1033 3486 uumerus
1050 3430 1272 3487 accuratissimus
1290 3433 1439 3500 quadratus
1458 3433 1492 3489 de
1510 3435 1633 3505 perfecto

280 3525 306 3587 d,
325 3524 354 3571 et
372 3512 529 3581 trigouicus,
548 3512 608 3567 basi
625 3514 651 3565 8.
687 3510 756 3566 Vide
774 3511 854 3582 plura
871 3512 898 3566 in
918 3511 1035 3579 allegato
1054 3509 1240 3580 praeambulo.
1275 3512 1357 3568 Hunc
1373 3513 1556 3583 Pythagoram
1573 3517 1632 3572 imi·

279 3604 353 3651 tatus
372 3590 527 3647 Macrobius
551 3591 668 3645 animam
694 3589 812 3647 affirmat
829 3606 890 3647 esse
908 3591 1040 3644 intextam
1059 3606 1092 3643 ex
1111 3590 1229 3644 numeris
1247 3592 1371 3662 musicis,
1398 3593 1568 3663 animamque
1587 3593 1632 3648 da·

279 3676 353 3739 fluit,
378 3671 451 3741 quod
475 3671 510 3725 sit
537 3685 666 3755 uumerus
689 3669 861 3725 harmonicus
885 3685 914 3725 se
940 3668 1031 3739 ipsum
1054 3683 1172 3723 marens.
1209 3670 1323 3725 Hermes
1345 3687 1410 3728 vero
1433 3673 1633 3748 Triamegistua,

278 3754 435 3825 Pythagora
452 3750 548 3820 procul
567 3750 649 3804 dubio
667 3749 810 3820 posterior,
830 3765 880 3805 nec
897 3749 937 3803 ita
954 3755 1079 3804 vetustus
1098 3748 1244 3815 (sententia
1261 3747 1479 3806 doctissimorum
1495 3750 1633 3820 uirorum),

279 3842 310 3888 ut
325 3832 432 3900 jactant
448 3828 579 3896 nonnulli,
598 3829 701 3884 iontem
713 3829 862 3884 animarum
874 3827 1018 3898 profitetur
1030 3826 1208 3895 octonarium,
1227 3826 1391 3897 intelligens,
1410 3830 1438 3884 ul
1453 3829 1542 3901 fallor,
1560 3830 1633 3885 huno
1726 3876 1748 3887 ..

279 3912 440 3980 trigonicum
461 3912 502 3977 33,
521 3909 582 3965 bari
600 3912 634 3979 83
659 3909 712 3965 nisi
729 3908 892 3964 desumaerit
914 3923 949 3963 ex
967 3905 1119 3971 Macrobio,
1137 3905 1184 3975 qui
1205 3905 1395 3973 theologorum
1413 3909 1509 3965 Mursa
1534 3925 1631 3966 uorem
1724 3938 1727 3955 ι

278 3992 474 4059 iuterpretatur
491 3989 525 4045 de
544 3988 668 4058 sphaeris
687 3995 749 4044 octo
767 3987 918 4055 mundanis,
937 3992 966 4040 at
983 3984 1119 4040 communi
1137 4000 1230 4038 aarum
1248 3992 1391 4042 concentu.
1426 3987 1457 4041 ld
1479 4004 1543 4043 rere
1560 3990 1633 4045 vide·

279 4077 325 4124 tur
349 4068 471 4127 alludere
493 4068 527 4124 ad
549 4068 665 4137 figuram
683 4066 843 4136 quadratam
866 4078 901 4119 ex
919 4079 1015 4118 norem
1034 4064 1144 4133 punctis
1163 4063 1276 4134 iactam,
1302 4081 1417 4134 quorum
1440 4075 1501 4123 octo
1520 4069 1632 4124 circum·

279 4154 354 4202 stant
373 4149 504 4215 exterius,
529 4164 614 4203 uuum
631 4148 705 4202 intus
723 4147 750 4199 iu
768 4143 857 4199 medio
880 4152 922 4198 est
944 4142 972 4195 iu
991 4142 1183 4197 decussatione
1200 4142 1343 4198 linearum.
1378 4144 1455 4200 Idem
1472 4146 1587 4201 Hamas
1605 4142 1633 4200 in

277 4227 447 4282 Poemandro
464 4234 582 4282 mentem
595 4225 711 4280 hominis
730 4238 779 4295 per
796 4222 964 4277 harmoniam
982 4222 1022 4278 ait
1038 4236 1100 4277 esse
1119 4221 1267 4292 delapsam,
1286 4223 1405 4279 uersum
1423 4241 1496 4295 sero,
1515 4223 1633 4280 solutam

278 4304 393 4361 vinculis
410 4307 532 4376 corporis
550 4306 764 4374 facultatumque
776 4302 940 4365 inferiorum,
958 4317 1008 4371 per
1025 4299 1138 4355 eandem
1150 4302 1319 4358 harmoniam
1330 4318 1501 4360 reversuram
1512 4305 1540 4359 in
1553 4303 1632 4359 sedes

278 4383 421 4453 pristiuaa3
445 4383 519 4453 quod
536 4392 638 4450 totum,
663 4390 694 4438 ut
711 4381 861 4450 audiemus,
887 4396 921 4435 ex
940 4379 1054 4435 Platone
1079 4380 1256 4436 astutioris
1278 4381 1470 4438 erMacrobio.
1505 4384 1635 4438 Timaeus

279 4464 357 4518 enim·
368 4463 441 4533 apud
458 4462 614 4534 Platonem,
637 4461 833 4533 Pythagoricus
852 4468 880 4517 et
896 4461 968 4530 ipse,
993 4460 1110 4515 animam
1126 4459 1220 4515 muudi
1239 4461 1278 4515 ait
1294 4460 1393 4516 iactam
1412 4477 1445 4517 er
1466 4470 1572 4532 septem
1589 4461 1632 4518 his

279 4542 407 4614 numeris,
426 4558 461 4597 ex
479 4543 583 4596 unitate
603 4545 626 4610 i,
645 4541 704 4611 pari
722 4540 809 4611 primo
827 4556 876 4596 seu
893 4540 993 4595 femina
1010 4540 1035 4606 2,
1053 4537 1149 4608 impari
1165 4538 1252 4607 primo
1266 4553 1315 4593 sau
1328 4555 1401 4595 mare
1415 4542 1439 4610 3,
1458 4541 1555 4597 horum
1568 4558 1632 4611 qua·

237 4620 241 4629 '
279 4622 364 4678 dratis
381 4623 413 4692 «i,
432 4623 461 4689 3,
481 4627 508 4676 et
527 4622 603 4676 cubis
621 4622 655 4689 8,
674 4621 720 4687 27,
739 4620 785 4690 qui
804 4619 858 4674 duo
872 4617 962 4687 juncti
980 4618 1085 4674 iaciunt
1102 4618 1144 4672 35.
1180 4617 1225 4670 Er
1243 4615 1286 4671 his
1306 4632 1370 4672 raro
1388 4620 1507 4675 numeris
1526 4620 1631 4676 harmo-

278 4702 338 4757 nias
356 4702 461 4771 etipsa
479 4715 572 4754 omnes
590 4715 620 4754 se
639 4699 839 4755 demonstrasse
857 4697 979 4754 credidit.
1015 4697 1085 4766 llius
1110 4697 1192 4766 igitur
1214 4696 1350 4766 interpres
1368 4698 1524 4754 Macrobius
1541 4700 1632 4757 Plato·

279 4781 347 4836 uicis
371 4779 490 4834 numeris
512 4779 606 4832 muudi
629 4779 745 4834 animam
767 4778 806 4833 ait
827 4792 888 4831 esso
911 4782 1071 4844 conceptam
1093 4784 1122 4830 et
1139 4775 1230 4830 messe
1246 4774 1287 4829 illi
1311 4773 1421 4833 causam
1437 4780 1577 4849 musicae3
1603 4788 1632 4836 et

279 4858 471 4915 nemssitatarn
488 4855 602 4913 melonis
619 4872 637 4915 s
654 4857 818 4918 todesuhus
836 4874 892 4913 nou
908 4856 1044 4926 moenere,
1063 4871 1129 4927 argo
1147 4854 1312 4927 compositos
1329 4857 1358 4913 in
1374 4856 1451 4913 coelo
1463 4872 1546 4914 sonos
1558 4857 1632 4927 (con-
