3872 5846
772 393 1089 468 Libeer.Cupnt1V.
1547 410 1608 470 231

254 565 368 642 copiam
391 582 449 625 non
473 567 648 630 mediocrem
669 570 903 633 harmonicorum
926 575 1053 651 partium
1077 569 1126 655 (ut
1148 583 1217 635 sunt
1244 579 1390 638 sectiones
1413 556 1609 662 harmonicae,

254 654 326 731 toni,
349 671 464 729 genera,
489 654 577 730 modi,
601 663 763 735 systemata
793 671 822 719 et
844 660 966 735 similia)
992 664 1124 738 interque
1147 680 1198 722 eas
1228 663 1430 743 admirabilem
1462 650 1610 743 quandum

253 739 386 815 politiam
409 753 640 821 progenuerunt3
664 755 753 824 atque
777 748 826 808 illa
849 766 924 825 pene
939 758 1003 809 tota
1017 749 1180 827 suppellex,
1205 734 1429 828 quantaquanta
1445 763 1498 827 est,
1522 757 1610 814 etiam

253 826 327 885 inira
349 828 423 887 libro
446 829 484 888 V.
516 832 570 891 erit
592 834 800 909 perscrutanda
830 843 858 895 et
880 835 1064 911 adhibenda3
1093 846 1124 895 at
1154 856 1231 899 nunc
1259 839 1316 898 hoc
1339 839 1413 900 libro
1437 849 1541 917 quarto
1571 842 1609 902 ab

252 913 355 973 iisdem
379 914 497 992 quidem
521 918 619 978 circuli
642 924 821 982 sectionibus
845 924 929 982 initio
953 924 1040 995 iacto,
1064 940 1122 982 non
1146 932 1243 985 tamen
1267 923 1305 984 ad
1320 935 1415 987 rectas
1430 926 1522 988 lineas
1539 946 1608 1006 pro·

252 1005 378 1076 gressuri
402 1021 511 1078 sumus,
535 1006 587 1066 sed
610 1009 685 1067 intra
707 1011 805 1069 circuli
829 1017 923 1070 metas
947 1019 1009 1085 toto
1034 1010 1241 1086 disputationis
1262 1014 1374 1072 ambitu
1397 1019 1609 1091 consistemus3

253 1106 342 1149 causa
365 1089 444 1151 dicta
467 1099 512 1152 est
534 1110 597 1170 cap
620 1096 807 1172 praecedenti
829 1097 1000 1175 diceturque
1031 1096 1157 1174 amplius
1186 1102 1260 1159 inira
1293 1119 1359 1177 cap.
1385 1102 1419 1175 6
1446 1102 1497 1161 ubi
1521 1103 1609 1163 etde

253 1179 427 1255 cognatione
450 1188 479 1239 et
502 1179 538 1239 de
562 1182 667 1242 effectu
690 1183 778 1259 hujus
801 1185 975 1245 discriminis
998 1204 1119 1263 agemus
1142 1186 1286 1262 pluribus.

339 1263 378 1323 11.
404 1263 553 1341 Quantum
584 1269 622 1328 ad
653 1274 791 1331 terminos
821 1270 1042 1333 harmoniarum
1073 1276 1195 1333 istarum
1225 1290 1279 1334 seu
1311 1274 1476 1349 subjectum
1508 1294 1608 1336 earum

252 1350 368 1426 sensile,
392 1352 465 1413 illud
488 1353 562 1415 libro
586 1356 640 1416 Il'l.
665 1366 747 1417 erant
769 1362 834 1418 soni
857 1364 992 1419 acumine
1021 1368 1050 1420 et
1071 1364 1218 1437 gravitate
1243 1360 1422 1438 differentem
1456 1365 1556 1439 itaque
1579 1373 1608 1425 et

251 1442 306 1502 sub
335 1447 433 1500 motus
460 1460 553 1519 genus
581 1446 780 1504 reserebantur
817 1456 845 1505 et
873 1447 990 1525 figurati
1018 1449 1235 1524 quodammodo
1265 1455 1362 1507 motus
1397 1441 1489 1508 erant
1542 1450 1609 1511 Hoc

253 1535 356 1606 quarto
380 1545 450 1588 vero
473 1529 548 1589 libro
572 1549 630 1593 non
654 1540 721 1592 sunt
745 1551 850 1608 voees,
874 1539 938 1594 ut
930 1554 958 1593 ur
982 1537 1172 1611 praeambulo
1196 1537 1321 1609 dictum,
1346 1553 1404 1595 non
1427 1537 1519 1613 aliqui
1542 1555 1607 1619 mo·
1643 1574 1647 1579 ·

252 1627 313 1689 tus,
342 1610 417 1677 inter
439 1634 515 1693 quos
546 1622 611 1695 quis
634 1631 775 1697 agnoscat
804 1622 988 1696 harmonias,
1017 1623 1067 1681 sed
1093 1626 1191 1682 insunt
1220 1624 1288 1682 iliae
1318 1627 1346 1703 ιιιΙ
1370 1616 1501 1699 ang'ulis,
1532 1643 1607 1701 quos

251 1705 312 1763 bini
335 1702 472 1781 planetae
495 1706 586 1766 radiis
608 1700 713 1769 lucidis
736 1711 851 1769 emissis
873 1710 1050 1770 formantia
1075 1710 1178 1785 Terra,
1211 1718 1356 1788 quatenus
1387 1710 1454 1771 t'alis
1481 1713 1606 1793 angulus

253 1808 318 1850 cum
341 1786 457 1867 angulis
480 1796 565 1852 rectis
589 1805 728 1871 quatuor,
761 1815 849 1856 unum
872 1806 1011 1873 punctum
1036 1815 1194 1857 concursus
1224 1799 1494 1869 circumstantibus,
1525 1816 1607 1859 com·

252 1880 349 1955 parari
381 1885 487 1954 potest
539 1883 638 1958 Atque
665 1884 713 1942 bic
744 1901 818 1960 opus
848 1886 936 1944 habet
967 1884 1059 1943 lector
1086 1885 1186 1962 aliqua
1217 1885 1367 1945 luculenta
1398 1886 1605 1947 admonitione.

252 1966 377 2049 Possum
408 1969 484 2026 enirn
513 1968 568 2029 hos
597 1971 715 2045 quidem
746 1973 884 2029 terminos
915 1971 1061 2049 explicare
1085 1972 1191 2032 clarius
1220 1971 1258 2031 ad
1288 1973 1524 2055 percipiendum,
1553 1974 1607 2034 sed

253 2071 310 2112 non
333 2072 452 2130 possum
477 2058 540 2116 sine
562 2058 691 2133 periculo
715 2058 895 2118 confusionis
928 2061 956 2116 in
981 2061 1055 2118 boire
1078 2059 1331 2136 philosophando,
1365 2063 1421 2118 nisi
1453 2056 1607 2137 diligenter

254 2141 390 2200 lectorem
420 2143 628 2220 philosophum
656 2149 867 2223 praemuniam.
913 2145 985 2205 Cum
1016 2148 1093 2205 enim
1123 2150 1237 2207 termini
1260 2150 1458 2227 proportionis
1481 2147 1607 2207 debeant

254 2229 366 2287 differre
390 2233 563 2306 quantitate,
587 2234 760 2309 angulorum
785 2248 854 2292 vero
878 2237 1037 2309 quantitas,
1060 2233 1116 2292 boc
1140 2246 1185 2294 est
1208 2251 1351 2306 mensura,
1379 2237 1419 2293 sit
1441 2224 1606 2302 arons'cir-

254 2318 326 2387 culi,
360 2334 396 2375 ex
419 2334 576 2377 concursus
599 2320 748 2395 angularis
777 2329 885 2397 puncto
909 2320 1061 2397 descripti,
1095 2330 1126 2380 ut
1150 2325 1177 2378 in
1201 2325 1361 2398 geometria
1389 2318 1541 2395 docemur,
1575 2324 1606 2381 in

247 2411 315 2462 toto
339 2402 456 2479 quidem
480 2406 578 2464 mundi
603 2411 708 2485 spatio,
732 2408 811 2484 qnod
834 2417 879 2466 est
901 2408 968 2468 binc
991 2426 1009 2466 a
1032 2407 1123 2468 Terra
1143 2407 1237 2485 usqne
1260 2408 1296 2467 ad
1320 2409 1392 2467 lines
1414 2416 1525 2488 riorum,
1542 2406 1606 2489 ¹nori

253 2498 409 2569 possumus
432 2494 546 2567 uspiam
576 2493 738 2555 describere
762 2503 813 2556 aut
836 2494 1014 2572 descriptum
1036 2497 1170 2555 sensibus
1199 2499 1347 2572 percipere
1370 2497 1526 2571 circulum,
1557 2514 1605 2563 ra·

254 2578 368 2638 diorum
390 2579 506 2657 angulis
530 2581 714 2641 dimetiendis
739 2582 875 2641 idoneum
897 2586 1009 2659 magis,
1040 2585 1096 2641 nisi
1127 2583 1208 2643 illurn
1232 2587 1328 2659 ipsum
1353 2584 1525 2644 sensibilem
1548 2580 1612 2642 cir-²

254 2666 352 2728 culum
382 2668 411 2723 ln
443 2685 557 2727 summo
580 2669 714 2741 aethere,
749 2672 928 2730 creberrimis
960 2670 1026 2729 fixis
1054 2668 1149 2729 stellis
1181 2688 1369 2746 expressum,
1397 2671 1546 2749 aquibus
1565 2674 1604 2728 -iri
1643 2734 1646 2739 ,

254 2764 347 2815 certas
370 2754 540 2814 animalium
571 2757 678 2817 iormas
700 2757 826 2818 redactis
857 2755 907 2816 ille
930 2774 1035 2816 nomen
1065 2757 1189 2833 adeptus
1213 2765 1257 2817 est
1286 2756 1416 2833 zodiaci,
1445 2760 1553 2832 qnippe
1575 2767 1606 2816 ot

254 2843 308 2903 sub
332 2859 391 2919 quo
415 2846 479 2918 ipso
510 2843 645 2921 planetae
668 2863 782 2923 semper
804 2853 958 2904 versantur
988 2844 1144 2947 locumque
1167 2844 1230 2919 ejus
1264 2860 1352 2901 unum
1382 2844 1490 2916 singuli
1520 2835 1605 2902 nobis

254 2948 405 3006 corporum
429 2946 547 2990 suorum
570 2932 688 3008 objectu
711 2941 809 3009 tegere
833 2931 987 3009 videntur,
1016 2938 1046 2990 et
1069 2933 1098 2987 in
1122 2937 1185 3006 ejus
1209 2940 1338 2990 centrum
1354 2930 1456 2995 Tellus
1481 2922 1605 2989 domici-

253 3018 324 3078 lium
347 3026 477 3076 nostrum
501 3036 558 3078 uon
581 3036 635 3078 suo
658 3028 771 3079 tantum
794 3028 902 3090 centro,
926 3017 1007 3094 quod
1029 3028 1168 3097 punctum
1191 3026 1243 3091 est,
1266 3016 1423 3077 sedtotins
1445 3016 1522 3076 mole
1539 3019 1605 3075 cor·
1635 3021 1638 3025 ’

254 3106 348 3182 poris,
376 3123 428 3181 per
450 3123 533 3182 quus
557 3107 740 3182 superficiem
772 3106 904 3183 dispositi
929 3122 1030 3164 sumus
1053 3105 1203 3178 homines,
1234 3104 1366 3165 abditum
1390 3122 1454 3166 esse
1476 3103 1602 3164 videtur.

253 3191 332 3251 Nihil
354 3193 445 3267 igitur
474 3201 519 3252 est
547 3203 687 3271 perceptu
717 3194 848 3265 facilius,
881 3210 968 3270 quam
1000 3195 1024 3251 si
1048 3193 1195 3264 dicamus,
1230 3200 1262 3253 ut
1291 3191 1604 3270 capite'praecedenti

189 3314 195 3325 ·
253 3281 455 3357 proportiones
479 3280 677 3354 harmonicas,
703 3281 738 3341 de
762 3281 869 3357 quibus
893 3281 949 3340 hoe
971 3279 1046 3339 libro
1070 3298 1170 3339 sumus
1194 3282 1301 3354 acturi,
1328 3295 1392 3339 esse
1416 3282 1489 3338 inter
1511 3287 1604 3338 totum

254 3365 391 3427 circulum
415 3364 568 3426 zodiacum
590 3379 618 3427 et
640 3372 714 3428 inter
737 3368 801 3445 ejus
824 3386 939 3440 areum,
969 3384 1056 3442 quem
1080 3367 1138 3426 duo
1161 3365 1296 3443 planetae
1324 3366 1433 3426 visibili
1462 3364 1514 3425 illo
1538 3382 1604 3425 corv

254 3471 357 3530 porum
381 3453 498 3529 objectu
522 3453 691 3533 designare,
715 3459 870 3516 terminare
894 3454 941 3514 vel
963 3471 1095 3515 resecare
1119 3455 1263 3515 videntur.
1646 3454 1651 3461 ’

338 3540 407 3601 Hoc
430 3543 484 3600 etsi
507 3544 550 3601 sic
572 3552 617 3602 est
640 3553 840 3620 comparatum
869 3558 963 3619 exque
985 3545 1171 3618 geometricis
1200 3550 1228 3600 et
1256 3541 1458 3600 astronomicis
1480 3540 1604 3598 rationi-

254 3629 308 3689 bus
332 3630 440 3705 optime
453 3637 684 3705 pronunciatum,
709 3631 931 3705 diligentissime
949 3636 1046 3688 minen
1062 3647 1167 3689 cavere
1182 3628 1269 3687 debet
1291 3627 1383 3686 lector
1401 3625 1603 3703 philosophus,

253 3735 288 3776 ne
311 3719 408 3776 auimo
431 3726 608 3792 praesumat,
631 3718 813 3778 harmoniam
836 3717 912 3776 hane
935 3716 1014 3793 (libri
1039 3716 1156 3793 quidem
1173 3717 1267 3792 quarti
1284 3710 1451 3795 materiam)
1476 3717 1504 3771 in
1520 3712 1603 3772 coelo

254 3806 317 3882 ipso
346 3807 434 3880 inque
462 3802 584 3887 sodiado
608 3806 729 3879 circulo,
763 3814 815 3865 aut
843 3806 932 3864 etiam
956 3807 985 3861 in
1008 3803 1134 3880 planetis
1160 3807 1264 3862 inesse.
1309 3802 1430 3860 Minime
1453 3802 1604 3877 gentinm3

252 3893 331 3951 inest'
350 3892 426 3950 enim
450 3890 523 3950 baec
545 3891 697 3951 harmonia
720 3893 833 3952 zodiaci
856 3893 989 3967 partibus
1012 3908 1070 3949 non
1093 3900 1211 3968 propter
1225 3907 1256 3948 se
1272 3892 1450 3975 ipses,‘cum
1466 3888 1602 3965 planetae

252 3979 400 4039 radiantes
432 3980 573 4038 immenso
598 3981 751 4041 intervallo
782 3983 944 4040 consistant
971 3978 1045 4036 inira
1072 3977 1150 4039 bunc
1173 3975 1327 4048 circulum,
1357 3976 1409 4035 sed
1440 3983 1603 4052 propterca,
1698 3976 1703 3981 ’

252 4066 332 4144 quod
362 4064 430 4124 illae
452 4076 629 4126 mensurant
651 4068 776 4144 angulos
800 4064 977 4133 radioru'm
970 4083 999 4122 ιιι
1022 4065 1113 4125 Terra
1143 4066 1389 4137 concurrentium,
1423 4065 1481 4139 imo
1512 4079 1604 4139 prop·

252 4160 339 4227 terea,
364 4153 442 4229 quod
466 4171 522 4212 non
547 4158 628 4231 ipsae
651 4163 719 4214 actu
742 4162 925 4227 mensurant,
956 4151 1008 4211 sed
1032 4150 1147 4210 illerum
1170 4152 1267 4210 loco
1260 4168 1325 4210 rcon
1349 4158 1481 4210 exactus
1491 4148 1604 4221 zodiaci

252 4241 419 4302 coelestis
412 4259 441 4297 ιιι
465 4243 563 4302 anima
584 4242 736 4302 sublunari
759 4243 815 4301 hoc
836 4239 1023 4300 mensurandi
1046 4238 1174 4298 officium
1197 4239 1293 4313 subit,
1321 4240 1398 4297 inest
1424 4223 1513 4296 radiis
1525 4225 1603 4321 pla'·

251 4337 384 4389 netarum
407 4346 465 4387 non
489 4338 634 4431 quaternus
657 4333 678 4388 ii
701 4330 808 4407 singuli
832 4329 880 4389 rei
903 4346 921 4385 a
942 4326 1062 4404 planeta
1084 4325 1265 4386 descendunt
1286 4342 1349 4398 suo,
1374 4325 1422 4385 vel
1437 4324 1513 4383 lucis
1536 4334 1604 4385 sunt

250 4415 370 4477 soboles
393 4414 473 4495 (etsi
481 4434 539 4475 uon
563 4419 626 4477 sino
649 4417 732 4497 boc),
755 4416 807 4478 sed
831 4424 975 4493 quatenus
998 4415 1131 4473 binorum
1153 4413 1336 4489 planetarum
1359 4412 1418 4469 bini
1437 4410 1535 4507 jnhcti
1556 4411 1604 4470 hic

250 4505 280 4562 in
313 4503 410 4562 Terris
442 4512 550 4562 certum
579 4505 708 4582 aliquem
739 4505 938 4564 harmonicum
967 4501 1093 4560 formant
1121 4500 1269 4603 angulum
1324 4496 1485 4576 Utroque
1484 4502 1602 4558 nornine

251 4590 398 4651 Terrestre
422 4598 466 4649 est
489 4590 544 4649 hoc
567 4593 736 4652 harmoniae
759 4591 924 4692 subJectum
947 4585 1123 4670 (formaliter
1151 4596 1180 4647 et
1212 4589 1240 4645 in
1264 4596 1405 4663 quantum
1434 4585 1507 4646 radii
1530 4582 1603 4644 ιιιιιιι

251 4679 366 4737 termini
389 4679 585 4754 proportionis
602 4675 828 4784 harmonicae),
845 4680 962 4737 minime
987 4694 1056 4736 vero
1079 4673 1226 4751 coeleste,
1249 4677 1305 4732 nisi
1327 4681 1446 4733 tantum
1464 4673 1603 4732 materia·

251 4765 317 4824 liter
349 4773 378 4825 et
401 4775 533 4841 respectu
566 4769 611 4825 sui
640 4785 698 4827 csse
720 4767 843 4843 proprii,
871 4767 935 4824 sine
963 4762 1196 4823 consideratione
1226 4762 1460 4833 harmoniarum,
1490 4761 1603 4821 scilicet

252 4859 397 4930 quatenus
421 4853 576 4931 angulos
568 4871 597 4911 ιιι
619 4854 711 4915 Terra
735 4855 842 4929 iactos,
866 4851 1016 4930 proprium
1039 4849 1101 4912 scil.
1125 4849 1214 4925 hujus
1237 4849 1406 4911 harmoniae
1428 4847 1602 4933 subjectum,
