3872 5846
636 342 724 414 biber
738 357 788 414 itu
806 358 947 428 Dimasto
962 348 1101 428 politica!
1471 354 1540 423 m

118 542 121 551 “
180 533 280 593 dinem
313 536 389 596 inter
417 550 569 613 personum
600 544 629 597 et
655 537 757 597 illatae
785 537 880 598 cidem
909 538 1033 613 injuriae
1057 535 1231 610 uindictam,
1250 550 1327 594 ratu
1356 541 1454 596 umen
1474 542 1537 609 est,
1584 606 1590 621 Ι

179 622 336 698 plurimum
369 624 497 683 vicissim
527 627 557 683 in
588 625 868 701 pueatsburnietdti
899 625 1087 701 aequalitatis
1115 624 1330 698 arithmeticae,
1368 625 1538 700 pracsertim

180 712 257 769 inter
279 710 461 769 cremanus
490 728 525 770 er
548 712 614 787 lege
637 710 754 785 divina,
787 728 844 789 qun
876 712 964 772 borno
986 713 1096 771 homiui
1122 713 1330 788 aequiparatur
1359 719 1390 770 et
1415 713 1539 787 sanguis

178 799 322 874 sauguine
345 799 522 876 rependitur.
567 799 649 861 Haec
672 802 760 876 igitur
783 802 934 877 nemusque
956 802 1072 876 genens
1093 801 1239 859 rationum
1254 799 1389 858 contulo
1410 801 1538 875 putinst

179 884 217 942 ad
243 885 357 945 Botlino
390 885 497 944 dictam
525 886 738 962 harmonicam,
771 889 901 967 inprimis
930 887 1016 949 titud.
1047 886 1126 964 quod
1155 889 1184 944 in
1218 887 1284 961 lego
1307 885 1407 946 diuina
1437 880 1539 946 situm

179 987 280 1031 omnes
303 978 395 1032 morte
417 977 578 1049 puniuntur
600 974 782 1034 arithmetica
806 975 999 1052 aequalitate,
1015 981 1063 1034 ‘ut
1085 984 1180 1051 genus
1208 976 1308 1033 moitis
1336 976 1366 1032 in
1389 980 1536 1051 potestate

174 1058 284 1135 judicis
307 1069 360 1134 est,
384 1064 563 1139 moirtetrico
586 1076 736 1140 responsu,
760 1062 854 1135 iactis,
877 1064 1161 1123 circumstantiarum
1182 1060 1535 1135 consummantibus,

181 1147 387 1223 irrogandum
410 1155 444 1206 ut
466 1148 598 1208 Bbdinus
622 1150 722 1222 reteri,
746 1155 819 1229 puio
841 1166 877 1209 ex
901 1150 1052 1210 Rubbinia.

262 1234 370 1310 Neque
390 1242 450 1293 tum
474 1238 606 1313 pascitis
628 1234 760 1314 singulis·
775 1238 863 1297 laesis
887 1237 959 1297 ilaec
982 1250 1141 1314 poenarum
1170 1235 1367 1313 inaequalitas
1386 1236 1535 1313 tribuitur,

179 1336 268 1396 quant
292 1322 380 1380 saluti
404 1325 493 1381 totius
509 1326 605 1401 reip,
638 1340 713 1401 quae
738 1338 838 1384 orrrnes
861 1325 968 1384 ltostcs·
991 1327 1104 1402 patrias
1125 1326 1246 1401 liuprtne
1266 1322 1361 1383 ccciiii
1383 1318 1533 1400 perennis,

179 1411 288 1467 urium
316 1410 402 1468 simui
426 1414 557 1470 omnium
580 1411 704 1472 sulutem
737 1416 765 1470 in
789 1414 927 1490 principis
960 1415 1192 1490 optimatumque
1215 1410 1418 1471 incolumitate
1445 1413 1537 1487 tuque

177 1496 390 1572 tranquillitate
413 1499 533 1574 publica
556 1509 730 1559 conservata
753 1507 859 1560 tuetur.
905 1500 1030 1577 Saepius
1045 1508 1144 1560 autem
1160 1499 1279 1571 dietum,
1303 1499 1412 1558 bonum
1433 1498 1538 1577 publia

180 1598 247 1641 cunr
275 1583 383 1644 babere
413 1600 583 1662 responsum
607 1586 753 1664 quantiam
785 1587 822 1648 ad
852 1588 1029 1648 suauitatem
1051 1594 1212 1648 concentus
1234 1586 1405 1647 baturonici.
1449 1585 1534 1660 Quat

180 1686 239 1730 nna
263 1686 377 1731 summa
401 1672 457 1745 ier,
481 1675 579 1749 legum
603 1677 733 1733 omnium
755 1683 862 1749 mater,
886 1677 911 1732 si
933 1677 1119 1748 observetur,
1144 1682 1176 1733 ut
1198 1673 1229 1732 iti
1250 1682 1385 1734 sonuum
1407 1679 1436 1733 ot
1458 1672 1536 1749 legl-

176 1761 279 1817 titnum
302 1774 367 1820 esse
385 1760 534 1839 jubeatur,
558 1764 586 1819 in
611 1778 670 1838 quo
692 1763 773 1822 salus
796 1764 918 1822 venum
940 1764 1138 1839 reipublicae:
1158 1763 1221 1838 jam
1235 1764 1335 1821 statim
1355 1768 1474 1821 cunstat
1496 1760 1535 1819 tis

175 1845 365 1907 similitudine
388 1864 453 1907 euni
468 1849 646 1909 lamorlaia
661 1851 831 1924 rationibus,
856 1864 890 1909 en
906 1866 971 1909 ntea
993 1854 1086 1927 ipsius
1106 1852 1195 1909 etism
1211 1851 1357 1909 scatentia
1372 1847 1532 1925 descriptis,

176 1934 267 1992 etiam
296 1936 320 1992 st
344 1934 417 1993 ntirii
447 1935 495 1995 lex
526 1937 576 1996 illa
604 1936 700 1997 simile
728 1946 880 2015 praeterea
911 1940 1060 1998 conducat
1090 1952 1187 2014 neque
1212 1939 1409 2014 geometricus
1438 1950 1553 2012 nouus-
1630 1958 1633 1966 ·

176 2021 378 2087 arithmeticae
400 2026 629 2100 proportionum.
675 2024 751 2084 Nam
774 2040 869 2102 neque
893 2026 923 2084 itt
947 2029 1058 2085 numeri
1086 2028 1133 2099 ib,
1156 2025 1219 2098 itti,
1233 2027 1284 2098 nt,
1306 2026 1365 2097 30,
1389 2025 1439 2100 qni
1463 2022 1536 2083 tare

176 2112 303 2169 moniam
327 2112 477 2170 continent
500 2111 708 2187 dulcissimam,
732 2114 950 2190 proportionem
972 2115 1131 2173 obtentant
1154 2112 1202 2172 vsi
1218 2126 1308 2171 unsar
1331 2112 1378 2171 val
1401 2109 1533 2184 abaram,
1599 2117 1609 2139 ‘

177 2212 314 2256 excessus
337 2199 414 2257 enirn
438 2207 506 2261 sunt
530 2200 564 2272 b,
595 2201 629 2271 4,
655 2202 688 2272 o,
711 2214 808 2276 nequo
831 2201 1089 2279 aequaturusque
1113 2199 1223 2259 similos
1246 2201 1450 2276 proportiones
1464 2207 1535 2275 tar·

177 2286 320 2343 minorum
344 2286 599 2362 proportionibus,
622 2287 791 2367 sudaeque
815 2287 917 2348 eodem
940 2304 1006 2349 cum
1020 2288 1088 2348 rtilia
1112 2287 1216 2347 ordine
1236 2280 1407 2347 ermundies

265 2371 346 2430 XlV.
373 2373 460 2430 Aliud
484 2374 658 2451 exemplum,
682 2375 877 2451 geometricae
901 2377 1073 2454 disciplinae
1095 2372 1277 2448 tomitianus,
1300 2375 1385 2434 atiort
1402 2370 1535 2435 Rodium

176 2458 205 2517 in
229 2459 326 2535 logum
350 2459 387 2520 de
411 2461 527 2521 mulctis
550 2464 805 2539 interpretandum
830 2472 861 2523 ut
885 2482 961 2540 quas
982 2456 1147 2540 antiquitus
1170 2469 1300 2523 statutae
1322 2469 1391 2522 sum
1403 2459 1534 2520 mulotes

178 2548 381 2625 pecuniariae,
412 2564 464 2625 pro
487 2552 601 2609 rabone
623 2553 786 2628 presseritis
807 2551 946 2627 publiano
967 2552 1134 2629 opulentius
1161 2551 1211 2611 rei
1234 2550 1351 2627 inopias
1373 2546 1544 2609 centusse

177 2643 231 2692 tur.
276 2633 333 2693 Hic
357 2635 549 2696 intolerabilis
571 2638 736 2713 aequalitas
760 2639 943 2699 arithmetica
967 2643 1096 2699 omnium
1112 2647 1293 2715 temporum,
1316 2651 1413 2713 noque
1432 2643 1533 2695 mmor

178 2721 334 2780 ebremata
351 2723 452 2782 'lamiis
476 2726 625 2801 proportio
648 2728 826 2800 geometrica
848 2729 877 2785 in
901 2728 1045 2786 omnibus.
1091 2726 1195 2802 ltaque
1222 2738 1279 2801 pro
1299 2738 1355 2785 suu
1376 2720 1534 2800 prudentia

174 2808 264 2885 judex
298 2824 409 2889 proque
432 2826 527 2870 rerum
551 2814 774 2872 circumstantiis
798 2814 926 2874 rinadium
948 2815 1108 2874 sectabitur
1129 2813 1329 2873 harmonicum
1356 2811 1534 2887 caestuque

179 2910 214 2955 ne
241 2896 289 2955 rel
318 2897 399 2974 leges
428 2898 558 2960 violasse
587 2899 738 2973 videatur,
776 2901 822 2961 vel
850 2901 949 2978 legum
980 2903 1219 2980 interpretatione
1251 2899 1400 2959 malitiosa
1430 2900 1533 2975 inopes

178 2984 384 3061 opprimantur,
409 2982 605 3063 locupletibus
629 2996 664 3046 ne
686 2989 900 3064 potentioribus
915 2988 1057 3069 peccandi
1078 2986 1197 3048 liuentia
1211 2987 1303 3047 daur.
1349 2985 1534 3062 Quinetiam

178 3071 308 3146 eiusdem
330 3071 500 3133 barmoniae
525 3074 622 3134 studio
645 3075 789 3134 interdum
813 3078 1021 3153 pecuniariam,
1045 3090 1122 3152 quae
1144 3080 1386 3146 connumeratur,
1414 3075 1444 3130 in
1466 3088 1532 3133 oar·¹

177 3174 295 3235 porcam
318 3160 504 3237 permutabit.
1520 3182 1523 3189 ·

264 3246 333 3305 XV.
359 3247 482 3324 Legem,
506 3262 583 3325 qnae
601 3249 683 3309 'iures
706 3251 866 3327 suspendio
887 3254 980 3329 munit,
1004 3249 1138 3310 Bodinus
1160 3256 1282 3311 eatsurrs
1304 3246 1533 3326 probamque

140 3360 145 3367 ·
177 3334 277 3391 nititur
298 3335 419 3409 ratione,
444 3353 480 3394 ne
504 3336 581 3396 mres
605 3344 775 3413 augeantur,
800 3346 834 3397 ut
855 3345 985 3416 peccatu.
1010 3352 1087 3416 quae
1108 3338 1272 3415 cementis
1295 3337 1391 3396 datura
1405 3336 1532 3409 luerunt,

177 3423 296 3496 gratim
320 3423 487 3499 puniantur,
513 3422 593 3500 qnod
614 3428 820 3499 geometricam
850 3429 928 3504 eupit
950 3429 1177 3504 proportionum.
1222 3422 1352 3484 Eandem
1375 3422 1532 3501 rapiebam

178 3507 220 3566 dit
242 3509 281 3567 ob
304 3510 515 3586 aequalitatem
538 3511 765 3571 aritinneticam:
789 3514 1023 3590 irequeutisaima
1046 3515 1155 3591 quippe
1178 3515 1256 3595 actio
1276 3512 1347 3572 iurti
1370 3512 1532 3588 peremnia

177 3595 285 3673 oppida
308 3612 460 3675 pagosque
478 3598 594 3673 judices
617 3599 787 3676 plerumque
809 3600 943 3678 plebeios
965 3601 1066 3679 babet,
1089 3604 1140 3676 qui
1161 3598 1232 3659 dam
1252 3597 1532 3677 aequalitsronnss

176 3684 212 3741 ad
235 3684 381 3760 supplicia
403 3688 533 3761 rapiunt,
559 3703 616 3744 non
640 3677 828 3763 intelligunt,
851 3707 882 3749 se
903 3690 1116 3766 iniquissimam
1140 3686 1279 3748 inducere
1300 3700 1461 3764 posuerim
1481 3688 1532 3743 bt·-

176 3771 394 3845 aequalitatem,
419 3771 488 3831 dum
510 3777 639 3851 peccatis¹
664 3777 945 3836 circumstantiarum
969 3779 1109 3836 uarietate
1138 3775 1385 3852 maequalissimis
1408 3773 1532 3835 candent

174 3872 299 3933 menum
321 3861 461 3935 irrogant.
508 3860 659 3936 Plerisque
683 3865 739 3922 reis
770 3862 852 3923 deest
871 3864 977 3940 judicii
1007 3863 1171 3937 tirmitndo,
1206 3878 1266 3939 qua
1289 3863 1345 3922 sibi
1377 3863 1473 3937 magis
1491 3858 1532 3921 ab

175 3945 342 4019 intortunio,
366 3962 454 4022 quarn
478 3966 496 4005 n
518 3948 720 4024 magnitudine
744 3949 861 4010 sceleris
885 3968 990 4011 carere
1013 3950 1164 4024 deberent,
1190 3949 1530 4027 transreninarum,

173 4031 331 4092 liberorum
354 4034 492 4107 stridinm,
517 4035 624 4095 ilducia
645 4037 764 4109 latendi,
788 4036 902 4099 alienae
926 4039 1095 4117 opulentiae
1116 4040 1226 4116 opinio,
1248 4037 1328 4097 iures
1350 4039 1435 4111 tacite
1465 4050 1531 4096 outa

86 4170 98 4184 .
173 4122 269 4196 ipsum
291 4136 345 4199 per
366 4138 397 4180 se
421 4123 533 4181 lacinus
555 4123 593 4182 ad
617 4124 676 4184 alia
699 4127 1049 4201 cuntparatum‘nnturaii
1069 4124 1181 4202 judicio
1206 4124 1417 4202 impendatur,
1449 4122 1532 4199 quui

173 4210 261 4266 etiam
285 4208 333 4268 lar
357 4208 466 4281 diuina,
490 4226 567 4286 qrrae
589 4210 746 4288 quadrupli
769 4220 882 4272 tautum
905 4217 1089 4276 restitutione
1110 4214 1218 4273 turtum
1239 4215 1334 4289 punit,
1359 4211 1532 4271 canuntur

174 4296 299 4354 ridetur.
345 4295 376 4356 Si
399 4300 501 4356 tannen
520 4312 647 4374 aequum
671 4306 701 4359 st
722 4308 854 4360 eandum
876 4309 930 4374 est,
955 4296 1037 4360 ilium
1051 4301 1201 4361 bominum
1217 4307 1339 4378 purtem,
1360 4314 1441 4385 quae
1454 4297 1531 4358 isin

175 4388 204 4441 et
227 4383 355 4457 tenebris
385 4392 454 4443 nats
485 4388 610 4443 murium
638 4394 772 4446 usturam
803 4389 904 4461 retem,
936 4390 1062 4466 parietes
1093 4384 1234 4465 penatis,
1266 4402 1324 4446 non
1350 4388 1531 4447 inmutatum

172 4477 302 4542 tantum,
335 4469 500 4530 sedetiam
530 4474 610 4532 uitae
633 4476 819 4534 securitatem
846 4475 997 4552 pubiicum
1018 4476 1132 4549 turbat,
1164 4477 1235 4552 reip.
1267 4476 1365 4552 potius
1385 4487 1477 4533 causa
1498 4479 1532 4532 ut

172 4564 286 4617 ceteras
308 4558 384 4616 ictas
409 4574 531 4635 rapaces
553 4562 657 4634 minui,
688 4568 765 4622 certe
788 4570 939 4639 respectus
960 4567 1050 4640 reip,
1074 4570 1108 4621 ut
1128 4576 1218 4639 saepe
1232 4561 1351 4635 dicium,
1374 4559 1533 4638 rsepondct

172 4646 327 4705 concentui
351 4646 536 4719 demonico,
565 4662 620 4708 nec
641 4651 704 4709 stne
728 4653 948 4710 accuratissime
970 4651 1180 4729 temperatione
1203 4650 1375 4709 hannoniae
1395 4650 1530 4723 pensato

172 4732 246 4792 haec
268 4736 395 4792 exerceri
420 4733 516 4806 debet,
540 4751 585 4806 no,
610 4736 677 4795 dum
701 4740 771 4815 reip,
796 4737 968 4809 consulitur,
992 4737 1109 4811 multis,
1133 4739 1184 4813 qui
1206 4750 1288 4814 spem
1311 4737 1380 4796 boni
1402 4736 1530 4796 uicinia

172 4826 323 4899 postetam
343 4821 483 4899 praebens
504 4826 643 4899 pomum,
669 4822 731 4886 vitu
754 4832 862 4886 iuuere
885 4825 923 4886 ob
946 4827 1004 4887 boe
1025 4834 1119 4904 genus
1141 4826 1270 4885 ulmtuts
1295 4822 1442 4903 eripistm
