3872 5846
755 383 840 449 Liber
856 382 904 449 IV.
920 391 1016 462 ‘capnt
1032 374 1065 446 V.

232 566 301 640 quos
318 571 431 626 metitur
447 564 565 625 monins
584 566 644 623 e'nia
659 583 721 622 cum
739 567 869 637 arcubus,
887 584 943 623 non
961 565 1053 628 aliter.
1071 563 1124 621 nisi
1139 564 1196 617 rita*

232 655 296 703 neat
311 650 348 718 id,
367 649 441 719 qnod
459 663 521 703 esse
539 648 644 714 dicitnr,
666 652 802 715 quatenus
821 662 858 700 sc
876 655 904 701 et
915 644 1030 712 figuram
1042 644 1126 698 habet
1146 641 1198 696 cir.

232 728 352 784 cularem
370 736 398 783 et
410 745 469 784 eam
481 729 614 797 integram
626 730 734 784 retinet
772 729 802 796 2]
821 726 1020 781 (lonsonantiae
1036 738 1090 778 non
1103 736 1196 776 omnes

232 807 340 876 aequali
357 808 562 877 propinquitate
579 808 801 877 propagabantur
824 802 961 860 acirculo
982 802 1095 871 ejusque
1113 799 1196 868 parti·

232 884 299 954 bus3
322 902 385 940 nam
411 886 518 957 aliquae
540 893 630 941 ortum
652 902 731 941 suum
748 884 904 941 referebant
926 884 962 939 ad
983 888 1076 953 partes
1093 878 1195 944 circuli,

233 976 367 1034 qnatenus
386 966 453 1034 ipsis
470 981 525 1020 non
542 971 574 1019 ut
591 965 685 1020 circuli
703 964 832 1033 partibus,
851 963 900 1016 sed
917 971 949 1017 ut
960 961 1041 1016 rectis
1054 959 1131 1014 lineis
1151 974 1195 1013 ac·

234 1043 342 1098 cidebat
360 1042 585 1114 aliquid,.eadem
604 1058 642 1099 sc.
661 1044 765 1112 divisio,
784 1059 854 1114 quae
868 1043 969 1097 circulo
982 1041 1044 1106 toti,
1062 1048 1094 1094 ut
1105 1046 1195 1094 osten·

233 1139 294 1178 snm
316 1122 386 1178 libro
408 1122 458 1178 ΠΙ.
494 1125 596 1179 &ntra
616 1129 659 1178 est
679 1124 708 1177 in
734 1123 903 1191 aspectibus,
931 1121 991 1190 ejus
1015 1121 1099 1188 enim,
1123 1116 1197 1187 quod

233 1208 337 1256 tantum
351 1201 450 1256 circqu
468 1201 627 1270 respondet,
645 1216 772 1256 mensure
788 1201 864 1256 nullo
882 1199 963 1255 modo
985 1207 1078 1268 potest
1095 1198 1198 1252 habere

233 1290 387 1349 respectum
403 1279 582 1335 rectitudinis.

320 1371 540 1450 Propositio
562 1371 603 1431 II.
648 1371 746 1448 Major
774 1379 820 1431 est
843 1371 1038 1430 radiationum
1062 1369 1199 1445 cognatio

236 1476 302 1519 cum
329 1460 430 1536 figuris
449 1459 657 1535 regularibus,
682 1477 771 1535 quam
795 1466 859 1519 erat
881 1460 1147 1517 consonantiarum.

322 1542 458 1598 Probatur
480 1542 598 1612 primum
623 1559 639 1596 a
663 1540 901 1595 circumferentiaii
924 1540 1021 1608 figura.
1062 1539 1133 1595 Nam
1157 1535 1203 1590 ubi
1224 1538 1235 1599 ᾖ

236 1621 352 1679 circulus
370 1623 483 1690 integer,
501 1622 538 1675 ibi
556 1630 585 1677 et
601 1621 689 1691 figura
706 1619 839 1690 regularis
857 1619 975 1686 integra:
995 1618 1043 1674 sed
1056 1618 1142 1688 magis
1162 1623 1205 1672 est

236 1701 353 1757 circulus
376 1703 484 1771 integer
507 1701 535 1755 in
558 1699 729 1755 dimetiendis
752 1698 934 1753 radiationnm
958 1698 1081 1771 angulis,
1106 1712 1157 1765 per
1180 1697 1206 1755 i.

236 1797 301 1849 ergo
325 1789 352 1834 et
369 1779 459 1849 figura
477 1783 604 1848 respectu
627 1775 808 1833 radiationum
831 1776 916 1842 magis
943 1782 974 1830 ιιι
991 1773 1205 1845 integra-consi·

238 1858 326 1913 denari
353 1867 451 1928 potest.
489 1859 591 1914 Contra
614 1857 642 1911 in
667 1854 863 1912 consonantiis.
893 1861 925 1908 ut
950 1853 1068 1910 circulus
1090 1853 1205 1922 ejusque

126 1946 129 1953 ’
236 1944 330 2006 partes
341 1936 368 1989 in
381 1945 486 1992 rectum
494 1945 624 2005 poterant
637 1937 747 1993 extendi
761 1935 842 1990 salvis
860 1935 1053 2002 consonantiis,
1071 1934 1111 1988 sic
1123 1931 1206 1986 etiam

237 2015 327 2070 omnia
344 2015 446 2084 figurae
464 2016 550 2071 latera
576 2017 604 2070 in
623 2018 735 2072 eandem
763 2026 791 2072 et
808 2035 890 2074 unum
906 2023 1009 2072 rectam
1029 2011 1139 2069 extendi
1157 2025 1206 2078 po·

236 2101 328 2149 terant
345 2112 431 2165 eaque
450 2114 511 2153 cum
530 2113 583 2151 uno
601 2096 705 2167 figurae
729 2096 816 2152 latere
833 2096 974 2151 rectilineo
997 2093 1088 2147 facere
1106 2103 1202 2143 conso·
1276 2118 1281 2127 ·

238 2172 365 2228 nuntiam
403 2175 469 2237 Hoc,
480 2192 543 2230 vero
561 2187 643 2245 pacto
663 2178 703 2231 nti
721 2177 849 2246 circulus,
868 2175 1005 2230 sicariam
1021 2171 1108 2241 figura
1125 2168 1205 2223 recti-

236 2252 309 2307 linea
327 2269 403 2308 snam
421 2254 610 2324 figeirationem
628 2256 738 2325 amittit,
758 2263 789 2310 ut
806 2254 894 2323 figura
912 2253 1028 2320 amplius
1047 2250 1164 2323 nonsit.

325 2332 463 2387 Probatur
483 2334 603 2388 seeundo
629 2351 645 2388 a
667 2333 781 2390 centrali
802 2332 896 2401 figura.
932 2329 1033 2400 Anguli
1058 2334 1122 2382 sunt
1139 2325 1206 2393 figu-

239 2426 329 2465 rarum
352 2410 499 2480 elementa3
519 2412 577 2481 jam
600 2414 654 2468 duo
677 2412 745 2467 radii
770 2411 875 2466 faciunt
898 2409 1026 2478 angulum
1048 2408 1076 2461 in
1102 2411 1206 2471 centro,

239 2491 286 2559 qni
304 2489 448 2558 aliquoties
473 2492 606 2559 repetitus
634 2500 804 2546 consummat
821 2489 949 2559 figuram,
979 2493 1010 2541 nt
1032 2491 1147 2554 apparet
1173 2498 1207 2535 ex

240 2566 422 2623 schematibus
440 2566 524 2623 hisce.
560 2569 590 2623 Id
611 2576 701 2625 autem
719 2586 773 2623 non
791 2567 875 2622 fiebat
892 2568 920 2621 iu
938 2575 1000 2621 ortu
1017 2564 1208 2620 consonantia-

240 2662 313 2715 rum;
332 2646 424 2700 nullus
442 2647 513 2700 enim
530 2647 568 2703 ibi
587 2648 640 2703 fait
657 2656 800 2717 respectus
818 2646 910 2714 anguli
927 2646 956 2700 in
975 2652 1079 2701 centro.
1115 2642 1204 2711 Magis

240 2724 322 2794 igitur
339 2724 485 2779 familiares
503 2731 566 2780 sunt
585 2726 689 2797 figurae
708 2729 877 2797 aspectibus,
896 2740 976 2796 quarn
995 2723 1188 2779 consonantiis.

326 2902 552 2980 Propositio
577 2906 631 2966 ΙΙΙ.
678 2910 877 2983 Oorrgruentia
907 2907 1063 2981 figurarum
1093 2909 1162 2985 plus
1192 2917 1292 2989 potest
1324 2912 1354 2969 in
1386 2909 1600 2971 constituendis

243 2991 521 3065 configurationibus
544 2993 727 3070 efficacibus,
751 3013 840 3072 quam
862 2997 891 3053 in
914 2999 1124 3056 consonantiis.

330 3110 499 3177 Argumenta
524 3110 607 3178 hrqjus
634 3113 673 3167 rei
696 3111 782 3168 multa
806 3120 962 3182 suppetunt.
999 3116 1023 3178 i)
1042 3114 1226 3184 Congruentia
1244 3121 1287 3170 est
1309 3114 1465 3185 proprietas
1489 3116 1600 3186 figurae,

245 3196 380 3257 qnatenus
398 3188 486 3255 figura
503 3196 563 3243 tota
580 3199 624 3246 est
640 3191 813 3260 speciemque
830 3190 928 3262 babet3
951 3192 1026 3260 atqui
1044 3193 1146 3262 ligura,
1165 3201 1300 3263 qnatenus
1316 3192 1389 3250 hanc
1407 3195 1525 3264 speciem
1542 3202 1603 3250 tota

245 3265 337 3336 habet,
355 3267 473 3335 primum
491 3268 553 3337 ipsa
569 3285 625 3339 per,
638 3286 667 3325 se
684 3272 770 3338 magis
789 3279 832 3325 est
849 3277 965 3339 cognata
976 3270 1236 3341 configurationibus
1248 3287 1330 3341 qnam
1343 3272 1535 3336 consonantiis,
1552 3288 1603 3342 per

246 3360 288 3413 pr.
307 3345 331 3410 2,
351 3346 449 3401 deinde
467 3346 563 3403 dividit
580 3349 710 3405 circulum
729 3356 759 3405 nt
778 3357 866 3405 totum
883 3350 1046 3413 harmonice,
1065 3349 1182 3405 circulrm
1199 3349 1355 3405 succedam
1373 3349 1460 3419 magis
1478 3358 1521 3405 est
1538 3365 1601 3405 con·

244 3422 452 3491 iigumtionibus
475 3436 621 3496 cognatus,
645 3447 725 3499 qnam
748 3429 945 3497 consonantiis,
967 3444 1018 3498 per
1040 3446 1080 3497 pr.
1104 3431 1131 3483 i.
1168 3429 1259 3497 Quare
1283 3436 1411 3497 utroque,
1442 3435 1470 3482 et
1495 3428 1601 3497 privato

244 3500 349 3569 figurae
367 3505 476 3559 nomine
494 3516 523 3559 et
540 3510 675 3562 communi
693 3509 796 3578 figurae
815 3517 843 3562 et
860 3508 967 3576 circuli,
991 3508 1184 3576 congruentiae
1202 3522 1311 3576 quoque
1328 3505 1473 3573 figurarunt
1492 3506 1519 3559 in
1538 3521 1602 3560 con·

140 3642 147 3661 ,
245 3580 454 3649 figurationibus
473 3602 555 3653 qnam
571 3586 600 3641 in
617 3587 803 3641 consonantiis
821 3589 861 3640 nis
880 3595 922 3642 est
938 3587 1032 3654 maior.
1069 3584 1441 3653 transmontanorum.
1477 3585 1600 3653 Usurpa·
1641 3636 1647 3647 ,

246 3662 332 3717 vimus
350 3664 422 3717 enim
439 3664 492 3718 hoc
509 3680 559 3732 per
577 3667 713 3720 axiomata
731 3668 893 3734 praemissa,
913 3665 1016 3736 figuras
1033 3681 1095 3720 esse
1113 3664 1238 3720 efficaces
1260 3679 1309 3733 per
1327 3678 1390 3718 suas
1408 3665 1599 3732 proprietates.

243 3739 297 3795 Ubi
315 3757 380 3812 ergo
406 3743 492 3813 magis
519 3745 667 3814 respondet
694 3760 823 3800 numerus
848 3743 1069 3814 efficiendorum,
1093 3744 1131 3798 ibi
1152 3743 1239 3812 major
1259 3755 1358 3795 causae
1386 3740 1511 3808 cognatio
1537 3756 1598 3794 cum

244 3818 354 3889 effectu,
373 3821 470 3877 saltem
487 3824 673 3894 probabiliter.
710 3824 796 3894 Atqui
814 3831 844 3878 ut
861 3839 998 3893 congruae
1015 3822 1119 3893 figurae
1136 3836 1240 3892 paucae
1258 3826 1331 3887 sunt,
1348 3820 1388 3875 ita
1405 3819 1486 3873 etiem
1505 3832 1601 3887 aspec-

246 3907 292 3954 tos
310 3902 405 3971 pauci,
434 3905 508 3971 quod
526 3906 695 3974 experientia
713 3911 842 3972 testatum
873 3904 926 3959 nisi
947 3904 1017 3958 enim
1032 3905 1113 3974 pauci
1132 3908 1236 3969 essent,
1263 3914 1362 3970 magna
1385 3903 1459 3954 esset
1477 3895 1601 3953 cnnfnsio

245 3978 362 4049 illorum,
380 3997 478 4050 magna
496 3983 663 4053 frequentia,
685 3984 724 4037 ita
741 3990 773 4037 ut
790 3982 881 4050 anguli
900 3983 1013 4036 seorsim
1037 3983 1094 4037 suia
1119 3980 1213 4045 diebus
1238 3978 1376 4034 observari
1401 3991 1454 4030 non
1472 3981 1601 4044 possent;

246 4067 275 4113 at
295 4069 411 4129 possunt
429 4062 580 4130 observari,
607 4079 661 4117 non
686 4070 750 4117 sunt
768 4063 851 4134 igitur
873 4060 972 4115 infiniti
994 4074 1120 4127 numero;
1149 4062 1244 4113 contra
1271 4054 1464 4109 consonantiae
1487 4066 1603 4122 possunt

246 4136 368 4192 infinitae
386 4155 459 4205 esee,
478 4142 699 4211 augmentatione
716 4142 918 4197 intervallorum
938 4154 988 4209 per
1004 4138 1150 4206 diapason3
1178 4140 1210 4190 ut
1358 4152 1407 4203 rig.
1420 4152 1454 4203 aa

245 4215 352 4271 scibiles
368 4217 473 4289 figurae
490 4221 612 4281 infinitae
629 4231 701 4277 sunt.
736 4224 763 4289 3)
781 4222 823 4277 Ab
842 4220 960 4276 essentia
976 4218 1159 4284 terminorum,
1177 4214 1206 4269 in

245 4294 344 4362 quibus
361 4297 514 4354 consistunt
529 4301 721 4370 proportiones
738 4302 802 4357 hinc
819 4308 847 4355 et
865 4296 936 4354 inde.
971 4297 1074 4366 Motus,
1092 4310 1206 4367 quorum

245 4371 354 4427 effectio
372 4376 441 4442 soni,
459 4377 488 4432 in
504 4378 791 4446 flericonsiderantur
808 4388 836 4433 et
854 4386 988 4447 quatenus
999 4384 1109 4445 tempus
1127 4389 1206 4429 occu·

245 4460 324 4520 pam,-
341 4453 506 4510 radiationes
525 4459 610 4528 magis
628 4458 656 4512 in
674 4476 730 4515 coac
746 4466 943 4514 momentaneo.
979 4456 1055 4511 Sicut
1071 4455 1207 4510 enimbat
1275 4492 1279 4509 .

244 4541 381 4587 momento
398 4541 443 4588 est
459 4534 571 4605 aliquod
588 4554 695 4607 corpus,
712 4539 752 4593 sic
769 4538 850 4591 etiam
868 4536 921 4590 hoc
945 4542 1081 4589 momento
1100 4539 1142 4588 est
1159 4531 1206 4587 ali·

246 4623 300 4677 qua
316 4611 444 4677 radiatim
469 4614 503 4668 de
521 4622 595 4670 motu
613 4633 690 4684 vero,
713 4616 785 4687 quod
804 4614 957 4686 praeteriit,
973 4613 1000 4668 id
1018 4630 1072 4669 non
1091 4620 1133 4668 est
1150 4628 1205 4667 arn·

246 4688 331 4758 plius,
356 4693 430 4761 quod
448 4695 585 4763 seqnitur,
609 4696 638 4750 id
655 4696 774 4751 nondum
793 4702 848 4764 est,
870 4695 897 4749 in
916 4700 1052 4750 momento
1070 4692 1138 4747 nibil
1155 4699 1204 4746 est.

247 4772 428 4841 congruentia
445 4790 510 4828 vero
528 4774 613 4843 magis
630 4774 738 4829 ridetur
755 4790 849 4829 eornm
867 4789 929 4828 esse
946 4789 1017 4842 qnae
1034 4779 1106 4842 aaut,
1126 4786 1206 4840 quam
1306 4760 1315 4788 ³
