3882 5862
797 402 939 523 sp'ongn.
1334 514 1337 523 ι
1472 424 1534 483 aar

195 605 272 667 alies
291 614 426 684 spectant
447 610 602 683 materiam
625 616 656 667 at
678 610 838 669 membrum
861 607 1097 685 comparationis,
1121 618 1179 682 quo
1193 601 1230 661 de
1251 616 1329 661 nunc
1343 602 1470 677 spinas,
1492 603 1538 659 cst

194 694 231 753 de
254 703 318 754 ortu
341 695 556 755 harmoniarum
584 698 613 753 ih
643 698 759 772 specie3
789 696 839 754 hic
859 696 936 755 idern
965 695 1015 753 ilia
1038 708 1109 769 ego,
1141 694 1190 767 qui
1211 690 1285 750 abes
1307 696 1421 749 veteres
1449 688 1537 746 toties

193 783 300 854 imitor,
323 796 400 841 nunc
424 784 542 842 eosdem
564 796 680 860 respuo,
702 798 796 844 reram
819 790 954 842 naturam
975 776 1106 841 consuli.
1154 778 1238 838 Nolle
1260 777 1308 836 hio
1336 778 1536 836 ammaum

191 884 332 928 mearum
352 872 567 930 inaonatantia.

280 954 381 1015 Meuia
400 964 435 1016 trs
462 958 583 1017 Boihtt'i
605 955 813 1033 Gnidonirqne
833 960 994 1016 amtentiua
1020 957 1103 1032 requi
1125 970 1232 1030 quarn.
1247 964 1346 1021 mont>
1383 952 1436 1025 qui
1461 964 1537 1006 vm

191 1045 317 1102 tcimtia
338 1046 442 1102 multis
463 1045 608 1121 qradihue
635 1048 672 1102 iia
692 1061 759 1102 aum
783 1043 1028 1120 postponendae?
1069 1042 1292 1100 decusationem
1317 1038 1425 1109 hahes,
1459 1052 1536 1111 qus-

193 1137 279 1189 tenas
302 1131 503 1206 speculatione
537 1135 655 1208 insuper
676 1131 778 1191 hahita
800 1132 895 1191 tendis
918 1132 956 1190 ad
978 1133 1095 1207 praxln3
1123 1126 1288 1204 hujusmodi
1310 1127 1386 1185 enim
1409 1123 1537 1182 contenti
1568 1130 1571 1138 “

191 1227 259 1275 sunt
282 1221 454 1278 auctoritate
477 1218 615 1296 famaque
638 1221 819 1294 scrqntorum.
866 1218 941 1277 Mihi
970 1234 1073 1278 causae
1096 1214 1272 1276 examinanti
1300 1213 1430 1289 legitime
1452 1208 1537 1268 nulla

189 1304 322 1364 sufficere
345 1313 441 1381 potest
463 1308 629 1378 auctoritas,
653 1308 829 1381 praesertim*
845 1310 870 1364 si
894 1306 999 1366 famosi
1021 1304 1174 1381 scriptores
1196 1305 1225 1363 in
1248 1318 1343 1360 errore
1356 1299 1458 1374 aliquo
1482 1296 1536 1354 de-

190 1391 415 1466 prehendantnr.
463 1394 508 1451 An
531 1400 564 1452 tn
594 1408 770 1470 quamquam
793 1395 942 1453 existimas
965 1404 1001 1454 ao
1025 1398 1192 1470 provectam
1220 1388 1343 1448 scientie
1371 1382 1534 1460 multiplici,

189 1487 222 1536 nt
251 1480 280 1536 in
309 1479 392 1538 nulla
413 1496 444 1541 ra
467 1480 565 1540 erret‘i
610 1481 656 1538 An
679 1481 877 1558 impossibile,
906 1488 939 1540 ut
962 1480 1042 1558 quod
1068 1478 1116 1538 vel
1140 1474 1314 1536 Aristotcles
1341 1473 1389 1533 vel
1412 1472 1536 1531 Hermes

190 1575 257 1624 tuus
280 1568 323 1625 sic
345 1570 462 1638 erravit,
485 1567 514 1625 id
537 1567 638 1629 videat
661 1568 867 1644 discipulorum
885 1568 991 1627 nnus?
1036 1566 1148 1642 Quibus
1171 1566 1292 1641 positis,
1319 1578 1377 1621 non
1400 1557 1536 1635 equidem

190 1654 338 1712 effecerint
361 1663 475 1713 centnm
497 1654 590 1714 millia
614 1671 747 1716 verorum
771 1655 958 1731 dogmatum,
984 1658 1014 1715 in
1037 1655 1178 1731 sapientis
1200 1653 1296 1710 animo
1320 1652 1534 1727 impressorum,

191 1747 224 1799 ut
247 1757 324 1800 error
346 1756 422 1798 nnus
445 1743 636 1817 intemperans
658 1759 716 1801 non
739 1746 776 1802 sit
798 1760 884 1801 error.

276 1826 312 1886 Si
327 1826 484 1904 Keplarue,
508 1830 613 1904 inquis,
637 1830 1027 1915 vanumssproiimditotcm
1041 1832 1076 1888 ia
1088 1837 1205 1889 natura
1216 1827 1414 1897 mudeuurt
1437 1829 1536 1882 arua

188 1918 328 1974 numiam
348 1930 439 1974 ruam
460 1917 589 1993 fohem,
613 1918 809 1976 harmoniam
830 1920 1051 1993 imaqinoriom
1073 1918 1263 1977 adamaret.
1309 1913 1349 1971 At
1366 1911 1442 1995 hoo,
1472 1908 1536 1967 Ro·

191 2001 285 2072 hertc,
320 2018 378 2060 non
411 2010 456 2062 ast
485 2004 623 2063 restitere.
667 2004 749 2078 Nego
780 2008 953 2064 sententiam
986 2022 1052 2064 meo
1085 2004 1258 2063 conditionis
1291 2002 1405 2077 positae
1437 2013 1534 2057 sensu.

190 2088 391 2171 Pythagoram
414 2092 491 2148 enim
516 2101 545 2149 et
562 2092 716 2151 Boethium
733 2094 810 2152 circa
823 2091 942 2166 quidem
964 2094 1159 2152 astronomica
1180 2098 1209 2150 ct
1230 2089 1399 2148 harmonica
1419 2086 1483 2144 sinc
1506 2091 1534 2143 tc

190 2177 347 2251 interprete
378 2176 519 2251 intelligo.
566 2178 605 2235 At
635 2187 686 2237 tuo
716 2194 802 2237 sensu
833 2179 958 2241 iortassa
987 2182 1086 2239 verum
1110 2186 1166 2254 ast,
1198 2180 1223 2237 si
1248 2177 1352 2254 pennis
1381 2172 1439 2231 illis
1467 2178 1535 2231 tuas

190 2265 412 2338 imaginationis
444 2267 602 2324 instructas
630 2282 741 2339 essem,
773 2260 896 2326 sonasse
927 2264 1137 2327 transvolarem
1168 2266 1279 2325 ameis
1308 2260 1535 2322 consationibus

190 2350 229 2408 ad
253 2359 378 2429 veteres,
400 2354 554 2425 quinimo
578 2353 624 2412 vel
649 2368 714 2412 oum
736 2352 862 2413 Platone
884 2356 1061 2428 intonarent,

486 2434 642 2516 Ἥφαιστε,
667 2437 786 2517 προμολ’
811 2437 887 2503 nida·
909 2446 1065 2520 Keaiqqoe
1087 2463 1146 2509 uero
1169 2435 1285 2519 χατιζει.

197 2524 299 2582 Variis
321 2541 483 2599 memorum
506 2529 677 2585 renuentia
698 2532 914 2589 cmuouantias
933 2530 1069 2589 domas
1087 2530 1242 2604 praecari
1263 2541 1358 2601 eaque
1378 2523 1441 2581 tuit
1460 2523 1535 2579 uui·

188 2626 258 2669 cora
287 2612 397 2670 mandi
422 2614 618 2672 harmoniam
644 2619 821 2691 proneam
853 2626 883 2675 ct
911 2617 984 2676 inira
1011 2632 1079 2694 pag.
1106 2618 1156 2674 15.
1178 2614 1228 2675 lin.
1252 2616 1309 2674 ‘tis
1339 2611 1535 2668 humaniora

189 2700 367 2771 naturalem
393 2716 451 2757 esse
477 2703 557 2759 inter
586 2704 717 2762 amoueo
739 2703 897 2764 benevolas
917 2713 946 2763 et
963 2708 1118 2779 peramato
1143 2703 1214 2762 bene
1235 2701 1390 2777 inpositae
1412 2699 1536 2754 animur

190 2785 370 2844 mundanae
392 2804 461 2845 cum
484 2789 548 2861 ejus
569 2789 740 2847 substantia
762 2792 932 2865 materiali;
963 2791 1052 2855 haec,
1074 2794 1210 2865 inquam,
1237 2806 1304 2864 pers
1327 2792 1372 2846 est
1395 2784 1535 2842 orationis

189 2882 267 2943 tuae,
291 2878 360 2947 pars
382 2876 651 2950 aequivocationis,
677 2877 741 2951 jam
763 2894 851 2954 supra
874 2884 977 2937 tactae
1023 2876 1097 2936 Mihi
1127 2877 1316 2936 consonantia
1344 2874 1373 2929 ia
1397 2886 1534 2929 sonorum

190 2962 331 3017 mixtione
354 2969 415 3032 est,
447 2979 521 3036 quos
549 2962 628 3021 elicit
650 2980 802 3040 corporum
825 2964 993 3040 condictum
1024 2965 1211 3025 harmonicae
1232 2962 1432 3040 proportiones
1461 2959 1535 3015 inter

190 3049 372 3123 quantitates
393 3058 476 3122 sunt,
506 3058 637 3108 motuum
660 3053 844 3126 praesertim,
876 3067 933 3111 non
963 3055 1038 3110 inter
1059 3054 1124 3127 ipsa
1147 3067 1283 3128 corpora,
1314 3064 1370 3107 nec
1390 3047 1465 3103 inter
1486 3059 1534 3102 re-

189 3135 350 3194 sistentiae.
397 3136 557 3211 Loquimur
578 3138 720 3196 arbitratu
742 3140 867 3213 quisquc
889 3156 952 3212 suo,
977 3154 1032 3198 nec
1053 3139 1109 3199 hoo
1131 3137 1303 3199 diaerticulo
1319 3134 1357 3195 ad
1368 3131 1534 3194 condictum

190 3224 317 3281 invicem
339 3223 504 3282 obviamus.

278 3308 311 3367 Si
333 3309 535 3369 condemnare
557 3319 610 3383 est,
634 3309 764 3370 retollere
787 3328 875 3369 anum
897 3314 926 3368 in
951 3304 1126 3373 harmonicis
1150 3328 1272 3372 errorem
1294 3307 1338 3389 (at
1360 3307 1396 3368 dc
1420 3305 1534 3365 duobus

190 3397 268 3456 tonis
290 3396 451 3471 maj0rihas
474 3415 589 3474 semper
612 3400 789 3457 seinvicem
813 3401 1033 3473 insequentibus
1055 3408 1085 3461 et
1106 3397 1237 3480 similia),
1266 3415 1334 3473 age,
1358 3395 1395 3455 ad
1418 3402 1448 3453 te
1471 3399 1534 3454 asto

189 3479 379 3559 prorsusne,
411 3492 443 3544 tu
464 3486 565 3544 ravido
587 3494 667 3559 ama,
690 3502 771 3544 meas
793 3488 1059 3561 retrocesserunt,
1091 3505 1167 3564 pone
1191 3494 1220 3548 at
1241 3481 1371 3563 ipsorum
1393 3482 1484 3541 naha
1506 3488 1536 3539 ct

189 3581 271 3630 tuam
297 3572 382 3646 juxta
412 3573 565 3632 verborum
597 3573 879 3647 interpretationem
911 3573 957 3632 dic
984 3576 1036 3636 ubi
1064 3592 1119 3651 ego
1147 3593 1193 3635 me
1215 3576 1309 3649 ipsum
1337 3568 1534 3647 constandum,

190 3658 341 3720 damona
363 3661 487 3733 aliqum,
517 3676 651 3718 recusem
671 3660 823 3719 maiora?
865 3659 931 3719 Hoc
962 3665 1039 3721 enim
1069 3666 1093 3720 ei
1116 3670 1146 3721 et
1168 3662 1273 3722 dixeris
1303 3668 1333 3718 et
1354 3658 1535 3718 demonstre-

190 3748 281 3823 veris,
305 3762 363 3803 noo
386 3764 433 3805 me
456 3754 569 3805 uniam
590 3745 643 3804 sed
665 3753 694 3805 at
717 3745 856 3807 ledonem
883 3749 1013 3823 juvabis.
1057 3749 1134 3807 Nihil
1165 3752 1229 3825 agis
1259 3743 1422 3821 colligendo
1443 3742 1534 3815 locos,

191 3834 242 3890 abi
265 3835 420 3908 scriptores
443 3834 550 3904 refuto,
584 3836 640 3892 nisi
663 3836 751 3893 otiam
773 3843 802 3891 tu
827 3835 983 3905 delendas,
1013 3854 1089 3911 qnae
1116 3854 1163 3897 nra
1185 3845 1271 3914 putas
1302 3833 1379 3893 male
1401 3830 1534 3891 ructare.

191 3920 266 3979 Dino
289 3936 345 3993 ego
368 3924 502 3980 auctores
534 3924 613 3998 ipsos
636 3920 706 3978 mihi
730 3938 936 3997 concessuros,
969 3926 1184 4001 sipraasentcs
1215 3923 1319 3984 adsint.
1364 3920 1536 3996 Importuna

190 4007 247 4065 hoc
269 4006 335 4066 loco
367 4017 413 4066 est
434 4016 485 4067 tua
507 4010 552 4067 vis
574 4008 760 4083 eloquentiae
783 4009 833 4068 iol.
861 4012 916 4081 lb,
946 4027 1004 4070 nen
1027 4014 1057 4069 in
1079 4028 1126 4070 mc
1156 4011 1251 4071 solnm
1275 4008 1398 4080 directa,
1428 4003 1480 4065 sed
1505 4006 1536 4060 in

192 4094 261 4153 illos
284 4097 365 4169 ipsos
388 4096 476 4153 etiam
500 4096 606 4154 vibrari
630 4102 739 4173 potest,
762 4113 836 4170 quos
859 4108 899 4156 tur
913 4097 950 4156 ad
973 4101 1101 4175 speciem
1123 4114 1304 4177 propugnas,
1326 4095 1483 4172 praecipua
1505 4092 1535 4148 in

190 4182 393 4253 Aristotelem,
407 4208 410 4212 “
423 4184 473 4258 qai
505 4181 653 4241 dimidiam
682 4190 795 4259 partem
823 4187 919 4262 operis
946 4189 993 4244 sui
1021 4188 1167 4245 consumit
1195 4183 1354 4246 refutandis
1376 4177 1534 4240 veteribus.

189 4269 224 4327 ln
244 4268 440 4343 jactabundus
467 4271 510 4328 sic
533 4270 680 4329 inveharis
702 4279 754 4328 ant
776 4272 804 4327 in
828 4274 936 4344 victos,
959 4289 1018 4332 non
1040 4276 1070 4331 in
1092 4272 1235 4333 luctantes
1258 4280 1289 4330 st
1309 4275 1483 4347 pugnantes.

281 4354 405 4433 Qualem
428 4365 457 4415 tc
479 4374 549 4416 vero
572 4365 765 4432 correptorem
788 4359 916 4431 invidiae
939 4367 1086 4435 praestas,
1114 4360 1183 4436 dupn
1206 4361 1321 4438 quotics
1336 4374 1392 4433 ego
1415 4355 1535 4414 verbum

193 4443 229 4502 dc
252 4446 325 4502 mais
348 4445 488 4503 institutis
511 4436 685 4503 discriminis
708 4441 854 4504 indicandi
877 4462 966 4507 causa
991 4448 1118 4525 profero,
1149 4450 1285 4507 continno
1308 4453 1338 4504 tu
1362 4442 1434 4503 mihi
1455 4440 1536 4519 phit-

191 4533 296 4589 autiae
313 4533 541 4607 jactantiaeque
563 4532 665 4608 alapas
688 4534 846 4608 impingis?
891 4534 956 4593 Non
980 4553 1080 4595 versor
1103 4539 1130 4592 in
1146 4553 1258 4612 paeana
1276 4533 1437 4609 opcri'meo
1460 4545 1535 4605 pan·

190 4618 301 4693 gando,
332 4617 384 4677 sed
408 4620 435 4674 iu
460 4619 634 4694 explicando
657 4635 756 4696 scopo,
779 4637 866 4694 quem
895 4621 985 4680 habui
1007 4625 1206 4699 propositam,
1236 4628 1268 4682 ut
1290 4625 1432 4696 appareat
1454 4613 1535 4674 alind

191 4705 244 4764 ahs
266 4712 296 4765 ts
320 4707 499 4780 quaesitum,
531 4706 611 4764 aliud
640 4723 742 4781 ame3
771 4722 839 4765 num
870 4710 924 4767 sim
947 4719 1113 4780 assecutus,
1145 4709 1262 4769 lectoris
1292 4717 1355 4767 esto
1381 4704 1534 4781 Jndicium,

190 4795 362 4868 pracsertim
383 4791 435 4849 uhi
458 4807 596 4851 censuras
617 4801 683 4852 tuas
705 4810 781 4869 qnae
800 4795 863 4870 jam
885 4805 1053 4871 sequuntur,
1076 4813 1215 4871 measque
1236 4795 1419 4857 detensiones
1434 4800 1535 4851 contra

191 4897 224 4939 se
246 4881 370 4941 invicem
393 4880 532 4956 posuerit.
579 4877 619 4940 ln
640 4881 726 4956 libro,
749 4882 855 4959 inquis,
876 4886 980 4958 primo
999 4884 1078 4943 nibil
1098 4883 1141 4942 ad
1162 4900 1266 4945 aaran
1284 4881 1395 4944 mundi
1408 4881 1534 4941 tameo-
