3872 5846
633 378 940 452 enumeratam
955 378 1075 452 punro.
1472 387 1535 449 aot

176 561 203 621 si
225 576 262 620 aa
283 564 485 632 numerentur,
507 559 700 635 geometrica,
723 558 749 619 si
771 556 969 635 ponderantur
990 574 1043 620 serr
1066 558 1211 636 matteas
1233 558 1353 621 tonans
1373 576 1428 623 aen
1448 560 1537 621 boni·

177 654 238 707 tete
270 655 525 724 argumentorum
553 644 724 706 harmonica
745 643 863 727 (Bodini
893 644 994 728 sensu)
1022 650 1150 707 mixture
1181 646 1238 705 init
1265 647 1346 724 apud
1374 646 1534 722 Muses,

178 751 303 812 qnorum
325 734 497 794 consulares
515 736 692 797 motantiem
715 736 847 795 emtione
870 734 1064 809 explicarunt,
1088 736 1176 794 ceteri
1191 734 1316 813 milibus
1330 736 1361 793 in
1375 752 1440 795 eam
1455 736 1538 795 ibant

178 824 372 896 senteutiam,
402 836 492 899 mem
513 822 688 900 probabant.
733 820 807 879 ldiiri
839 820 917 897 qnod
940 825 1127 882 necessitatis
1150 821 1216 898 lege
1244 822 1354 882 iactum
1380 820 1450 904 (non
1474 823 1537 883 sni·

177 910 295 970 faciam
318 913 394 970 euim
418 917 536 988 tempus
559 907 715 969 audiendis
738 906 885 989 omnibns)
908 907 938 966 id
960 909 1146 971 harmonicae
1166 912 1348 987 proportioni
1370 926 1428 971 nou
1452 910 1536 970 vido·
1629 980 1636 993 ,

178 1005 225 1058 tur
247 997 485 1074 comparandam.
1021 1056 1024 1065 ,

264 1085 355 1144 XXi.
380 1085 413 1144 [u
437 1085 647 1145 commutatira
665 1083 782 1160 justitia
803 1083 971 1158 requirebat
986 1083 1161 1144 Aristoteles
1184 1084 1397 1147 arithmeticam
1420 1100 1535 1161 aequa·

178 1171 300 1235 litatem
347 1172 478 1232 Bodinus
504 1188 560 1232 nec
582 1172 630 1230 iric
652 1170 819 1246 analogiam
850 1170 970 1231 oxelare
993 1171 1065 1231 dicit
1086 1174 1304 1248 geometricam.
1350 1172 1411 1231 Etsi
1434 1189 1537 1231 eram·

177 1259 228 1336 pla
243 1261 366 1321 conium
381 1259 524 1320 sidentur:
552 1254 585 1340 i)
609 1265 642 1317 nt
663 1260 771 1334 siquis
793 1256 911 1335 publice
926 1258 1066 1321 seandalo
1083 1258 1152 1318 dato
1168 1261 1258 1319 etiarn
1272 1262 1418 1338 privatum
1441 1259 1536 1333 laesit,

177 1349 294 1424 privato
316 1348 435 1425 quidem
458 1348 580 1407 seorsim
602 1345 764 1405 satisfaciet
784 1345 965 1422 aequalitate
987 1346 1188 1421 arithmetica,
1212 1364 1267 1407 nec
1289 1347 1357 1423 plus
1382 1349 1484 1423 cipro
1506 1362 1536 1406 re

178 1451 233 1494 sna
255 1439 424 1511 restituetur
445 1436 484 1496 ab
507 1434 625 1493 homino
648 1432 758 1512 nobili,
789 1449 877 1508 qnesr
905 1433 944 1492 ab
972 1434 1121 1510 agricole,
1151 1435 1318 1512 exemplum
1341 1451 1410 1494 vero
1439 1436 1536 1511 pessi·-

177 1540 258 1582 mum
281 1522 366 1583 aliter
386 1523 449 1582 lnet
471 1521 530 1595 ille,
554 1521 639 1580 aliter
659 1522 725 1593 iste,
750 1523 938 1598 proportione
961 1530 1078 1582 serrata
1101 1529 1230 1581 autenm
1244 1524 1430 1599 geometrica.
1470 1520 1536 1598 Quo

177 1610 243 1670 loco
272 1610 443 1687 connitatur
467 1609 641 1668 Aristoteles
663 1607 788 1667 Bodino.
835 1606 867 1686 t)
889 1606 977 1685 Quod
1006 1626 1077 1669 raro
1105 1610 1183 1669 bona
1210 1610 1289 1687 ejus,
1322 1612 1373 1686 qui
1403 1625 1462 1669 non
1492 1618 1538 1669 eet

178 1697 331 1771 solvendo,
359 1715 412 1777 pro
434 1696 536 1757 crediti
558 1696 703 1772 cujusquo
726 1694 928 1771 magnitudine
951 1695 1166 1757 distribuuntur
1192 1700 1255 1759 sitta
1278 1698 1453 1757 creditorum
1482 1713 1537 1756 re·

178 1792 298 1862 spectu,
323 1783 481 1845 dummodo
504 1792 635 1860 tempora
656 1792 688 1843 et
709 1783 853 1859 quailtate
875 1782 977 1842 crediti
999 1801 1085 1862 peras
1106 1785 1228 1859 inerint,
1253 1785 1282 1843 id
1305 1785 1442 1862 equidem
1464 1801 1535 1861 pro—

179 1875 313 1950 portione
335 1872 367 1931 iit
388 1889 468 1933 mere
490 1873 683 1948 geomeniea3
712 1870 793 1947 qnod
821 1878 934 1930 utnon
964 1874 1086 1948 negavit
1109 1872 1298 1945 Aristoteles,
1330 1875 1374 1932 ita
1394 1875 1535 1935 ominem

179 1962 217 2020 ab
246 1960 300 2020 iiio
326 1979 379 2038 per
407 1960 629 2037 incogitantiam
660 1959 776 2016 videtur
810 1966 947 2035 recteque
977 1977 997 2019 a
1031 1958 1149 2020 Bodino
1178 1960 1361 2037 suppletum,
1394 1962 1451 2021 etsi
1480 1960 1537 2020 hoc

176 2047 315 2108 landatru
343 2048 523 2126 aequalitate
552 2047 736 2106 arithmetica
765 2044 853 2104 solerti
883 2052 914 2104 et
936 2044 1052 2120 crediti,
1071 2038 1109 2107 'si
1140 2049 1217 2108 noua
1250 2047 1425 2109 sustinerent.
1471 2047 1535 2107 Nnc

177 2143 275 2196 umen
297 2126 414 2197 rotator
435 2137 552 2213 penites
575 2135 707 2211 superior
729 2135 918 2209 magistratus
947 2134 1116 2195 harmonica
1143 2137 1410 2214 contemperatione
1438 2137 1483 2193 oti
1504 2143 1535 2195 et

177 2224 336 2284 creditores
358 2225 461 2302 inopes
484 2222 671 2298 aliquetenus
693 2226 722 2280 et
736 2236 789 2298 pro
804 2237 836 2281 re
850 2229 921 2279 nate
943 2223 1087 2298 praeterea
1103 2222 1353 2300 locupletioribus.
1399 2221 1431 2301 a)
1452 2221 1531 2282 litei
1569 2238 1572 2245 ’

179 2314 267 2371 mam
289 2311 490 2371 harmonicum
512 2311 664 2386 quippiam
686 2304 792 2390 (seusu
815 2304 939 2390 Bodini)
962 2312 1053 2387 sapit,
1086 2310 1165 2387 quod
1194 2313 1327 2387 genum
1348 2309 1536 2388 quarundam

179 2416 259 2459 more
280 2416 327 2459 res
349 2399 426 2458 tarto
448 2397 566 2458 ablatae
588 2413 648 2458 nou
669 2396 777 2474 simplo
798 2405 971 2473 pausentur,
994 2398 1047 2457 sed
1069 2398 1250 2476 quadruplo,
1280 2414 1328 2458 rea
1349 2399 1426 2459 allae
1448 2400 1537 2475 qum·

179 2487 279 2566 tnplo;
311 2485 474 2563 aequaliter
504 2483 623 2561 qnidam
653 2484 692 2544 ab
721 2485 872 2557 omnibns,
904 2484 1098 2562 inaequaliter
1127 2494 1225 2546 meran
1255 2485 1389 2546 cirenae
1411 2502 1474 2558 ree,
1506 2488 1536 2547 in

180 2576 287 2652 quibua
317 2577 489 2634 aestimatur
518 2573 696 2649 geometrice
725 2573 839 2632 rationo
867 2571 992 2647 injuriae
1021 2572 1139 2633 diversa
1171 2573 1360 2653 magrdtudo,
1390 2590 1450 2633 non
1478 2590 1537 2633 ne·

182 2661 250 2721 dnm
283 2663 326 2721 rci
358 2663 493 2738 pretium.
540 2657 571 2739 4)
593 2659 764 2720 Evidentinr
792 2666 837 2719 est
865 2658 1035 2720 harmonice
1056 2663 1131 2720 ratio
1154 2663 1184 2719 in
1211 2663 1385 2740 persensae
1413 2660 1538 2722 denno·

181 2766 247 2808 rnm
268 2764 328 2809 non
352 2749 421 2809 dolo
443 2746 522 2808 melo
544 2748 709 2808 illatorem:
731 2746 783 2805 nbi
804 2745 961 2825 plurimum
984 2750 1071 2809 sitnm
1092 2751 1122 2806 in
1140 2749 1372 2809 conuehentium
1387 2751 1539 2826 utriunque
1638 2774 1640 2781 >

181 2837 325 2897 iacturum
356 2837 595 2910 cncnmstantiis,
628 2852 704 2912 qnae
734 2832 895 2911 aliqnando
929 2834 974 2895 rel
1003 2834 1119 2913 leg-dtas
1149 2835 1196 2897 rel
1223 2829 1397 2913 magistratu
1415 2837 1538 2912 jubante

181 2923 337 3001 aequalem
367 2931 398 2984 et
418 2924 631 2984 arithmeticam
652 2924 935 2999 compensationem,
964 2922 1124 2999 aliqnando
1146 2923 1273 2999 nnllam,
1305 2931 1352 2982 eat
1371 2924 1422 2982 nbi
1450 2933 1479 2983 et
1502 2941 1538 2983 ax

182 3029 279 3088 ecquo
307 3020 338 3072 et
365 3012 443 3072 bono
466 3010 647 3072 moderatam
672 3012 832 3086 requirnnt
877 3008 975 3086 Hujus
1004 3012 1119 3087 gennis
1141 3010 1259 3071 videtur
1278 3020 1315 3094 ‘at
1336 3010 1427 3084 iliud,
1458 3010 1537 3087 quod

182 3103 316 3176 superior
344 3101 537 3176 magistratus
562 3116 621 3159 non
650 3114 686 3157 ex
710 3097 973 3173 aequoomnibas
1004 3100 1079 3159 ister
1101 3114 1133 3157 se
1157 3100 1224 3176 jure
1253 3101 1376 3175 experiri
1405 3098 1539 3157 concedit

183 3203 238 3246 nec
261 3189 290 3244 in
314 3189 413 3246 causis
436 3188 581 3261 omnibus,
605 3185 656 3245 sed
679 3192 766 3261 prout
788 3185 1025 3246 circumstantiae
1044 3186 1153 3245 inerint
1173 3187 1298 3245 arisitros
1322 3185 1369 3245 nel
1391 3187 1455 3262 ipse
1478 3185 1537 3257 det,

183 3274 229 3333 vei
253 3291 355 3334 eornm
379 3273 551 3335 elacflonenr
582 3274 767 3350 litigantibus
792 3274 947 3349 permittit,
979 3281 1011 3333 nt
1042 3273 1090 3332 vei
1121 3275 1272 3351 utriusque
1298 3271 1459 3333 commodis
1488 3272 1566 3333 rol·

182 3364 254 3438 reip.
278 3360 459 3422 consulatur.
505 3361 536 3442 d)
559 3362 655 3420 [itiam
686 3368 793 3419 neniae
826 3359 864 3419 ad
888 3362 1128 3421 commutatiram
1154 3361 1287 3437 justitiae
1314 3369 1427 3444 pettam
1450 3377 1537 3437 spec·

181 3456 262 3523 tant,
293 3465 390 3526 neque
412 3458 510 3509 tamen
533 3449 673 3525 aequales
696 3451 774 3508 omiti
798 3446 947 3506 hominum
970 3450 1070 3525 generi
1099 3451 1138 3509 ab
1162 3449 1297 3508 omnibns
1319 3448 1537 3526 legislatorilrns

180 3538 397 3613 permittentur,
420 3537 473 3595 sed
496 3539 673 3613 geometriae
694 3536 821 3595 mixtura
843 3537 1014 3612 inaequales
1037 3535 1218 3596 diversorum
1240 3536 1374 3596 ordinum
1395 3537 1537 3613 panonia,

180 3624 321 3701 aequales
344 3624 468 3701 singuiis
490 3623 638 3697 ordinum,
663 3640 739 3700 qaae
762 3625 936 3699 compositio
960 3623 1075 3683 Bodino
1099 3623 1268 3684 harmonica
1289 3631 1344 3685 est.
1388 3621 1421 3702 u)
1445 3623 1538 3701 ligre·

182 3714 261 3788 mam
284 3715 488 3789 exceptionem
510 3712 548 3772 ab
572 3712 755 3771 autumantes
778 3712 1016 3771 commutationis
1038 3711 1220 3788 aequalitate
1242 3712 1340 3772 verbis
1356 3711 1462 3771 Rodien
1484 3728 1537 3773 ax-
1622 3726 1627 3737 ’

180 3801 316 3860 scribam.
369 3799 503 3859 Medicas
532 3799 575 3858 od
605 3800 756 3858 connium
786 3797 875 3858 dtoiti
895 3798 1114 3859 dmctendurn
1144 3816 1256 3860 aurcos
1282 3816 1372 3875 seqre
1393 3801 1456 3859 500
1484 3816 1538 3858 ne-

181 3889 257 3962 eipit
277 3882 355 3968 (imo
376 3883 502 3969 erigit),
525 3887 566 3946 ab
585 3894 686 3963 spania
707 3902 779 3945 ocra
801 3887 840 3945 10
860 3889 952 3945 ento
974 3880 1050 3968 (imo
1073 3886 1154 3960 nilrii,
1177 3904 1214 3946 es
1237 3885 1362 3946 termula
1380 3887 1538 3962 juramenti

179 3971 403 4057 Hippocratis);
425 3993 464 4033 cc
484 3978 511 4033 si
532 3974 654 4051 qnidam
676 3973 900 4033 monadicam
923 3983 981 4033 ont
1000 3978 1212 4049 pemnetricom
1237 3974 1439 4051 oodqseqor
1455 3988 1537 4034 nnc-

178 4062 293 4138 lopicm
315 4069 575 4137 mmccinrartur,
607 4062 685 4120 aner
705 4061 827 4137 quidem
850 4061 983 4136 mimda,
1007 4062 1084 4121 altar
1104 4063 1190 4139 furna
1210 4065 1360 4136 itteram,
1392 4061 1444 4120 aad
1463 4061 1538 4121 lat*

180 4152 303 4209 monna
324 4152 444 4210 animus
466 4150 536 4208 nato
558 4150 679 4225 quoidam
703 4165 783 4226 opas,
804 4148 888 4207 scine
909 4149 957 4208 illi
978 4144 1053 4230 (nou
1076 4149 1212 4226 equidem
1229 4149 1332 4209 cedern
1348 4143 1537 4229 certitudine)

179 4244 411 4312 comportentur.
454 4240 488 4313 l)
510 4235 605 4312 Quam
628 4236 745 4312 quidem
768 4235 806 4295 ad
822 4237 965 4294 rationem
988 4244 1017 4296 at
1035 4237 1151 4313 judices
1166 4254 1250 4296 stram
1265 4253 1383 4313 operam
1399 4247 1429 4296 et
1443 4237 1539 4296 hono·-

180 4326 287 4383 rarinm
301 4327 330 4381 in
342 4327 438 4384 causis
451 4323 649 4400 disceptandis
660 4326 776 4400 exigere
790 4331 1013 4383 corrsnevarunt.
1050 4324 1160 4383 Litium
1175 4342 1204 4383 n.
1220 4341 1310 4401 saepe
1323 4325 1539 4384 levissimarum

180 4409 340 4471 difficultas
360 4412 454 4488 major
478 4421 530 4485 eet,
555 4428 645 4487 qnam
667 4412 693 4470 si
715 4410 752 4470 de
775 4411 862 4471 rebus
886 4412 1067 4487 gravissimis
1082 4419 1248 4488 quaeratur,
1268 4411 1418 4488 judicibes
1441 4420 1538 4472 tamen

179 4497 386 4558 taruennae.-
419 4500 555 4575 Aeqnum
579 4501 743 4575 igiturest,
767 4505 800 4557 nt
823 4516 859 4559 ex
882 4514 979 4558 rernm
998 4499 1243 4576 amplissimarum
1265 4500 1402 4559 vindiciis
1424 4498 1539 4576 edJudl·

180 4587 253 4645 catis
276 4585 441 4662 plusculum
464 4589 599 4662 exigatur
624 4585 780 4658 mercedis,
812 4593 883 4645 tturc
912 4586 1039 4660 scilicet,
1070 4589 1096 4646 si
1126 4586 1243 4663 indices
1268 4604 1328 4646 non
1349 4587 1539 4648 sniiiciense

179 4689 239 4749 rap.
270 4674 410 4733 salarium
441 4676 576 4750 capiunt,
607 4674 659 4734 aad
682 4672 804 4733 consilio
827 4673 1049 4734 minuendarum
1080 4674 1175 4733 litium
1206 4692 1242 4734 ex
1265 4677 1393 4751 partiare
1416 4675 1539 4751 litigau-

179 4761 252 4819 tium
274 4760 391 4821 tributis
422 4776 529 4838 operae
559 4762 674 4822 mesiae
698 4764 966 4837 compensationem
996 4776 1139 4838 maetam
1163 4762 1315 4838 jubentur.
1361 4761 1538 4839 Quanquam
