3840 5854
364 442 406 527 40
741 436 883 509 Epistulae
901 435 1012 507 chleri
1031 438 1199 508 aliorumque
1216 443 1328 495 mutuae

362 619 519 693 redditum,
548 626 582 678 ut
606 606 694 679 etler'n
717 615 903 677 Graecismus
925 614 1096 678 manseriti'
1129 617 1283 695 Inscriptio
1311 635 1346 677 ex
1368 615 1445 678 libro
1470 622 1521 677 tno
1551 619 1611 677 aie:
1640 615 1713 687 Πως

362 708 401 773 ἀν
422 706 454 771 αἱ
475 729 533 769 sors
555 711 749 781 cleemporus
762 704 914 774 niesseoesc
935 707 1171 784 παραβαλλοιηο
1193 726 1256 775 ταις
1274 728 1333 766 rora
1346 709 1488 785 qdopyosr.
1523 703 1603 765 Nihil
1617 706 1712 764 mani·

363 798 466 858 festius
492 797 523 853 in
550 796 651 854 nativa
681 793 791 869 lingua.
836 791 912 852 Nam
941 814 975 854 ro
1003 794 1252 875 παραβαλλισθαι
1279 802 1309 852 ct
1335 791 1488 862 οἱκιιιισεις
1515 792 1595 853 nullo
1620 792 1712 853 latino

363 882 508 945 vocabulo
531 890 578 941 sat
601 879 750 941 evidenter
773 881 895 955 exprimi
916 887 1052 957 possunt,
1086 888 1116 941 at
1137 880 1235 939 ubivis
1264 879 1400 939 vocabuli
1422 876 1461 940 ds
1489 880 1517 938 ln
1540 880 1632 941 latino
1655 881 1712 940 clr-

364 972 579 1034 cumlocutione
602 985 676 1045 opus
699 972 752 1026 est.
797 965 885 1028 Forte
913 969 943 1025 in
969 967 1047 1027 huno
1070 966 1188 1027 modum
1211 964 1397 1027 Germanica:
1428 967 1496 1027 Wie
1526 985 1614 1029 mann
1637 976 1712 1028 etus

364 1059 412 1120 dia
435 1066 489 1117 etc.
512 1057 568 1116 den
590 1065 644 1115 etc.
674 1053 856 1130 vergleicben
891 1053 1016 1116 mbcbte.
1061 1053 1148 1130 Quod
1175 1061 1208 1115 ut
1229 1055 1319 1114 latine
1347 1054 1494 1129 efferatur,
1523 1072 1584 1116 nou
1610 1063 1656 1115 eat
1682 1057 1711 1113 in

383 1153 487 1207 romili.

363 1166 383 1225 p
450 1228 492 1293 Ut
518 1227 554 1288 de
581 1228 671 1287 latine
694 1227 849 1306 Porphyrii
879 1216 1014 1289 versione
1045 1227 1310 1305 Judicinmblaram,
1332 1224 1467 1307 {spetlum
1488 1236 1568 1306 peto.
1612 1227 1714 1288 Ptole-

366 1321 444 1380 maei
471 1317 586 1381 Graeca
620 1325 688 1375 sunt
720 1318 850 1391 integra,
883 1315 1026 1392 siquidem
1061 1315 1139 1393 apud
1167 1313 1353 1392 Gogarlnum
1389 1318 1510 1392 integra.
1560 1316 1713 1393 Porphyrii

369 1407 483 1468 Graeca
504 1411 572 1464 aunt
595 1402 811 1463 Commentario
832 1405 861 1460 in
884 1403 1080 1478 Ptolomaica,
1103 1401 1235 1462 sednon
1258 1402 1481 1480 progrediuntur
1503 1402 1578 1464 ultra
1600 1403 1651 1463 lib.
1673 1403 1713 1461 ll.

367 1513 430 1572 cap.
455 1498 483 1568 i,
506 1507 574 1569 para
596 1493 687 1550 totius
709 1491 777 1551 libri
798 1492 893 1550 minor
916 1489 1044 1549 dimidia,
1090 1488 1258 1550 Aristotelis
1281 1489 1317 1551 de
1333 1489 1530 1564 Audiblilbns,
1554 1507 1630 1566 quea
1651 1488 1715 1549 Go-

366 1582 492 1660 gavinus
514 1577 647 1655 adjunxit
669 1577 840 1640 Ptolemaeo
871 1580 900 1635 in
927 1577 1051 1637 latinum
1074 1594 1230 1651 conversa,
1260 1580 1448 1637 inveniuntur
1470 1576 1581 1638 Graece
1607 1579 1637 1634 ln
1658 1577 1715 1637 hoc

366 1674 432 1747 ipso
461 1667 616 1744 Porphyrii
645 1663 874 1725 Commentario:
907 1664 938 1723 id
967 1665 1085 1742 quidem
1113 1665 1262 1741 prolaasus
1292 1674 1337 1724 cat
1367 1665 1548 1742 Gogevinus.
1598 1664 1723 1731 Tertius,

369 1757 500 1829 Graccus
523 1753 615 1815 codex
638 1760 682 1811 eat
703 1753 867 1826 Barlaami,
891 1758 958 1812 suut
980 1760 1078 1812 autern
1101 1751 1263 1829 Logistioea
1286 1751 1351 1811 libri
1377 1755 1410 1826 6,
1434 1769 1557 1829 querum
1578 1753 1715 1828 proposi-

368 1848 463 1904 tiones
484 1841 580 1900 nudaa
602 1838 697 1900 editae
720 1860 737 1900 a
754 1839 926 1918 Dasypodio
950 1842 1024 1899 inter
1045 1839 1214 1916 sphaericae
1237 1839 1385 1899 doctrinas
1406 1841 1560 1941 scriptores
1575 1838 1714 1899 Graecos.

368 1931 536 2007 Sequuntur
557 1926 628 1987 iolla
653 1930 707 2001 17,
737 1930 766 1985 in
790 1929 896 2003 quibua
920 1928 1080 1987 confutatio
1111 1929 1129 1986 3
1154 1926 1319 1986 ultimorum
1343 1931 1471 2004 capitum
1501 1928 1532 1985 in
1553 1925 1715 1986 Ptolemaei

369 2017 569 2087 Harmonicis,
591 2013 643 2101 ubi
664 2024 761 2092 negat,
786 2031 850 2074 esse
873 2014 1035 2074 Ptolemaei
1057 2021 1182 2089 textum,
1209 2015 1446 2090 inscriptionibus
1471 2030 1539 2073 vcro
1561 2013 1716 2090 pollicetur

369 2107 512 2184 genuinos
535 2109 631 2161 textus
654 2102 691 2161 ad
713 2102 876 2161 Ptolemaei
898 2109 1024 2168 mentem
1046 2102 1237 2178 subjungere,
1268 2100 1320 2161 aed
1343 2103 1372 2159 in
1396 2104 1460 2178 ipso
1482 2103 1624 2179 principio
1648 2118 1715 2161 ore·

369 2195 458 2253 tionis
485 2190 592 2249 desinit
621 2190 717 2249 verbis
745 2190 839 2249 hisce·
877 2191 997 2268 leyoper
1024 2200 1127 2249 sormi.
1179 2188 1313 2264 Denique
1346 2189 1476 2265 ejusdam
1507 2187 1715 2249 demonstratio

370 2278 526 2340 numeralia
547 2277 614 2337 libr.
636 2276 676 2334 ll.
700 2276 916 2336 Elementorum
938 2275 1025 2336 finam
1048 2276 1137 2335 habat
1159 2274 1277 2336 codicis.

457 2365 549 2423 Vides
572 2379 649 2438 ergo,
672 2366 837 2423 necessario
860 2363 1080 2440 conjungendos
1102 2362 1156 2422 bos
1180 2361 1417 2444 3auctores,qut
1431 2361 1619 2423 Ptolemaeus
1635 2378 1716 2422 conr·

369 2461 545 2514 mentatorcs
574 2449 682 2510 babeat
703 2450 897 2529 Porphyrium
926 2459 956 2510 et
984 2450 1179 2510 Berisamum.
1225 2449 1367 2526 Equidem
1398 2459 1469 2526 opto
1499 2457 1528 2509 et
1559 2452 1589 2508 ln
1620 2466 1716 2509 meam

253 2606 256 2613 ⁴
370 2544 603 2619 βιβλιοθηκισιην
628 2538 732 2598 inferre
758 2538 817 2598 tale
840 2535 988 2614 exemplar
1016 2537 1121 2596 saltem
1143 2536 1317 2597 Graecum„
1341 2537 1417 2596 Nam
1440 2536 1511 2613 quid
1533 2536 1570 2597 de
1592 2537 1717 2597 Latinae

370 2628 513 2688 versionis
535 2626 661 2685 utilitate
684 2624 793 2699 dicam,
825 2627 873 2683 vix
895 2624 1001 2684 babeo.
1046 2624 1117 2683 Plus
1144 2627 1285 2685 absterret
1313 2623 1450 2684 lectorem
1474 2623 1629 2685 difficultas
1652 2642 1716 2684 me·

371 2717 471 2786 teriae,
502 2729 590 2789 quarn
621 2715 762 2773 sermonis
793 2713 966 2788 ignorantia
1012 2711 1138 2771 Etcum
1168 2711 1255 2771 hodie
1283 2729 1318 2771 ex
1342 2713 1517 2788 Argustana
1539 2711 1717 2773 bibliotheca

371 2801 514 2880 prodeant
535 2802 623 2858 ctiam
646 2798 790 2860 dialectici
813 2801 977 2876 scriptores,
1001 2798 1159 2875 dequibus
1182 2799 1307 2871 dubites,
1330 2815 1368 2859 an
1384 2815 1491 2875 operae
1511 2801 1637 2875 pretium
1652 2798 1715 2859 flat:

372 2892 489 2951 omuino
516 2888 619 2946 mereri
647 2894 720 2963 puto
750 2893 780 2946 ct
809 2886 980 2963 dignitatem
1008 2886 1188 2946 harmonicas
1218 2895 1248 2945 ct
1268 2887 1472 2962 antiquitatem
1495 2889 1598 2960 moris,
1630 2904 1717 2962 quern

374 2984 472 3037 servat
493 2973 567 3034 baec
590 2980 720 3049 veterum
743 2975 863 3048 musica,
886 2982 920 3033 ut
940 2973 1072 3050 prodeat,
1095 2983 1125 3035 ot
1147 2977 1172 3033 si
1195 2975 1290 3034 minus
1312 2974 1449 3034 lectorem
1472 2973 1633 3035 exhilarare
1654 2983 1719 3053 pot·

372 3072 430 3139 est,
453 3055 557 3122 saltem
579 3059 772 3121 bibliothecas
795 3068 886 3122 ornat

460 3151 617 3209 Existimas
639 3156 800 3226 praestare,
830 3155 864 3208 ut
890 3149 1001 3225 peritus
1024 3148 1130 3224 aliquis
1153 3150 1338 3208 nummariam
1368 3150 1410 3207 rei
1432 3147 1719 3224 comprehensionem

352 3238 475 3316 ‚paucis
498 3237 613 3313 paginis
636 3235 712 3296 edat.
757 3235 831 3294 Mihi
853 3235 1002 3295 diversum
1026 3235 1149 3296 videtur.
1192 3235 1268 3295 Nam
1296 3251 1372 3312 qnae
1394 3243 1493 3312 potest
1518 3251 1583 3295 assa
1605 3237 1721 3297 brevior

374 3342 463 3402 opera
485 3326 513 3381 in
536 3325 658 3383 materia
687 3321 774 3382 hodie
802 3340 877 3400 pane
899 3322 1070 3399 incognita?
1113 3322 1207 3397 Tum,
1236 3338 1312 3399 quae
1340 3322 1475 3382 utilitas?
1519 3322 1604 3383 Alius
1631 3324 1719 3387 hodie

360 3430 440 3471 ,mos
472 3417 517 3471 est
544 3419 661 3470 nostrae
687 3412 822 3470 musices.
867 3410 908 3470 At
936 3409 1028 3470 multo
1055 3410 1169 3484 malim,
1199 3417 1233 3469 ut
1254 3411 1400 3486 quispiam
1430 3408 1602 3486 adjungeret
1632 3415 1743 3471 ctiam.

375 3498 506 3559 Euclidis
521 3495 644 3569 Graeca,
668 3506 699 3556 ct
712 3499 738 3557 si
760 3497 830 3574 quid
853 3497 924 3558 utile
948 3496 1020 3556 dixit
1035 3496 1199 3558 Glareanus
1221 3506 1273 3557 aut
1295 3497 1371 3557 alius
1393 3499 1548 3574 quispiam.
1586 3498 1721 3576 Denique

375 3587 511 3648 omuibus
533 3587 564 3643 iu
587 3591 696 3644 certum
718 3584 848 3646 ordinem
871 3585 1031 3663 dispositis,
1054 3585 1161 3646 Latina
1183 3587 1389 3645 commentatio
1411 3593 1554 3663 perpetue
1576 3585 1721 3646 diffieilio-

375 3691 421 3735 rce
443 3673 524 3733 locos
546 3671 709 3748 adjuvaret.
753 3672 799 3733 Ita
820 3676 917 3749 nequa
939 3675 1035 3732 versio
1057 3673 1165 3732 Latina
1186 3675 1267 3732 oneri
1290 3673 1344 3732 erit
1365 3674 1401 3731 iis
1423 3674 1452 3730 in
1467 3670 1549 3745 locis,
1573 3690 1649 3749 quae
1672 3673 1720 3734 rel

267 3818 270 3823 ,
376 3778 434 3822 nou
457 3768 581 3838 possunt
602 3758 727 3836 intelllgi
749 3761 807 3819 nisi
829 3759 951 3831 Graeca,
976 3759 1022 3819 val
1046 3775 1111 3819 curn
1134 3759 1233 3819 taedio
1255 3760 1391 3836 leguntur
1409 3759 1527 3819 Latine:
1550 3776 1645 3836 neque
1668 3761 1721 3822 da·

379 3851 433 3910 erit
454 3849 537 3908 locus
560 3851 588 3905 ln
612 3847 843 3922 Commentario,
867 3847 1031 3907 diiilcillora
1052 3847 1119 3907 loca
1141 3845 1255 3906 Graeca
1276 3847 1382 3907 Latine
1404 3845 1553 3906 reddendi.

463 3933 503 3982 Ad
521 3934 581 3982 haer
598 3932 728 3997 respondit
745 3933 889 3983 Horremus
908 3933 1050 3983 demumd.
1070 3931 1110 3986 10
1129 3933 1185 3985 cer
1205 3933 1280 3986 10οἸ
1297 3934 1384 3982 morbo
1408 3946 1529 3982 excusans
1554 3932 1597 3981 din
1617 3933 1721 3983 dilatam

376 4006 562 4069 responsionem
580 4002 633 4066 (cir
651 4001 946 4073 111.p.db·b,deinoe
971 4004 1063 4065 pergit:
1092 4003 1181 4052 duaul
1201 4004 1242 4053 ioh
1267 4002 1334 4051 daun
1356 4003 1445 4052 atllahe
1470 4003 1559 4052 Reissn
1583 4005 1722 4054 verriclrteu

377 4078 494 4139 mdssen,
514 4073 630 4122 muniar
647 4073 710 4122 auch
729 4074 792 4122 nach
811 4075 943 4135 buraburg
961 4071 1013 4121 und
1031 4072 1153 4122 desselhst
1172 4074 1320 4138 vsrenlasst,
1340 4072 1396 4121 deas
1415 4072 1456 4121 die
1474 4066 1612 4121 Harmonir'r
1630 4073 1721 4124 Graece

378 4150 402 4194 et
420 4145 509 4193 Latina
525 4143 645 4204 gedruelrt
662 4142 750 4195 warda.
789 4143 854 4191 Bitte
873 4142 992 4192 dornhach
1010 4143 1058 4191 nir
1075 4144 1112 4192 sie
1130 4157 1160 4191 ru
1178 4143 1357 4192 dherarhiclreu
1379 4142 1430 4191 und
1449 4141 1497 4191 den
1515 4142 1626 4191 ordinem
1645 4158 1721 4193 anau·

378 4214 602 4278 cartomensis
620 4227 659 4261 am
677 4212 838 4261 rirnlichateu
857 4212 977 4273 gedruclrt
993 4212 1091 4261 werden
1108 4213 1214 4262 michte.

464 4284 512 4332 Die
529 4283 625 4332 Bilchar
642 4297 670 4332 eo
688 4283 731 4331 der
748 4282 814 4332 Harr
833 4283 958 4348 varlangt,
980 4282 1038 4331 sind
1054 4284 1126 4331 nicht
1142 4296 1171 4331 ιιι
1190 4282 1282 4333 dudan.
1317 4283 1398 4332 Wenn
1417 4283 1450 4332 Er
1467 4283 1601 4346 sphaeram
1619 4284 1648 4334 ll.
1667 4284 1722 4333 Ab·

378 4355 461 4403 raham
480 4353 595 4416 Hispani,
614 4354 661 4403 ulli
680 4352 764 4417 Chala,
782 4366 831 4401 ron
841 4352 940 4403 Osrseld
954 4352 1163 4402 Schrechanibche
1182 4354 1291 4415 rertiert,
1310 4354 1374 4403 euch
1390 4367 1439 4403 rou
1451 4354 1509 4405 San.
1521 4350 1636 4404 Mbuster
1653 4350 1723 4417 (aber

379 4425 417 4474 nit
435 4437 485 4472 ron
503 4424 622 4491 Schonar)
640 4424 705 4489 sill,
723 4436 751 4471 so
769 4423 918 4473 bberscblck
934 4423 974 4470 lch
993 4423 1044 4472 lure
1062 4423 1172 4473 solllche.

464 4493 518 4542 Bitt
532 4493 708 4542 lnsbesondere
731 4507 772 4540 um
791 4493 905 4541 Antrrort
927 4493 972 4541 eui
988 4492 1036 4541 den
1058 4493 1166 4555 nodum,
1192 4494 1235 4556 qul
1257 4495 1308 4554 jam
1331 4508 1346 4541 e
1376 4493 1461 4541 multis
1480 4493 1551 4541 annia
1569 4507 1608 4541 ue
1626 4492 1723 4556 iniquis

377 4562 458 4615 modia
474 4564 560 4627 torsit,
583 4577 674 4612 warum
696 4563 869 4611 Eratosthenes
895 4565 998 4624 eiusque
1025 4576 1143 4626 sequaces
1168 4563 1213 4611 nul
1236 4563 1325 4622 greum
1353 4564 1453 4611 coelesti
1478 4564 1504 4610 ln
1528 4563 1637 4611 maxima
1654 4565 1722 4625 perl-

377 4635 465 4699 phsrla
481 4634 569 4682 Terrae
588 4623 668 4682 stedia
686 4630 750 4697 700,
770 4632 878 4692 &regen
896 4633 1008 4681 uranus
1026 4634 1115 4694 Tyrius
1132 4633 1186 4681 und
1203 4632 1322 4682 Claudius
1341 4634 1497 4682 Ptolemaeus
1517 4646 1565 4681 nur
1582 4632 1633 4686 btltl
1650 4635 1723 4682 atui·

378 4705 467 4754 bulren
485 4701 537 4751 und
556 4717 604 4751 was
624 4705 657 4752 Ea
676 4703 754 4751 demit
772 4694 867 4752 rr'rtions
886 4704 1031 4765 quantitatis
1049 4703 1124 4752 stadii
1142 4705 1183 4752 thr
1199 4706 1255 4752 elne
1269 4702 1387 4764 ldeinunp
1404 4703 1457 4751 und
1471 4702 1634 4761 Galeqeuhslt
1651 4704 1723 4753 baba

466 4773 516 4821 Der
535 4770 621 4821 comet
637 4773 698 4821 wlrd
717 4773 773 4822 dem
791 4772 874 4822 Herrn
898 4773 947 4821 rial
965 4787 995 4821 zu
1013 4774 1076 4821 than
1093 4774 1188 4837 geben,
1215 4772 1257 4821 sed
1276 4784 1362 4822 omnes
1384 4774 1472 4835 majori
1491 4772 1614 4825 desiderio
1633 4787 1723 4824 uorem

378 4825 467 4901 Martis
484 4842 604 4891 theoriam
623 4856 637 4889 ι
656 4849 680 4891 ta
698 4848 869 4906 exspectamus
887 4855 989 4907 eamque
1008 4848 1122 4906 optamus
1140 4844 1206 4892 rotis
1224 4842 1263 4905 X
1282 4842 1343 4909 xii,
1363 4841 1448 4899 XXX

466 4913 585 4969 Daneben
603 4926 654 4965 rrae
671 4913 723 4963 Ima
740 4914 792 4967 iieb
809 4912 861 4963 und
880 4914 1016 4977 anpsnahar
1034 4919 1082 4965 stc
