3940 5856
415 297 478 405 eeo
1012 294 1158 447 appara

413 517 574 579 secundum
596 519 727 596 aliquam
749 525 965 600 proportionem
986 524 1184 599 quantitatum
1198 520 1330 599 ejusdem
1345 521 1460 601 generis
1474 522 1559 593 sumi,
1581 534 1649 579 cum
1664 528 1762 579 maren

413 608 470 665 uisi
493 609 523 664 in
546 610 742 683 quantitatum
765 611 1033 686 comparationibus
1057 610 1226 669 harmoniae
1248 613 1345 670 inesse
1367 625 1426 669 uon
1448 609 1572 683 possint

502 692 589 768 Quod
612 711 681 755 nero
705 699 767 755 toni
790 697 947 757 musicales
969 707 1174 772 comparantur
1195 697 1349 757 affectibus
1371 706 1402 756 ct
1422 695 1553 754 moribus
1575 692 1709 772 publicis,
1733 692 1763 751 id

414 780 530 840 ostendi
552 787 677 842 maxime
700 785 833 845 naturale
856 802 921 844 esse
943 793 973 845 et
995 784 1102 845 habere
1125 785 1244 844 modum
1267 800 1390 860 causam
1414 784 1466 841 nbi
1489 786 1644 841 occasione
1666 789 1763 841 textus

414 868 586 928 Ptolemaioi
616 868 725 928 adduxi
754 871 997 949 philosophorum
1024 874 1172 931 variorum
1194 873 1304 949 placita
1333 872 1371 931 de
1391 872 1568 946 cognatione
1590 868 1762 940 animorum,

414 972 599 1016 numerorum
622 965 652 1016 et
674 957 888 1018 harmoniarum
912 962 987 1019 luter
1009 976 1050 1033 se,
1074 962 1180 1036 quibus
1202 968 1232 1020 et
1254 959 1403 1036 epilogum
1425 960 1482 1017 mei
1496 956 1563 1015 libri
1577 955 1615 1015 V.
1631 956 1763 1031 adjunxi.

419 1043 458 1101 lit
481 1042 560 1118 quod
583 1048 755 1104 nominatim
779 1050 883 1106 attinet
906 1048 1027 1109 effectus
1049 1056 1184 1107 tonorum
1206 1049 1235 1105 in
1258 1047 1412 1121 movendis
1430 1046 1535 1104 animis
1559 1043 1763 1116 diversimode,

412 1129 493 1189 illam
523 1134 674 1190 materiam
704 1150 759 1209 ego
791 1134 960 1210 complexus
987 1153 1052 1193 snm
1080 1134 1221 1213 peculiari
1251 1135 1396 1211 csp.15
1425 1133 1492 1192 libri
1519 1134 1577 1190 mei
1608 1128 1661 1189 111.
1712 1130 1762 1190 Sic

411 1217 493 1294 qnod
515 1221 620 1277 attinet
645 1221 791 1296 justitiam
814 1225 1054 1281 commutativam
1077 1222 1354 1324 distributivamque
1383 1227 1412 1280 et
1433 1220 1591 1279 amicitiam
1621 1226 1651 1277 et
1672 1234 1762 1277 neco·

412 1308 531 1364 nomina
552 1314 641 1381 atque
663 1307 799 1384 politica,
830 1309 867 1368 de
890 1311 946 1369 hac
969 1312 1106 1383 materia,
1138 1320 1284 1384 quatenns
1307 1311 1335 1367 in
1360 1309 1396 1368 iis
1418 1307 1539 1367 valeant
1560 1306 1763 1384 proportiones

412 1394 558 1471 musicae,
584 1393 639 1453 leci
668 1395 877 1469 digressionem
910 1400 939 1455 in
968 1396 1025 1457 line
1051 1401 1110 1458 mei
1139 1397 1191 1456 lib.
1221 1397 1276 1456 ιιι.
1321 1392 1457 1470 Denique
1485 1395 1637 1457 maasiam
1667 1395 1762 1469 ipsam

412 1483 566 1557 praemissi
594 1482 657 1557 jam
685 1485 790 1559 capitis
821 1486 849 1543 3.
874 1491 904 1544 et
925 1486 962 1557 4,
995 1493 1024 1544 et
1046 1502 1122 1561 quae
1155 1483 1191 1544 de
1216 1486 1249 1559 5,
1283 1486 1317 1558 6,
1353 1486 1380 1541 i.
1411 1485 1442 1541 in
1468 1498 1575 1558 gauere
1606 1495 1677 1540 vers
1704 1480 1762 1541 dlci

411 1562 584 1644 potue'ruut,
614 1569 785 1645 complexus
814 1588 870 1647 ego
899 1588 964 1630 sum
995 1575 1088 1633 tubus
1116 1574 1217 1648 primis
1245 1579 1275 1632 et
1296 1586 1409 1631 rnrsnm
1438 1571 1561 1645 septimo
1584 1571 1681 1644 capite
1704 1570 1761 1627 mei

413 1656 479 1713 libri
509 1654 568 1727 IV,
605 1655 655 1714 nbi
684 1657 830 1733 explicata
869 1661 1031 1719 animorum
1062 1668 1168 1719 natura
1199 1657 1330 1732 ostendi,
1369 1655 1608 1734 qnandoquidem
1636 1657 1762 1733 circulus

412 1744 587 1819 geometrice
610 1752 706 1802 sectus
729 1762 782 1821 per
802 1747 1019 1824 inscriptionem
1044 1746 1202 1824 figurarum
1217 1746 1380 1823 planarum,
1405 1744 1621 1822 comparatione
1636 1746 1762 1819 partium

413 1847 479 1889 cum
502 1837 583 1904 toto,
616 1831 737 1891 deliniat
758 1850 826 1892 vere
850 1842 879 1893 et
899 1837 1016 1912 proprie
1038 1836 1240 1912 proportiones
1264 1834 1464 1905 harmoniam,
1493 1834 1521 1888 iu
1546 1832 1651 1891 animis
1673 1832 1762 1906 igitur

413 1916 564 1978 essentiali
586 1918 714 1992 quadam
745 1923 858 1980 ratione
881 1923 975 1982 inesse
1001 1922 1140 1982 circulum
1167 1921 1326 1980 lormaliter
1349 1928 1378 1979 et
1400 1920 1546 1980 abstracte
1574 1932 1633 1976 nou
1656 1935 1675 1977 a
1698 1934 1762 1977 ma-

413 2007 486 2064 teria
508 2013 637 2079 tantum,
671 2006 723 2066 sed
747 2010 835 2067 etiam
866 2010 904 2068 ab
927 2013 992 2085 ipsa
1015 2006 1232 2085 quodammodo
1260 2008 1424 2084 quantitate
1454 2004 1642 2065 materialiter
1664 2007 1763 2064 consi·

412 2092 529 2168 derata,
563 2109 653 2169 quare
683 2111 748 2153 cnm
779 2096 886 2155 circulo
910 2099 1006 2156 inesse
1037 2100 1067 2155 in
1090 2098 1195 2156 animis
1214 2104 1252 2156 'et
1274 2096 1457 2167 harmonias,
1486 2102 1517 2156 et
1543 2093 1619 2153 hanc
1642 2108 1763 2153 causam

416 2196 496 2255 esse,
529 2196 580 2240 cnr
609 2183 698 2240 animi
727 2192 903 2242 moveantur
928 2185 1102 2259 harmoniis,
1133 2182 1185 2243 sed
1214 2183 1288 2244 haeo
1317 2184 1415 2242 omnia
1442 2184 1474 2241 iu
1502 2197 1608 2256 genere
1638 2186 1761 2255 tantum,

412 2267 494 2327 nulla
517 2277 715 2344 consequente
738 2272 909 2331 causatione
931 2272 1146 2332 distributionis
1169 2272 1292 2331 animi
1284 2289 1313 2330 ιιι
1336 2270 1491 2330 facultates
1515 2266 1668 2344 speciales.
1712 2267 1763 2328 Sic

412 2357 500 2431 igitur
522 2355 613 2415 habet
634 2373 680 2415 res
702 2373 769 2416 cum
792 2360 897 2417 animis
920 2360 1065 2421 humanis

499 2440 586 2516 Quod
605 2445 752 2504 motiones
781 2444 922 2505 coelestes
944 2449 1062 2518 attinet,
1092 2444 1279 2506 Ptolemaeus
1308 2443 1375 2504 librl
1397 2447 1443 2503 sni
1465 2443 1521 2507 ιιι.
1545 2458 1609 2519 cap.
1635 2443 1654 2500 8
1677 2458 1760 2501 eom

412 2536 497 2606 psrat
518 2529 671 2590 zodiacum
694 2549 759 2591 cum
782 2541 941 2610 systemate
963 2550 1016 2593 sen
1038 2533 1118 2591 scala
1134 2535 1261 2607 musica3
1284 2536 1379 2609 capite
1403 2534 1432 2590 9.
1455 2530 1663 2590 consonantias
1678 2532 1759 2606 ipsas

413 2634 478 2675 cnm
501 2619 669 2694 aspectibus
692 2618 885 2697 planetamm.
929 2620 987 2679 Hic
1018 2618 1133 2680 ostendi
1155 2638 1227 2695 ego,
1256 2619 1363 2696 quibus
1385 2621 1414 2676 in
1437 2619 1568 2695 partibus
1591 2634 1696 2676 manca
1718 2618 1759 2677 sit

413 2702 545 2764 decidua
573 2705 608 2763 ds
635 2708 803 2783 aspectibus
831 2706 909 2784 apud
932 2708 1152 2781 Ptolemaeum,
1182 2715 1212 2766 et
1239 2706 1386 2783 quomodo
1415 2706 1608 2781 integratione
1637 2708 1759 2777 numeri,

412 2790 480 2850 hinc
502 2800 689 2870 aspectuum,
721 2793 789 2854 inde
812 2798 1082 2867 consonantiarum,
1097 2802 1255 2872 ·appareat
1276 2793 1394 2853 tandem
1416 2792 1557 2852 naturalis
1581 2800 1610 2852 ct
1632 2792 1760 2851 causalis

412 2877 515 2938 harum
537 2897 632 2941 rerum
654 2884 806 2943 connexio.
851 2884 904 2942 Est
925 2890 1024 2943 antem
1047 2883 1121 2943 haec
1142 2884 1271 2959 genuina
1292 2881 1414 2940 materia
1435 2882 1494 2940 mei
1515 2879 1583 2939 librl
1596 2879 1650 2941 IV.
1671 2894 1760 2957 prae·

412 2968 511 3026 sertim
534 2984 597 3044 cap.
622 2971 657 3040 4,
683 2971 716 3040 5,
741 2972 784 3036 6.

500 3054 603 3133 Capite
624 3050 678 3116 ἰ’0.
701 3056 889 3117 Ptolemaeus
912 3075 948 3119 ex
970 3065 1052 3117 motu
1073 3055 1211 3131 planetae
1234 3055 1272 3114 ab
1288 3061 1354 3113 ortu
1375 3056 1405 3111 in
1422 3069 1557 3114 occasum
1578 3054 1650 3113 lacit
1665 3070 1761 3128 quau·

415 3140 483 3200 dam
504 3141 679 3211 melodiam,
709 3161 772 3221 cap.
799 3148 847 3203 ll.
880 3163 917 3205 ex
938 3154 1019 3205 motu
1042 3160 1113 3205 vero
1136 3143 1318 3221 planetarum
1345 3143 1377 3200 in
1403 3141 1494 3201 altum
1526 3149 1556 3200 et
1585 3141 1760 3217 profundum

412 3230 484 3288 tacit
505 3246 613 3306 genera
636 3238 752 3304 cantus,
777 3248 841 3309 cap.
868 3235 917 3290 12.
941 3251 977 3293 er
999 3240 1081 3292 motu
1102 3234 1132 3291 ln
1156 3230 1250 3290 latera
1271 3233 1439 3305 sequuturis
1467 3230 1537 3288 lacit
1562 3228 1760 3288 diversitatem

413 3324 548 3376 tonorum
570 3319 763 3392 musicalium,
787 3335 851 3396 cap.
878 3321 926 3378 13.
950 3338 986 3380 ex
1009 3321 1098 3379 variis
1120 3318 1398 3394 configurationibus
1413 3316 1596 3392 planetarum
1609 3332 1674 3375 cum
1691 3315 1760 3377 Sole

412 3404 484 3463 lacit
512 3407 595 3464 vadis
624 3408 793 3482 systematis
816 3407 1010 3466 tetrachorda
1055 3407 1090 3466 lu
1112 3406 1158 3465 his
1178 3408 1200 3463 '4
1224 3405 1369 3480 capitibus
1394 3404 1522 3477 ostendi,
1554 3402 1757 3464 Ptolemaeum

413 3491 560 3552 luxuriare
582 3495 720 3553 exarchis
743 3493 930 3570 comparandi
952 3498 1068 3572 poetico
1091 3492 1139 3554 vel
1162 3495 1306 3566 oratorio,
1337 3508 1404 3551 cnm
1426 3508 1476 3564 ea,
1499 3506 1575 3567 quse
1598 3498 1757 3569 comparat,

367 3622 373 3633 ,
413 3596 472 3638 non
495 3582 605 3651 sintin
628 3580 711 3641 coelo
732 3581 833 3656 realia,
857 3590 980 3662 excepta
1002 3580 1146 3659 particula
1168 3597 1232 3658 cap.
1260 3583 1314 3652 il,
1338 3596 1424 3654 quam
1447 3577 1484 3637 ad
1504 3579 1559 3637 tria
1583 3578 1685 3637 ultima
1707 3595 1758 3638 ca·

411 3669 475 3743 pita
497 3665 534 3725 ad
557 3669 761 3744 cognationem
783 3670 922 3729 materiae
944 3668 1013 3729 volo
1037 3669 1183 3744 rejectam.
1228 3664 1351 3725 Ostendi
1374 3669 1479 3739 etiam,
1511 3665 1559 3726 hic
1581 3668 1688 3742 partim
1711 3668 1758 3723 in-

414 3755 624 3830 comparabilia
645 3774 822 3834 comparare,
845 3757 1022 3818 reclamante
1044 3761 1276 3833 comparatorum
1297 3761 1411 3825 natura,
1434 3755 1550 3832 partlm,
1572 3770 1648 3829 qnae
1663 3754 1760 3812 omni·

412 3843 469 3900 bue
495 3843 632 3902 membris
661 3843 846 3921 respondent,
875 3844 1070 3904 accidentaria
1099 3842 1220 3913 saltem,
1249 3859 1308 3900 non
1332 3857 1401 3901 vero
1429 3848 1465 3901 ex
1495 3840 1621 3917 micujns
1652 3857 1759 3901 causam

414 3932 590 3992 necessitate
613 3931 780 3991 cohaerere
826 3931 979 3992 Hactenus
1002 3933 1090 4008 igitur
1111 3929 1185 3988 nibil
1205 3929 1255 3990 vel
1269 3945 1383 4007 parum,
1406 3927 1485 4004 qnod
1508 3944 1575 3988 cnm
1594 3930 1668 3988 mels
1691 3928 1761 3987 har·

413 4019 519 4076 moniis
542 4016 718 4078 coelestibus
741 4022 907 4079 conveniat.

501 4102 1582 4184 Atverosequenscap.14.Ptolemaeiproponltinquirerejacto
1603 4119 1677 4177 quoe
1698 4118 1761 4159 ιιιι-

412 4209 509 4251 meros
535 4196 653 4266 ριιιιιοι
679 4198 857 4269 comparari
880 4196 998 4269 possint
1027 4208 1092 4250 son
1121 4193 1288 4267 mactastis
1324 4206 1377 4249 aas
1403 4190 1503 4249 scalam
1530 4191 1664 4248 nummos
1691 4206 1760 4247 carn

412 4280 547 4354 sphaeris
574 4284 685 4355 primia
711 4284 747 4339 ιιι
776 4288 932 4357 systemate
956 4280 1141 4356 planetaria.
1185 4277 1244 4337 Hic
1271 4293 1326 4352 ego
1355 4275 1483 4349 ostendi,
1513 4277 1761 4353 comparationem

414 4365 585 4427 Ptolemaeo
609 4376 639 4427 et
661 4368 867 4445 Pythagoricis
890 4370 921 4427 in
942 4385 997 4427 sus
1019 4366 1129 4425 usitata
1143 4366 1324 4424 mnenomia
1343 4365 1435 4423 inisse
1452 4362 1671 4441 impossibilem,
1693 4362 1763 4422 licet

414 4457 588 4515 tentaverim
610 4454 722 4530 aliquid
745 4457 895 4533 principiis
916 4452 1104 4513 Ptolemalcis
1127 4459 1354 4512 consentaneum
1377 4450 1572 4526 comminisci,
1603 4457 1638 4510 ut
1658 4452 1701 4511 ita
1722 4452 1762 4509 ti·

414 4544 477 4602 tulo
498 4541 578 4602 nudo
606 4558 677 4601 suus
700 4550 853 4603 contextus
875 4541 1056 4602 subderetur.
1102 4538 1225 4601 Ostendi
1255 4541 1358 4613 etiam,
1388 4555 1453 4598 cnm
1476 4541 1589 4614 primae
1619 4538 1762 4616 sphaerae

414 4630 629 4706 quantitatibus
651 4633 712 4689 suis
735 4638 877 4703 constent,
900 4646 958 4688 non
982 4630 1077 4687 minus
1093 4644 1182 4704 quam
1197 4625 1323 4688 chordae
1337 4628 1399 4686 anis
1413 4625 1655 4702 longitudinibus,
1672 4641 1762 4703 opor·

343 4750 346 4757 ·
413 4720 506 4776 tuisse
537 4720 785 4794 comparationem
817 4715 979 4779 secundnm
1010 4718 1189 4792 quantitates
1223 4715 1350 4786 institui,
1384 4730 1451 4773 eum
1483 4721 1581 4774 mmsn
1611 4714 1762 4791 proportio

414 4803 603 4882 sphaerarum
618 4823 637 4865 a
649 4806 839 4883 proportione
852 4804 1025 4867 chordarum
1040 4804 1264 4865 consonantium
1278 4802 1435 4881 plurimum
1449 4802 1616 4863 abhorreat.
1654 4801 1763 4862 Emeu-
