3840 5854
321 490 326 505 ι
394 414 436 474 di
770 407 914 481 Epistolee
931 406 1044 480 liaplori
1062 409 1231 482 aliorumque
1248 415 1359 468 mutuae

395 587 503 650 Tendit
524 593 624 649 autem
647 587 786 650 circulum
809 586 928 649 durities
950 591 1104 665 materiae,
1134 596 1245 651 rectam
1271 608 1341 651 vero
1365 588 1518 666 chordam,
1549 591 1664 652 etiamn
1688 607 1746 651 non

290 675 295 683 ’
396 679 439 736 ita
461 675 535 736 dura
557 677 609 749 sit,
632 675 685 737 sed
706 675 841 737 flexibilis
864 693 1114 752 quaquaversum,
1145 676 1239 739 tendit
1261 681 1389 755 capitum
1412 677 1542 738 violenta
1564 678 1693 738 diductio
1717 681 1747 737 in

394 763 501 841 plagas
523 765 683 841 oppositas.
729 763 773 824 Sit
795 780 864 841 ergo
888 763 1012 824 circulus
1035 763 1141 848 aliquis
1164 765 1417 842 aequabilissimus
1441 783 1477 827 ex
1498 765 1595 826 solido
1617 767 1747 841 metallo,

395 854 535 924 tinniens,
566 854 616 926 qni
642 867 700 910 non
728 857 843 910 tautum
866 851 897 910 ln
920 868 978 911 uno
1001 853 1086 929 signo
1109 853 1238 914 firmatus
1261 856 1374 929 tinniat,
1398 852 1450 914 sed
1473 856 1561 913 etiam
1583 855 1609 913 si
1632 853 1748 915 duobus

334 946 338 965 ¹
395 943 487 1018 signis
510 939 624 1016 ligatur,
649 937 762 999 divisus
785 939 815 996 in
837 941 987 1015 portiones
1010 939 1094 1015 duas,
1117 942 1223 1002 tinniat
1243 940 1346 1018 pulsus
1368 941 1406 1000 ab
1429 948 1552 1017 unaque
1573 948 1666 1018 parte.
1763 986 1765 993 .

503 1059 712 1119 Axiomata.
757 1059 781 1118 Ι.
815 1059 888 1119 Pars
919 1059 1017 1120 circuli
1044 1062 1161 1122 brevior
1189 1062 1312 1125 celerius
1340 1070 1474 1123 movetur
1502 1062 1644 1140 apulsa,
1676 1064 1748 1140 quia

397 1150 492 1208 tensio
515 1148 655 1225 maJ'orem
680 1146 771 1206 habet
791 1149 1011 1225 proportionem
1033 1148 1072 1208 ad
1093 1157 1206 1227 partem
1224 1152 1396 1225 breviorem,
1420 1168 1508 1227 quam
1523 1150 1561 1210 ad
1576 1150 1746 1227 longiorem.

396 1235 524 1296 Celerior
551 1242 650 1295 autem
676 1242 773 1294 motus
804 1252 910 1295 sonum
941 1236 1031 1296 habet
1060 1239 1228 1298 acutiorem.
1280 1237 1384 1298 Brevis
1408 1240 1507 1315 itaque
1529 1256 1597 1315 pars
1619 1248 1746 1315 acutum,

394 1322 485 1402 longa
506 1341 626 1402 gravem
649 1321 701 1383 dat
723 1340 838 1397 sonum,
862 1332 891 1384 et
912 1330 1009 1402 partes
1032 1325 1170 1402 aequales
1193 1325 1347 1403 aequalem
1370 1325 1441 1387 dant
1460 1344 1575 1386 sonum.

503 1429 543 1489 IL
566 1429 639 1489 Pars
663 1427 763 1488 circuli
784 1427 926 1505 aliquota,
951 1446 1029 1505 quae
1049 1448 1068 1489 a
1090 1430 1160 1492 dato
1182 1430 1281 1492 circuli
1303 1439 1412 1508 puncto
1435 1433 1552 1508 incepta
1572 1432 1747 1507 geometrice

361 1580 363 1589 ,
396 1518 530 1593 inveniri,
562 1516 754 1576 demonstrari
783 1523 813 1576 et
843 1518 983 1575 constitui
1010 1526 1123 1595 potest,
1147 1525 1289 1580 consonat
1311 1537 1376 1580 cum
1400 1527 1472 1579 toto.
1518 1519 1556 1578 Et
1576 1526 1675 1595 partes
1699 1518 1747 1578 vel

396 1605 537 1680 chordae,
572 1622 648 1682 quae
671 1602 799 1663 suntad
822 1604 946 1663 inuicem
969 1611 1002 1663 ιιι
1022 1613 1102 1666 totus
1125 1606 1249 1667 cuculus
1280 1613 1309 1667 et
1336 1608 1400 1683 ejus
1427 1606 1560 1683 aliquota
1589 1624 1672 1683 pars,
1704 1607 1747 1666 sie

396 1694 573 1773 geometrice
597 1690 840 1767 demonstrabilis,
863 1692 996 1752 similiter
1017 1695 1092 1754 inter
1113 1712 1145 1755 ee
1168 1702 1340 1755 consonant

504 1795 561 1860 III.
585 1795 723 1855 Vicissim
739 1812 808 1873 pars
831 1793 930 1855 circuli
945 1795 1085 1874 aliquota,
1109 1816 1185 1876 quas
1200 1803 1239 1859 sit
1253 1796 1478 1880 dyaupaqucoa,
1501 1796 1747 1858 demonstratione

397 1903 499 1947 carens
533 1891 648 1961 suapte·
670 1892 787 1958 natura,
820 1881 953 1943 dissonat
982 1901 1008 1942 a
1030 1893 1092 1947 toto
1125 1888 1243 1947 circulo.
1287 1887 1326 1965 Et
1356 1891 1399 1947 sic
1431 1889 1519 1946 etiam
1553 1903 1746 1962 quaecunque

396 1971 594 2052 longitudines
616 1988 740 2031 sonorae
763 1972 793 2029 in
815 1971 869 2030 tali
889 1975 1076 2049 proportione
1098 1974 1137 2035 ad
1159 1992 1192 2036 se
1214 1980 1316 2034 mutuo
1339 1976 1525 2036 constitutas.

504 2076 588 2137 Haec
610 2074 669 2135 duo
693 2075 843 2135 axiomata
864 2078 1013 2136 insinuaut
1033 2078 1119 2138 nobis
1149 2072 1350 2139 admirabilem
1372 2094 1492 2138 causam
1513 2077 1745 2137 harmoniarum:

397 2174 431 2226 ut
454 2163 593 2242 quicquid
616 2165 646 2221 in
667 2164 828 2239 geometria
850 2166 984 2239 congruit
1010 2166 1171 2240 abstracte,
1204 2174 1345 2244 congruat
1371 2168 1459 2226 edam
1486 2167 1516 2222 in
1540 2172 1689 2238 concreto,
1722 2166 1747 2223 si

344 2262 348 2271 “
398 2255 575 2313 materiatur.
628 2251 676 2310 Ita
702 2250 766 2324 fiet,
797 2258 830 2309 ut
860 2252 1021 2327 geometria
1048 2255 1087 2312 sit
1114 2253 1291 2332 archetypus
1321 2253 1435 2327 mundi,
1468 2251 1547 2329 qnod
1578 2255 1666 2314 etiam
1695 2268 1746 2328 per

397 2342 506 2419 figurae
528 2338 648 2413 solidas,
671 2340 799 2415 quinqua
823 2355 945 2414 corpora
967 2337 1069 2414 dictas,
1093 2340 1122 2398 iri
1146 2342 1375 2401 conformatione
1388 2342 1584 2419 proportionis
1600 2340 1746 2400 coelorum

400 2428 630 2489 demonstratum
651 2433 698 2485 est
718 2443 738 2484 a
758 2442 805 2485 me
826 2422 858 2483 in
886 2443 953 2486 meo
974 2426 1137 2488 Prodromo
1167 2447 1220 2489 ssu
1242 2428 1384 2506 Mysterio
1408 2428 1665 2505 cosmographias
1710 2427 1748 2485 Et

288 2581 291 2589 ,
400 2533 467 2577 cum
489 2515 667 2593 geometrica
687 2514 767 2573 entia
788 2514 818 2570 in
840 2521 937 2574 mente
958 2515 1128 2590 subsistant,
1151 2504 1219 2577 suut
1242 2518 1330 2593 igitur
1351 2517 1409 2575 duo
1433 2525 1595 2576 coaeterna
1635 2514 1747 2574 Arche·

400 2612 489 2683 typus
510 2603 599 2679 igitur
620 2599 721 2660 muudi
745 2605 879 2661 aeternus
902 2607 931 2661 et
953 2618 1029 2678 qnae
1052 2602 1112 2663 alia
1123 2605 1292 2676 mirabilia,
1315 2607 1420 2680 partim
1442 2611 1472 2663 et
1493 2602 1656 2680 paradoxa,
1678 2600 1747 2661 iude

401 2692 511 2753 exstrui
540 2695 673 2766 possunt.
718 2687 849 2765 Cumque
871 2687 1001 2749 infinitae
1031 2692 1090 2749 sint
1115 2699 1212 2767 partes
1243 2691 1342 2751 circuli
1371 2690 1626 2764 demonstrabiles,
1654 2690 1747 2749 tribus

401 2778 550 2839 ordinibus
565 2781 733 2853 surgentes:
756 2776 926 2850 bisectione,
943 2779 1117 2853 trisectione,
1135 2780 1355 2856 quinisectione,
1376 2778 1498 2856 singulis
1514 2797 1566 2857 per
1580 2779 1747 2838 continuam

289 2927 294 2935 ,
338 2882 341 2897 ·
399 2868 592 2927 bisectionem
623 2866 654 2922 iu
684 2861 827 2922 infinitum
856 2865 1046 2941 abeuntibus,
1078 2865 1208 2926 infinitae
1238 2869 1327 2926 etiam
1355 2865 1426 2926 fient
1448 2865 1672 2927 concordantiae
1693 2881 1746 2941 per

400 2962 522 3015 octavas
549 2970 602 3013 seu
630 2957 785 3013 dmuuuos
811 2959 1009 3027 propagatas3
1042 2959 1075 3012 ιιι
1100 2955 1175 3013 ratio
1204 2954 1278 3014 haec
1306 2956 1345 3012 sit
1374 2954 1542 3014 certissima.
1586 2950 1654 3014 Una
1682 2951 1749 3012 sola

399 3043 540 3102 instantia
568 3040 687 3100 affamur
715 3055 767 3115 par
798 3037 1063 3116 quindecangulum
1094 3058 1148 3102 seu
1175 3050 1287 3118 partem
1316 3040 1415 3100 circuli
1443 3041 1584 3101 decimam
1607 3041 1747 3118 quintam,

401 3148 477 3208 quae
509 3128 578 3188 licet
605 3127 781 3203 geometrica
813 3128 1022 3202 constituatur,
1054 3145 1112 3189 nou
1146 3138 1288 3189 consonat
1315 3136 1412 3190 tamen
1442 3145 1507 3189 cum
1538 3129 1655 3188 circulo.
1701 3126 1748 3186 Ad

400 3215 572 3278 solvendam
604 3216 693 3291 igitur
725 3212 801 3272 hauc
834 3211 1027 3289 objectionem
1060 3215 1257 3277 consideretur
1291 3216 1396 3275 modus
1430 3216 1686 3276 demonstrationis
1720 3221 1750 3275 et

400 3301 628 3383 quindeoenguli
656 3307 687 3361 st
719 3308 879 3361 ceterorum
910 3302 1048 3363 omnium.
1104 3305 1267 3382 Apparebit
1297 3306 1530 3381 quiuisectionis,
1565 3298 1748 3376 tiisectiouis,

399 3393 571 3452 bisectionis
593 3389 673 3466 leges
696 3403 761 3447 asse
782 3391 931 3464 proprias,
948 3390 1121 3466 ‘cujuslibet
1148 3394 1178 3449 in
1208 3410 1262 3451 suo
1286 3390 1387 3451 ordine
1408 3393 1439 3449 iu
1461 3391 1621 3465 inlinitum,
1652 3394 1695 3450 sic
1717 3395 1749 3448 ιιι

305 3500 308 3509 ’
400 3488 515 3557 praeter
543 3480 748 3550 hisandonem,
781 3476 916 3535 omnibus
945 3478 1036 3538 tribus
1067 3478 1218 3539 ordinibus
1248 3497 1444 3553 communem,
1477 3478 1550 3537 nihil
1581 3486 1749 3538 extraneum

400 3567 589 3645 ingrediatur.
632 3564 708 3624 Nam
739 3563 864 3623 maurus
892 3565 921 3621 in
952 3564 1010 3625 duo
1037 3575 1152 3625 secatur
1174 3566 1262 3627 ducta
1291 3565 1431 3627 diametro
1455 3565 1513 3625 ΑΗ
1535 3583 1588 3642 per
1610 3574 1748 3625 canuam.

925 3651 963 3711 Et
984 3652 1087 3713 exinde
1111 3657 1205 3715 omnis
1226 3671 1310 3715 arcus
1332 3657 1362 3712 in
1385 3653 1443 3713 duo
1465 3662 1588 3727 secatur,
1612 3652 1700 3711 ducta
1713 3668 1750 3712 ex

922 3748 1020 3801 centro
1053 3749 1133 3801 recta
1163 3744 1194 3800 iu
1227 3741 1397 3803 subtensam
1430 3739 1670 3818 perpendiculari.
1714 3737 1748 3797 lu

850 3863 874 3914 0
921 3845 974 3888 ser
996 3845 1066 3890 vero
1089 3838 1203 3895 secatur
1218 3828 1343 3889 circulus
1361 3828 1509 3906 applicata
1534 3827 1749 3888 semidiametro

920 3914 976 3974 Ar.
1008 3915 1046 3975 ad
1078 3917 1337 3977 circumferentiam
1367 3919 1446 3976 lnA
1475 3924 1505 3977 et
1525 3916 1561 3975 B.
1613 3912 1697 3975 Unde
1721 3920 1750 3973 et

920 4021 989 4080 pars
1010 4006 1097 4064 tertia
1116 4014 1146 4064 et
1160 4004 1334 4066 duodecima
1352 4012 1383 4065 et
1397 4007 1465 4071 242
1485 4012 1539 4064 etc.
1561 4008 1749 4079 propagatur.

793 4163 799 4178 ,
921 4091 970 4151 Sic
984 4092 1107 4152 circulus
1121 4096 1151 4151 iu
1170 4094 1208 4151 10
1224 4100 1338 4152 secatur
1352 4094 1411 4152 sic:
1434 4092 1592 4169 quadratur
1610 4088 1750 4149 semidia-

920 4187 1013 4240 meter
1043 4178 1108 4253 AL,
1146 4187 1179 4239 ut
1208 4180 1271 4258 ejus
1302 4178 1476 4257 quadratum
1510 4181 1549 4238 sit
1576 4176 1634 4252 AI,
1672 4173 1750 4254 quod

921 4273 1037 4327 secetur
1061 4265 1204 4343 parallels
1231 4266 1296 4326 MN
1325 4268 1382 4347 sic,
1412 4274 1446 4326 ut
1474 4265 1593 4343 planum
1617 4264 1672 4324 AN
1699 4262 1752 4322 fiat

922 4351 1046 4432 aequale
1077 4353 1219 4431 quadrato
1250 4354 1368 4430 majoris
1400 4356 1490 4431 partis
1520 4352 1587 4412 ML
1616 4350 1665 4412 vel
1693 4349 1751 4425 Nl,

924 4440 1003 4523 quod
1025 4442 1064 4500 sit
1085 4439 1143 4501 10.
1186 4440 1222 4500 ld
1244 4448 1343 4502 autem
1364 4442 1540 4518 geometrice
1561 4439 1624 4498 fieri
1644 4444 1751 4515 potest,

404 4538 438 4591 nt
460 4530 580 4594 docetur
601 4532 675 4594 libro
697 4534 739 4596 Π.
762 4535 901 4599 Euclida.
955 4530 1039 4588 Tunc
1061 4536 1106 4589 est
1128 4526 1182 4588 AL
1204 4537 1267 4590 tots
1288 4528 1326 4588 ad
1348 4527 1406 4589 ΒΜ
1436 4528 1531 4605 majus
1560 4534 1751 4603 segmentum,

403 4626 438 4678 ut
459 4620 517 4679 int
538 4621 577 4681 ad
599 4621 660 4682 MA
683 4623 840 4684 residuum.
893 4619 987 4697 Igitur
1008 4614 1067 4674 le
1089 4615 1239 4693 applicata
1266 4615 1305 4676 ad
1333 4616 1591 4677 circumierantiam
1613 4610 1753 4674 rescindit

404 4716 516 4787 partem
548 4710 691 4771 decimam
721 4712 787 4772 ΑΚ.
833 4713 870 4772 lit
898 4708 955 4767 hac
983 4704 1230 4765 demonstratione
1258 4705 1362 4781 quinta
1391 4721 1473 4781 pars,
1506 4709 1539 4761 ut
1560 4709 1591 4763 et
1611 4701 1755 4761 vicesima

405 4805 435 4859 et
457 4805 571 4859 caterae
593 4815 695 4860 omnes
717 4802 941 4869 communicant·
995 4792 1173 4869 Habentque
1194 4791 1262 4853 inde
1284 4792 1412 4868 partium
1433 4808 1486 4851 seu
1507 4807 1627 4851 arcuum
1648 4788 1754 4849 horum

404 4888 561 4949 subtensas
583 4905 653 4949 suas
675 4887 715 4947 ad
737 4887 909 4953 diamenum
930 4882 1128 4960 aequationes.
